{"path_per_floor":["M","M","?","M","?","E","R","M","T","R","?","E","M","E","R","B",null,"M","?","M","?","M","R","E","T","T","M","E","?","R","M","R","B",null,"M","M"],"character_chosen":"IRONCLAD","items_purchased":[],"gold_per_floor":[110,122,122,142,142,204,204,214,239,239,262,295,308,335,335,434,434,449,449,467,467,483,483,516,516,516,536,562,661,661,679,679,775,775,787,806,806],"floor_reached":37,"campfire_rested":1,"playtime":2633,"item_purchase_floors":[],"current_hp_per_floor":[80,80,80,80,47,32,32,31,31,70,67,51,57,58,58,41,80,80,80,80,80,80,80,67,67,67,58,49,49,49,41,41,33,80,63,69,51],"items_purged":[],"gold":806,"score":454,"play_id":"44445989-c971-4fea-8bd1-cdf6ed0c9ccc","local_time":"20180626181000","daily_mods":["Draft"],"is_prod":false,"is_daily":false,"chose_seed":false,"is_ascension_mode":false,"campfire_upgraded":5,"win_rate":0,"timestamp":1530058200,"campfire_choices":[{"data":"Searing Blow","floor":7.0,"key":"SMITH"},{"floor":10.0,"key":"REST"},{"data":"Searing Blow+1","floor":15.0,"key":"SMITH"},{"data":"Searing Blow+3","floor":23.0,"key":"SMITH"},{"data":"Searing Blow+4","floor":30.0,"key":"SMITH"},{"data":"Searing Blow+5","floor":32.0,"key":"SMITH"}],"path_taken":["M","M","?","M","?","E","R","M","T","R","?","E","M","E","R","BOSS","M","?","?","?","M","R","E","?","T","M","E","?","R","M","R","BOSS","M","M","M"],"build_version":"2018-06-21","seed_source_timestamp":0,"purchased_purges":0,"circlet_count":0,"victory":false,"master_deck":["Shrug It Off","Dual Wield","Burning Pact","Burning Pact","Uppercut","Ghostly Armor","Warcry","Flex","Flex","Searing Blow+6","Shrug It Off","Thunderclap","Bash","Double Tap"],"max_hp_per_floor":[80,80,80,80,80,80,80,80,80,80,80,80,80,80,80,80,80,80,80,80,80,80,80,80,80,80,80,80,80,80,80,80,80,80,80,80,80],"special_seed":20635678,"relics":["Burning Blood","Art of War","Tiny Chest","Regal Pillow","Odd Mushroom","Happy Flower","Omamori","Busted Crown","Meat on the Bone","Pen Nib","Kunai","Question Card","Empty Cage"],"card_choices":[{"not_picked":["Sword Boomerang","Feel No Pain"],"picked":"Shrug It Off","floor":0.0},{"not_picked":["Body Slam","Flame Barrier"],"picked":"Dual Wield","floor":0.0},{"not_picked":["Entrench","Rupture"],"picked":"Burning Pact","floor":0.0},{"not_picked":["Iron Wave","Warcry"],"picked":"Flex","floor":0.0},{"not_picked":["Havoc","Clothesline"],"picked":"Twin Strike","floor":0.0},{"not_picked":["Body Slam","Anger"],"picked":"Burning Pact","floor":0.0},{"not_picked":["Heavy Blade","Second Wind"],"picked":"Flex","floor":0.0},{"not_picked":["Cleave","Blood for Blood"],"picked":"Uppercut","floor":0.0},{"not_picked":["Flex","Reckless Charge"],"picked":"Ghostly Armor","floor":0.0},{"not_picked":["Iron Wave","Battle Trance"],"picked":"Warcry","floor":0.0},{"not_picked":["Entrench","Sword Boomerang"],"picked":"Flex","floor":0.0},{"not_picked":["Corruption","Havoc"],"picked":"Flex","floor":0.0},{"not_picked":["Clothesline","Anger"],"picked":"Searing Blow","floor":0.0},{"not_picked":["Body Slam","Perfected Strike"],"picked":"Shrug It Off","floor":0.0},{"not_picked":["Flex","Corruption"],"picked":"Thunderclap","floor":0.0},{"not_picked":["True Grit","Rage","Bloodletting"],"picked":"SKIP","floor":1.0},{"not_picked":["Wild Strike","Twin Strike","Clothesline"],"picked":"SKIP","floor":2.0},{"not_picked":["Reckless Charge","Anger","Perfected Strike"],"picked":"SKIP","floor":4.0},{"not_picked":["Thunderclap","Bludgeon","Pummel"],"picked":"SKIP","floor":6.0},{"not_picked":["Rage","Pommel Strike","Warcry"],"picked":"SKIP","floor":8.0},{"not_picked":["Demon Form","True Grit","Ghostly Armor"],"picked":"SKIP","floor":12.0},{"not_picked":["Anger","Flex","Reckless Charge"],"picked":"SKIP","floor":13.0},{"not_picked":["Pommel Strike","Blood for Blood","Body Slam"],"picked":"SKIP","floor":14.0},{"not_picked":["Pummel"],"picked":"SKIP","floor":18.0},{"not_picked":["Anger+1"],"picked":"SKIP","floor":20.0},{"not_picked":["True Grit"],"picked":"SKIP","floor":22.0},{"not_picked":["Twin Strike"],"picked":"SKIP","floor":24.0},{"not_picked":["Twin Strike+1"],"picked":"SKIP","floor":27.0},{"not_picked":["Barricade"],"picked":"SKIP","floor":28.0},{"not_picked":["Sword Boomerang","True Grit"],"picked":"SKIP","floor":31.0},{"not_picked":["Exhume"],"picked":"Double Tap","floor":33},{"not_picked":["Twin Strike+1","Spot Weakness"],"picked":"SKIP","floor":35},{"not_picked":["Hemokinesis","Armaments+1"],"picked":"SKIP","floor":36}],"player_experience":399535,"potions_floor_usage":[33],"damage_taken":[{"damage":0.0,"enemies":"Small Slimes","floor":1.0,"turns":4.0},{"damage":0.0,"enemies":"2 Louse","floor":2.0,"turns":1.0},{"damage":6.0,"enemies":"Cultist","floor":4.0,"turns":3.0},{"damage":21.0,"enemies":"Lagavulin","floor":6.0,"turns":5.0},{"damage":7.0,"enemies":"Large Slime","floor":8.0,"turns":6.0},{"damage":9.0,"floor":11.0,"turns":4.0},{"damage":22.0,"enemies":"3 Sentries","floor":12.0,"turns":7.0},{"damage":0.0,"enemies":"Blue Slaver","floor":13.0,"turns":4.0},{"damage":5.0,"enemies":"Lagavulin","floor":14.0,"turns":5.0},{"damage":23.0,"enemies":"The Guardian","floor":16.0,"turns":8.0},{"damage":0.0,"enemies":"Shell Parasite","floor":18.0,"turns":3.0},{"damage":0.0,"enemies":"Spheric Guardian","floor":20.0,"turns":3.0},{"damage":6.0,"enemies":"3 Cultists","floor":22.0,"turns":5.0},{"damage":19.0,"enemies":"Slavers","floor":24.0,"turns":6.0},{"damage":15.0,"enemies":"Snecko","floor":27.0,"turns":4.0},{"damage":15.0,"enemies":"Book of Stabbing","floor":28.0,"turns":4.0},{"damage":26.0,"enemies":"Cultist and Chosen","floor":31.0,"turns":5.0},{"damage":35,"enemies":"Collector","floor":33,"turns":4},{"damage":23,"enemies":"3 Shapes","floor":35,"turns":7},{"damage":0,"enemies":"Orb Walker","floor":36,"turns":2},{"damage":18,"enemies":"4 Shapes","floor":37,"turns":2}],"relics_obtained":[{"floor":6.0,"key":"Tiny Chest"},{"floor":9.0,"key":"Regal Pillow"},{"floor":11.0,"key":"Odd Mushroom"},{"floor":12.0,"key":"Happy Flower"},{"floor":14.0,"key":"Omamori"},{"floor":24.0,"key":"Meat on the Bone"},{"floor":25.0,"key":"Pen Nib"},{"floor":26.0,"key":"Kunai"},{"floor":28.0,"key":"Question Card"}],"event_choices":[{"event_name":"Living Wall","player_choice":"Forget","floor":3.0,"damage_taken":0.0},{"event_name":"Scrap Ooze","player_choice":"success","floor":5.0,"damage_taken":33.0},{"event_name":"Mushrooms","player_choice":"Fought Mushrooms","floor":11.0,"damage_taken":0.0},{"event_name":"Upgrade Shrine","player_choice":"Upgraded","floor":19.0,"damage_taken":0.0},{"event_name":"Match and Keep!","player_choice":"1 cards matched","floor":21.0,"damage_taken":0.0},{"event_name":"Nest","player_choice":"Stole From Cult","floor":29.0,"damage_taken":0.0}],"boss_relics":[{"not_picked":["Calling Bell","Orrery"],"picked":"Busted Crown"},{"not_picked":["Snecko Eye","Tiny House"],"picked":"Empty Cage"}],"items_purged_floors":[],"is_endless":true,"potions_floor_spawned":[4,6,12,13,20,22,28,31,33,35],"seed_played":"5150793041635959724","killed_by":"4 Shapes","ascension_level":0,"potions_obtained":[{"floor":4.0,"key":"Dexterity Potion"},{"floor":6.0,"key":"Block Potion"},{"floor":12.0,"key":"Dexterity Potion"},{"floor":13.0,"key":"Block Potion"},{"floor":20.0,"key":"Dexterity Potion"},{"floor":22.0,"key":"Block Potion"},{"floor":28.0,"key":"Weak Potion"},{"floor":31.0,"key":"Regen Potion"},{"floor":33,"key":"Weak Potion"},{"floor":35,"key":"Regen Potion"}],"is_trial":true}