{"path_per_floor":["M","?","T","$","M","R","?","R","T","M","M","$","M","M","R","B",null,"M","?","M","?","?","R","$","M","T","M","?","M","R","M","R","B",null,"M","?","$","?","M","R","?","E","T","M","R","E","R","$","R","B"],"character_chosen":"IRONCLAD","items_purchased":["Inflame","Oddly Smooth Stone","Warcry","Havoc","Whirlwind","Uppercut"],"gold_per_floor":[209,209,284,173,192,192,192,192,217,236,260,160,179,193,193,313,313,336,336,352,267,267,267,32,55,55,70,70,83,83,99,99,220,220,235,235,110,0,21,21,21,55,135,159,159,194,194,88,88,88],"floor_reached":51,"campfire_rested":2,"playtime":4647,"current_hp_per_floor":[62,62,62,62,61,61,46,46,46,52,35,35,37,33,55,39,74,67,67,65,65,49,49,49,31,31,24,24,24,24,30,52,27,74,74,74,74,74,74,74,64,88,88,88,88,88,88,88,88,63],"items_purged":["Strike_R","Strike_R","Strike_R"],"gold":88,"score":853,"play_id":"df13a51b-5564-4efb-90eb-93d4dde88037","local_time":"20180401005253","is_prod":false,"is_daily":false,"is_ascension_mode":true,"campfire_upgraded":8,"timestamp":1522536773,"path_taken":["M","?","?","?","M","R","?","R","T","M","M","$","M","?","R","BOSS","M","?","?","?","?","R","$","?","T","M","?","M","R","?","R","BOSS","M","?","$","?","M","R","?","E","T","M","R","E","R","$","R","BOSS"],"build_version":"2018-03-29v2","purchased_purges":3,"victory":true,"master_deck":["Strike_R","Defend_R","Defend_R","Defend_R","Defend_R+1","Bash+1","Metallicize+1","Inflame+1","Demon Form+1","Iron Wave+1","Flex+1","Headbutt+1","Fiend Fire+1","Shrug It Off+1","Warcry+1","Havoc+1","Infernal Blade+1","Infernal Blade+1","Impervious+1","Armaments+1","Reaper","Heavy Blade+1","Enlightenment+1","Apotheosis+1","Dark Shackles+1","Flame Barrier+1","Heavy Blade+1","True Grit+1","Whirlwind+1","Uppercut"],"max_hp_per_floor":[80,74,74,74,74,74,74,74,74,74,74,74,74,74,74,74,74,74,74,74,74,74,74,74,74,74,74,74,74,74,74,74,74,74,74,74,74,74,74,74,74,88,88,88,88,88,88,88,88,88],"relics":["Burning Blood","Golden Idol","Self Forming Clay","Vajra","Mark of Pain","Toxic Egg 2","Enchiridion","Oddly Smooth Stone","Gambling Chip","Snecko Eye","Red Mask","Mango","Gremlin Horn","Pen Nib"],"card_choices":[{"not_picked":["Clothesline","Bloodletting"],"picked":"Metallicize","floor":1.0},{"not_picked":["Headbutt","Entrench"],"picked":"Demon Form","floor":10.0},{"not_picked":["Second Wind","Thunderclap"],"picked":"Iron Wave","floor":11.0},{"not_picked":["Clash","Heavy Blade"],"picked":"Flex","floor":13.0},{"not_picked":["Iron Wave","Hemokinesis"],"picked":"Headbutt","floor":14.0},{"not_picked":["Exhume","Impervious"],"picked":"Fiend Fire","floor":16.0},{"not_picked":["Shockwave","Perfected Strike"],"picked":"Shrug It Off","floor":20.0},{"not_picked":["Cleave","Carnage"],"picked":"Infernal Blade","floor":25.0},{"not_picked":["Spot Weakness","Fire Breathing"],"picked":"Infernal Blade","floor":27.0},{"not_picked":["Warcry","Bloodletting"],"picked":"Armaments","floor":31.0},{"not_picked":["Juggernaut","Demon Form"],"picked":"Reaper","floor":33.0},{"not_picked":["Anger","Sever Soul"],"picked":"Heavy Blade","floor":39},{"not_picked":["Finesse","Transmutation"],"picked":"Enlightenment","floor":41},{"not_picked":["Good Instincts","Purity"],"picked":"Apotheosis","floor":41},{"not_picked":["Dramatic Entrance","Apotheosis"],"picked":"Dark Shackles","floor":41},{"not_picked":["Bloodletting","Clash"],"picked":"Flame Barrier","floor":42},{"not_picked":["Entrench","Sword Boomerang"],"picked":"Heavy Blade","floor":44},{"not_picked":["Pummel","Perfected Strike"],"picked":"True Grit","floor":46}],"player_experience":201399,"potions_floor_usage":[50,50,50],"damage_taken":[{"damage":24.0,"enemies":"Small Slimes","floor":1.0,"turns":6.0},{"damage":7.0,"enemies":"2 Louse","floor":5.0,"turns":3.0},{"damage":0.0,"enemies":"Cultist","floor":10.0,"turns":4.0},{"damage":23.0,"enemies":"Exordium Wildlife","floor":11.0,"turns":5.0},{"damage":4.0,"enemies":"Blue Slaver","floor":13.0,"turns":4.0},{"damage":10.0,"enemies":"3 Louse","floor":14.0,"turns":3.0},{"damage":22.0,"enemies":"Hexaghost","floor":16.0,"turns":8.0},{"damage":13.0,"enemies":"Shell Parasite","floor":18.0,"turns":6.0},{"damage":8.0,"enemies":"2 Thieves","floor":20.0,"turns":4.0},{"damage":24.0,"enemies":"Snake Plant","floor":25.0,"turns":4.0},{"damage":13.0,"enemies":"Cultist and Chosen","floor":27.0,"turns":4.0},{"damage":6.0,"enemies":"Snecko","floor":29.0,"turns":3.0},{"damage":0.0,"enemies":"Centurion and Healer","floor":31.0,"turns":6.0},{"damage":31.0,"enemies":"Collector","floor":33.0,"turns":10.0},{"damage":8.0,"enemies":"3 Darklings","floor":35.0,"turns":6.0},{"damage":0,"enemies":"Orb Walker","floor":39,"turns":2},{"damage":0,"enemies":"Giant Head","floor":42,"turns":6},{"damage":26,"enemies":"4 Shapes","floor":44,"turns":6},{"damage":0,"enemies":"Nemesis","floor":46,"turns":5},{"damage":31,"enemies":"Awakened One","floor":50,"turns":7}],"event_choices":[{"event_name":"Golden Idol","player_choice":"Lose Max HP","floor":2.0,"damage_taken":0.0},{"event_name":"Shining Light","player_choice":"Entered Light","floor":7.0,"damage_taken":0.0},{"event_name":"The Lab","player_choice":"Got Potions","floor":19.0,"damage_taken":0.0},{"event_name":"Addict","player_choice":"Obtained Relic","floor":21.0,"damage_taken":0.0},{"event_name":"Cursed Tome","player_choice":"Obtained Book","floor":22.0,"damage_taken":0.0},{"event_name":"Transmorgrifier","player_choice":"Transform","floor":28.0,"damage_taken":0.0},{"event_name":"Upgrade Shrine","player_choice":"Upgraded","floor":36.0,"damage_taken":0.0},{"event_name":"Tomb of Lord Red Mask","player_choice":"Paid","floor":38,"damage_taken":0},{"event_name":"SensoryStone","player_choice":"Memory 3","floor":41,"damage_taken":0}],"boss_relics":[],"potions_floor_spawned":[5,11,14,18,20,25,29,39,44],"seed_played":"-3569688341951295562","ascension_level":3,"is_trial":false}