{"gold_per_floor":[117,117,117,134,87,122,122,139,190,208,236,189,200,225,225,329,379,391,403,502,146,165,165,198,198,198,198,223,52,52,83,83,185,185,205,0,0,14,29,56,70,20,20,20,34,44,44,58,58,58],"floor_reached":51,"playtime":3772,"items_purged":["Strike_R","Strike_R"],"score":966,"play_id":"8676cdf6-6423-415f-a72c-be46ffbfd3bd","local_time":"20190109161220","is_ascension_mode":true,"campfire_choices":[{"data":"Barricade","floor":7,"key":"SMITH"},{"floor":15,"key":"REST"},{"data":"Body Slam","floor":23,"key":"SMITH"},{"floor":27,"key":"REST"},{"floor":30,"key":"REST"},{"data":"Shrug It Off","floor":32,"key":"SMITH"},{"floor":44,"key":"REST"},{"data":"Impervious","floor":49,"key":"SMITH"}],"neow_cost":"NONE","seed_source_timestamp":1288794399563669,"circlet_count":0,"master_deck":["Strike_R","Strike_R","Defend_R","Defend_R","Defend_R","Defend_R","Iron Wave","Body Slam","Barricade+1","Cleave","Rage","Shrug It Off","Flame Barrier","Entrench+1","Battle Trance","Body Slam+1","Impervious+1","Ghostly Armor","Iron Wave","Shrug It Off+1","Body Slam","Shrug It Off+1","Shrug It Off+1","Shrug It Off+1","Shrug It Off+1"],"relics":["Philosopher\u0027s Stone","NlothsMask","Art of War","Letter Opener","Mercury Hourglass","Tiny House","Toxic Egg 2","Bottled Tornado","Ornamental Fan","Calipers","Bag of Preparation","Self Forming Clay","Lizard Tail","Red Mask","Smiling Mask","Frozen Egg 2"],"potions_floor_usage":[11,22],"damage_taken":[{"damage":8,"enemies":"Jaw Worm","floor":1,"turns":3},{"damage":0,"enemies":"Small Slimes","floor":4,"turns":4},{"damage":19,"enemies":"Gremlin Nob","floor":6,"turns":4},{"damage":0,"enemies":"Cultist","floor":8,"turns":2},{"damage":1,"enemies":"Red Slaver","floor":10,"turns":3},{"damage":21,"enemies":"3 Sentries","floor":11,"turns":10},{"damage":8,"enemies":"Exordium Wildlife","floor":13,"turns":4},{"damage":0,"enemies":"Lagavulin","floor":14,"turns":15},{"damage":6,"enemies":"The Guardian","floor":16,"turns":8},{"damage":0,"enemies":"Spheric Guardian","floor":18,"turns":3},{"damage":0,"enemies":"Shell Parasite","floor":19,"turns":4},{"damage":2,"enemies":"Centurion and Healer","floor":22,"turns":6},{"damage":28,"enemies":"Gremlin Leader","floor":24,"turns":6},{"damage":21,"enemies":"Slavers","floor":28,"turns":6},{"damage":4,"enemies":"Book of Stabbing","floor":31,"turns":4},{"damage":0,"enemies":"Automaton","floor":33,"turns":6},{"damage":0,"enemies":"Orb Walker","floor":35,"turns":4},{"damage":0,"enemies":"3 Shapes","floor":38,"turns":3},{"damage":0,"enemies":"3 Darklings","floor":39,"turns":6},{"damage":19,"enemies":"Nemesis","floor":40,"turns":7},{"damage":0,"enemies":"Jaw Worm Horde","floor":41,"turns":6},{"damage":0,"enemies":"Sphere and 2 Shapes","floor":45,"turns":6},{"damage":0,"enemies":"Writhing Mass","floor":46,"turns":6},{"damage":0,"enemies":"Maw","floor":48,"turns":6},{"damage":0,"enemies":"Time Eater","floor":50,"turns":8}],"seed_played":"-6886286288955554899","potions_obtained":[{"floor":4,"key":"BloodPotion"},{"floor":6,"key":"PowerPotion"},{"floor":8,"key":"SkillPotion"},{"floor":13,"key":"Explosive Potion"},{"floor":17,"key":"EssenceOfSteel"},{"floor":19,"key":"SpeedPotion"},{"floor":22,"key":"Poison Potion"},{"floor":33,"key":"Dexterity Potion"}],"is_trial":false,"path_per_floor":["M","?","?","M","$","E","R","M","T","M","E","?","M","E","R","B",null,"M","M","?","$","M","R","E","?","T","R","E","$","R","E","R","B",null,"M","?","?","M","M","E","M","$","T","R","M","M","$","M","R","B",null],"character_chosen":"IRONCLAD","items_purchased":["Cleave","Shrug It Off","Toxic Egg 2","Bag of Preparation","Shrug It Off+1"],"campfire_rested":4,"item_purchase_floors":[5,21,21,29,29],"current_hp_per_floor":[72,72,72,72,72,53,53,53,53,52,31,31,23,23,47,41,85,85,85,85,85,83,83,55,39,39,66,45,45,72,68,68,68,90,90,90,90,90,90,71,71,71,71,90,90,90,90,90,90,90],"gold":58,"neow_bonus":"BOSS_RELIC","is_prod":false,"is_daily":false,"chose_seed":false,"campfire_upgraded":4,"win_rate":0,"timestamp":1547050340,"path_taken":["M","?","?","?","?","E","R","M","T","M","E","?","M","E","R","BOSS","M","M","?","$","M","R","E","?","T","R","E","?","R","E","R","BOSS","M","?","?","M","M","E","M","$","T","R","?","M","$","M","R","BOSS"],"build_version":"2019-01-03v4","purchased_purges":2,"victory":true,"max_hp_per_floor":[80,80,80,80,80,80,80,80,80,80,80,80,80,80,80,80,85,85,85,85,85,85,85,85,90,90,90,90,90,90,90,90,90,90,90,90,90,90,90,90,90,90,90,90,90,90,90,90,90,90],"card_choices":[{"not_picked":["Warcry","Headbutt"],"picked":"Iron Wave","floor":1},{"not_picked":["Body Slam","Clash"],"picked":"Barricade","floor":4},{"not_picked":["Dropkick","Clash"],"picked":"Rage","floor":6},{"not_picked":["Battle Trance","Pommel Strike"],"picked":"Shrug It Off","floor":8},{"not_picked":["Rupture","Cleave"],"picked":"Flame Barrier","floor":10},{"not_picked":["Metallicize","Thunderclap"],"picked":"Entrench","floor":11},{"not_picked":["Warcry","Bloodletting"],"picked":"Battle Trance","floor":13},{"not_picked":["Sword Boomerang","Flame Barrier"],"picked":"Body Slam","floor":14},{"not_picked":["Bludgeon","Feed"],"picked":"Impervious","floor":16},{"not_picked":["Searing Blow","Cleave"],"picked":"Ghostly Armor","floor":17},{"not_picked":["Body Slam","Carnage+1"],"picked":"Iron Wave","floor":18},{"not_picked":["Sentinel+1","Flex+1","Berserk"],"picked":"SKIP","floor":19},{"not_picked":["Feel No Pain","True Grit+1"],"picked":"Body Slam","floor":22},{"not_picked":["Wild Strike","Intimidate+1"],"picked":"Shrug It Off+1","floor":24},{"not_picked":["Sentinel+1","Second Wind+1","Barricade"],"picked":"SKIP","floor":28},{"not_picked":["Perfected Strike","Body Slam","True Grit+1"],"picked":"SKIP","floor":31},{"not_picked":["Twin Strike+1","Headbutt+1","Clothesline"],"picked":"SKIP","floor":35},{"not_picked":["Feel No Pain","Body Slam","Perfected Strike"],"picked":"SKIP","floor":38},{"not_picked":["Heavy Blade","Armaments+1","Whirlwind+1"],"picked":"SKIP","floor":39},{"not_picked":["Pommel Strike+1","Perfected Strike","True Grit+1"],"picked":"SKIP","floor":40},{"not_picked":["Thunderclap+1","Warcry+1"],"picked":"Shrug It Off+1","floor":41},{"not_picked":["Dropkick+1","Twin Strike+1","Reaper"],"picked":"SKIP","floor":45},{"not_picked":["Sword Boomerang","Inflame+1"],"picked":"Shrug It Off+1","floor":46},{"not_picked":["Heavy Blade","Anger","Evolve+1"],"picked":"SKIP","floor":48}],"player_experience":112597,"relics_obtained":[{"floor":6,"key":"Art of War"},{"floor":11,"key":"Letter Opener"},{"floor":14,"key":"Mercury Hourglass"},{"floor":24,"key":"Bottled Tornado"},{"floor":26,"key":"Ornamental Fan"},{"floor":28,"key":"Calipers"},{"floor":31,"key":"Self Forming Clay"},{"floor":40,"key":"Smiling Mask"},{"floor":43,"key":"Frozen Egg 2"}],"event_choices":[{"damage_healed":0,"gold_gain":0,"cards_transformed":["Strike_R"],"player_choice":"Change","damage_taken":0,"max_hp_gain":0,"max_hp_loss":0,"event_name":"Living Wall","floor":2,"gold_loss":0,"cards_obtained":["Body Slam"]},{"damage_healed":0,"gold_gain":0,"player_choice":"Trade","damage_taken":0,"relics_obtained":["NlothsMask"],"max_hp_gain":0,"max_hp_loss":0,"event_name":"FaceTrader","floor":3,"gold_loss":0},{"damage_healed":0,"gold_gain":0,"player_choice":"Left Gold","damage_taken":0,"max_hp_gain":0,"max_hp_loss":0,"event_name":"World of Goop","floor":12,"gold_loss":47},{"damage_healed":0,"gold_gain":99,"player_choice":"Stole From Cult","damage_taken":0,"max_hp_gain":0,"max_hp_loss":0,"event_name":"Nest","floor":20,"gold_loss":0},{"damage_healed":0,"gold_gain":0,"player_choice":"Shed Blood","damage_taken":21,"max_hp_gain":5,"max_hp_loss":0,"event_name":"Forgotten Altar","floor":25,"gold_loss":0},{"damage_healed":0,"gold_gain":0,"player_choice":"Paid","damage_taken":0,"relics_obtained":["Red Mask"],"max_hp_gain":0,"max_hp_loss":0,"event_name":"Tomb of Lord Red Mask","floor":36,"gold_loss":205},{"cards_removed":["Bash"],"damage_healed":0,"gold_gain":0,"player_choice":"Card Removal","damage_taken":0,"max_hp_gain":0,"max_hp_loss":0,"event_name":"Wheel of Change","floor":37,"gold_loss":0}],"is_beta":false,"boss_relics":[{"not_picked":["Pandora\u0027s Box","Mark of Pain"],"picked":"Tiny House"},{"not_picked":["Eternal Feather","Calling Bell"],"picked":"Lizard Tail"}],"items_purged_floors":[21,42],"is_endless":false,"potions_floor_spawned":[4,6,8,13,19,22,33,38,39,40,45],"ascension_level":2}