{"gold_per_floor":[361,361,361,28,28,28,59,69,95,95,108,108,108,134,134,212,212,230,230,26,39,39,39,39,39,39,55,55,75,91,91,91,165,165,185,201,18,18,31,45,65,0,80,98,173,186,206,222,222,222],"floor_reached":51,"playtime":2130,"items_purged":[],"score":1116,"play_id":"409791c1-aab9-4834-989d-6806bc1100fe","local_time":"20190201163615","is_ascension_mode":true,"campfire_choices":[{"floor":6,"key":"DIG"},{"floor":10,"key":"DIG"},{"floor":12,"key":"DIG"},{"floor":15,"key":"DIG"},{"floor":23,"key":"DIG"},{"floor":25,"key":"DIG"},{"floor":28,"key":"DIG"},{"floor":32,"key":"DIG"},{"floor":49,"key":"REST"}],"neow_cost":"TEN_PERCENT_HP_LOSS","seed_source_timestamp":79169762275025,"circlet_count":0,"master_deck":["AscendersBane","Strike_B+1","Strike_B+1","Strike_B+1","Defend_B+1","Defend_B+1","Defend_B+1","Defend_B+1","Zap","Dualcast","Cold Snap","Ball Lightning","Coolheaded","Reinforced Body","Conserve Battery","Fission+1","Ball Lightning","Conserve Battery+1","BootSequence+1","Sweeping Beam","Reboot+1","Sweeping Beam+1","Skim+1","Conserve Battery+1","Cold Snap","Coolheaded+1"],"relics":["Cracked Core","Shovel","Regal Pillow","Pantograph","Potion Belt","DataDisk","Bottled Flame","Toxic Egg 2","Pear","Busted Crown","Smiling Mask","Du-Vu Doll","Blue Candle","Omamori","WarpedTongs","Girya","Inserter","Red Mask","Ornamental Fan","Singing Bowl"],"potions_floor_usage":[14,21,33,50,50,50,50],"damage_taken":[{"damage":2,"enemies":"2 Louse","floor":1,"turns":3},{"damage":29,"enemies":"Gremlin Nob","floor":7,"turns":4},{"damage":7,"enemies":"Jaw Worm","floor":8,"turns":2},{"damage":0,"enemies":"Cultist","floor":11,"turns":3},{"damage":17,"enemies":"Lagavulin","floor":14,"turns":6},{"damage":22,"enemies":"The Guardian","floor":16,"turns":12},{"damage":0,"enemies":"Spheric Guardian","floor":18,"turns":3},{"damage":0,"enemies":"Chosen","floor":21,"turns":4},{"damage":0,"enemies":"Snake Plant","floor":27,"turns":4},{"damage":4,"enemies":"Shelled Parasite and Fungi","floor":29,"turns":5},{"damage":2,"enemies":"Centurion and Healer","floor":30,"turns":7},{"damage":60,"enemies":"Collector","floor":33,"turns":15},{"damage":0,"enemies":"3 Darklings","floor":35,"turns":5},{"damage":0,"enemies":"Orb Walker","floor":36,"turns":3},{"damage":24,"enemies":"Transient","floor":39,"turns":5},{"damage":8,"enemies":"4 Shapes","floor":40,"turns":6},{"damage":9,"enemies":"3 Darklings","floor":41,"turns":5},{"damage":4,"enemies":"Writhing Mass","floor":44,"turns":10},{"damage":0,"enemies":"4 Shapes","floor":46,"turns":5},{"damage":0,"enemies":"Sphere and 2 Shapes","floor":47,"turns":4},{"damage":6,"enemies":"3 Darklings","floor":48,"turns":5},{"damage":35,"enemies":"Donu and Deca","floor":50,"turns":10}],"seed_played":"2636499553308109326","potions_obtained":[{"floor":1,"key":"EssenceOfSteel"},{"floor":27,"key":"FocusPotion"},{"floor":29,"key":"AttackPotion"}],"is_trial":false,"path_per_floor":["M","$","?","$","?","R","E","M","T","R","M","R","?","E","R","B",null,"M","?","$","M","$","R","?","R","T","M","R","M","M","?","R","B",null,"M","M","$","?","M","M","M","?","T","M","T","M","M","M","R","B",null],"character_chosen":"DEFECT","items_purchased":["Shovel","Ball Lightning","Conserve Battery+1","Fire Potion","Fire Potion","Ancient Potion","Skim+1","Conserve Battery+1","Cold Snap","PowerPotion"],"campfire_rested":1,"item_purchase_floors":[4,4,20,20,20,20,37,37,37,37],"current_hp_per_floor":[62,62,62,62,62,62,33,26,26,26,26,26,26,9,19,22,61,61,74,74,74,74,74,74,74,74,74,74,70,68,68,68,14,59,59,59,59,59,35,27,18,18,18,14,14,16,18,14,53,43],"gold":222,"neow_bonus":"TWO_FIFTY_GOLD","is_prod":false,"is_daily":false,"chose_seed":false,"campfire_upgraded":0,"win_rate":0,"timestamp":1549038975,"path_taken":["M","$","?","$","?","R","E","M","T","R","M","R","?","E","R","BOSS","M","?","$","M","?","R","?","R","T","M","R","M","M","?","R","BOSS","M","M","?","?","M","M","M","?","T","M","?","M","?","M","R","BOSS"],"build_version":"2019-01-23","purchased_purges":0,"victory":true,"max_hp_per_floor":[64,64,64,64,64,64,64,64,64,64,64,64,64,64,74,74,74,74,74,74,74,74,74,74,74,74,74,74,74,74,74,74,74,74,74,74,74,74,74,74,74,74,74,74,74,76,78,80,80,80],"card_choices":[{"not_picked":["Chaos","Aggregate"],"picked":"Cold Snap","floor":1},{"not_picked":["Rebound","Hologram"],"picked":"Coolheaded","floor":7},{"not_picked":["Ball Lightning","Skim"],"picked":"Reinforced Body","floor":8},{"not_picked":["Creative AI","Cold Snap"],"picked":"Conserve Battery","floor":11},{"not_picked":["Turbo","Darkness","Streamline"],"picked":"SKIP","floor":14},{"not_picked":["Buffer","Machine Learning"],"picked":"Fission+1","floor":16},{"not_picked":[],"picked":"Ball Lightning","floor":18},{"not_picked":["Undo+1"],"picked":"SKIP","floor":21},{"not_picked":[],"picked":"BootSequence+1","floor":27},{"not_picked":[],"picked":"Sweeping Beam","floor":29},{"not_picked":["Streamline"],"picked":"SKIP","floor":30},{"not_picked":[],"picked":"Reboot+1","floor":33},{"not_picked":[],"picked":"Steam+1","floor":35},{"not_picked":[],"picked":"Sweeping Beam+1","floor":36},{"not_picked":["Gash"],"picked":"SKIP","floor":39},{"not_picked":["Turbo+1"],"picked":"SKIP","floor":40},{"not_picked":["Rebound"],"picked":"SKIP","floor":41},{"not_picked":[],"picked":"Coolheaded+1","floor":44},{"not_picked":["Rainbow+1"],"picked":"Singing Bowl","floor":46},{"not_picked":["Reprogram+1"],"picked":"Singing Bowl","floor":47},{"not_picked":["Gash"],"picked":"Singing Bowl","floor":48}],"player_experience":499374,"relics_obtained":[{"floor":6,"key":"Regal Pillow"},{"floor":7,"key":"Pantograph"},{"floor":9,"key":"Potion Belt"},{"floor":10,"key":"DataDisk"},{"floor":12,"key":"Bottled Flame"},{"floor":14,"key":"Toxic Egg 2"},{"floor":15,"key":"Pear"},{"floor":23,"key":"Smiling Mask"},{"floor":25,"key":"Du-Vu Doll"},{"floor":26,"key":"Blue Candle"},{"floor":28,"key":"Omamori"},{"floor":32,"key":"Girya"},{"floor":43,"key":"Ornamental Fan"},{"floor":45,"key":"Singing Bowl"}],"event_choices":[{"damage_healed":0,"gold_gain":0,"player_choice":"Ignored","damage_taken":0,"max_hp_gain":0,"max_hp_loss":0,"event_name":"Golden Wing","floor":3,"gold_loss":0},{"damage_healed":0,"gold_gain":0,"player_choice":"Fled","damage_taken":0,"max_hp_gain":0,"max_hp_loss":0,"event_name":"Scrap Ooze","floor":5,"gold_loss":0},{"damage_healed":0,"gold_gain":0,"cards_transformed":["Strike_B"],"player_choice":"Transformed","damage_taken":0,"max_hp_gain":0,"max_hp_loss":0,"event_name":"Transmorgrifier","floor":13,"gold_loss":0,"cards_obtained":["Hello World"]},{"cards_removed":["Hello World"],"damage_healed":13,"gold_gain":0,"player_choice":"Offered Uncommon","damage_taken":0,"max_hp_gain":0,"max_hp_loss":0,"event_name":"Bonfire Elementals","floor":19,"gold_loss":0},{"damage_healed":0,"gold_gain":0,"player_choice":"Simplicity","damage_taken":0,"max_hp_gain":0,"max_hp_loss":0,"event_name":"Back to Basics","floor":24,"gold_loss":0,"cards_upgraded":["Strike_B","Strike_B","Strike_B","Defend_B","Defend_B","Defend_B","Defend_B"]},{"damage_healed":0,"gold_gain":0,"player_choice":"Rummage","damage_taken":0,"relics_obtained":["WarpedTongs"],"max_hp_gain":0,"max_hp_loss":0,"event_name":"Accursed Blacksmith","floor":31,"gold_loss":0,"cards_obtained":["Pain"]},{"cards_removed":["Steam"],"damage_healed":0,"gold_gain":0,"player_choice":"Removed Skill","damage_taken":0,"max_hp_gain":0,"max_hp_loss":0,"event_name":"Falling","floor":38,"gold_loss":0},{"damage_healed":0,"gold_gain":0,"player_choice":"Paid","damage_taken":0,"relics_obtained":["Red Mask"],"max_hp_gain":0,"max_hp_loss":0,"event_name":"Tomb of Lord Red Mask","floor":42,"gold_loss":65}],"is_beta":false,"boss_relics":[{"not_picked":["Astrolabe","Orrery"],"picked":"Busted Crown"},{"not_picked":["Philosopher\u0027s Stone","White Beast Statue"],"picked":"Inserter"}],"items_purged_floors":[],"is_endless":false,"potions_floor_spawned":[1,27,29,30,39,40,41,46,47],"ascension_level":15}