{"path_per_floor":["M","?","?","?","M","R","E","R","T","?","M","R","?","$","R","B",null,"M","$","?","?","?","E","R","$","T","?","M","M","E","M","R","B",null,"M","M","?","M","$","E","M","R","T","E","M","?","M","?","R"],"character_chosen":"THE_SILENT","items_purchased":["Noxious Fumes"],"gold_per_floor":[16,16,16,16,39,39,82,82,106,106,129,129,129,54,54,173,173,196,96,96,66,66,106,106,106,106,106,127,148,189,204,204,324,324,342,361,361,382,187,218,238,238,263,298,318,318,338,338,338],"floor_reached":35,"campfire_rested":4,"playtime":3547,"current_hp_per_floor":[68,68,61,61,61,61,38,38,38,38,38,38,31,31,52,44,70,62,62,62,62,62,51,51,51,51,51,45,47,28,40,70,48,70,56,42,42,27,27,26,36,70,70,70,67,67,40,30,66],"items_purged":["Injury","Strike_G","Strike_G"],"gold":338,"play_id":"da32d1da-f16f-47e6-af0f-a0ae7fa3d067","is_prod":false,"is_daily":false,"campfire_rituals":0,"campfire_upgraded":4,"is_hardmode":false,"path_taken":["M","?","?","?","M","R","E","R","T","?","M","R","?","$","R","BOSS","M","$","?","?","?","E","R","?","T","?","M","M","E","M","R","BOSS","M","M","?","M","$","E","M","R","T","E","M","?","M","?","R","BOSS"],"build_version":"2018-01-18-PROD4","purchased_purges":3,"victory":false,"master_deck":["Defend_G","Defend_G","Defend_G","Defend_G","Strike_G","Strike_G","Survivor","Neutralize","Corpse Explosion","Terror","Deadly Poison","Bouncing Flask","Adrenaline","Cloak And Dagger","Catalyst","Blur","Doubt","Backflip","Footwork","Tools of the Trade","Tactician","Noxious Fumes","Cloak And Dagger","Cloak And Dagger","Decay","Deadly Poison","Madness","Madness","Backstab"],"max_hp_per_floor":[70,70,70,70,70,70,70,70,70,70,70,70,70,70,70,70,70,70,70,70,70,70,70,70,70,70,70,70,70,70,70,70,70,70,70,70,70,70,70,70,70,70,70,70,70,70,70,70,70],"relics":["Ring of the Snake","Golden Idol","Ancient Tea Set","Juzu Bracelet","Orichalcum","Cursed Key","Dodecahedron","Meat on the Bone","Regal Pillow","Black Star","Molten Egg","Vajra","Prayer Wheel","Snake Skull","Dream Catcher"],"campfire_meditates":0,"card_choices":[{"not_picked":["Wraith Form","A Thousand Cuts"],"picked":"Corpse Explosion"},{"not_picked":["Prepared","Crippling Poison"],"picked":"Terror"},{"not_picked":["Escape Plan","Quick Slash"],"picked":"Deadly Poison"},{"not_picked":["Envenom","Dagger Throw"],"picked":"Bouncing Flask"},{"not_picked":["Phantasmal Killer","Doppelganger"],"picked":"Adrenaline"},{"not_picked":["Malaise","Slice"],"picked":"Cloak And Dagger"},{"not_picked":["Infinite Blades","Flying Knee"],"picked":"Blur"},{"not_picked":["Quick Slash","Predator"],"picked":"Backflip"},{"not_picked":["Predator","Blade Dance"],"picked":"Footwork"},{"not_picked":["Storm of Steel","Wraith Form"],"picked":"Tools of the Trade"},{"not_picked":["Deflect","Sucker Punch"],"picked":"Tactician"},{"not_picked":["Endless Agony","Skewer"],"picked":"Cloak And Dagger"},{"not_picked":["Dodge and Roll","Accuracy"],"picked":"Cloak And Dagger"},{"not_picked":["Deflect","Outmaneuver"],"picked":"Deadly Poison"},{"not_picked":["Dodge and Roll","Accuracy"],"picked":"Backstab"}],"player_experience":294853,"potions_floor_usage":[35,35],"damage_taken":[{"damage":2.0,"enemies":"Jaw Worm","floor":1.0,"turns":5.0},{"damage":0.0,"enemies":"Blue Slaver","floor":5.0,"turns":7.0},{"damage":23.0,"enemies":"3 Sentries","floor":7.0,"turns":8.0},{"damage":0.0,"enemies":"2 Louse","floor":11.0,"turns":2.0},{"damage":8.0,"enemies":"The Guardian","floor":16.0,"turns":6.0},{"damage":8.0,"enemies":"Spheric Guardian","floor":18.0,"turns":4.0},{"damage":11.0,"enemies":"Book of Stabbing","floor":23.0,"turns":3.0},{"damage":18.0,"enemies":"3 Byrds","floor":28.0,"turns":8.0},{"damage":10.0,"enemies":"Snecko","floor":29.0,"turns":5.0},{"damage":12.0,"enemies":"Slavers","floor":30.0,"turns":7.0},{"damage":12.0,"enemies":"3 Cultists","floor":30.0,"turns":7.0},{"damage":12.0,"enemies":"Collector","floor":30.0,"turns":10.0},{"damage":18.0,"enemies":"3 Darklings","floor":30.0,"turns":26.0},{"damage":26.0,"enemies":"3 Shapes","floor":31.0,"turns":6.0},{"damage":27.0,"enemies":"Sphere and 2 Shapes","floor":33.0,"turns":9.0},{"damage":0.0,"enemies":"Nemesis","floor":35.0,"turns":9.0},{"damage":0.0,"enemies":"3 Darklings","floor":35.0,"turns":13.0},{"damage":0.0,"enemies":"2 Orb Walkers","floor":35.0,"turns":3.0},{"damage":0.0,"enemies":"4 Shapes","floor":35.0,"turns":5.0},{"damage":0.0,"enemies":"Sphere and 2 Shapes","floor":35.0,"turns":9.0},{"damage":16,"enemies":"Donu and Deca","floor":35,"turns":6}],"event_choices":[{"event_name":"The Lab","player_choice":"Got Potions","floor":2.0,"damage_taken":0.0},{"event_name":"Golden Wing","player_choice":"Card Removal","floor":3.0,"damage_taken":0.0},{"event_name":"Golden Idol","player_choice":"Take Wound","floor":4.0,"damage_taken":0.0},{"event_name":"Dead Adventurer","player_choice":"Searched \u00271\u0027 times","floor":10.0,"damage_taken":0.0},{"event_name":"Scrap Ooze","player_choice":"success","floor":13.0,"damage_taken":7.0},{"event_name":"Addict","player_choice":"Ignored","floor":20.0,"damage_taken":0.0},{"event_name":"The Woman in Blue","player_choice":"Bought 2 Potions","floor":21.0,"damage_taken":0.0},{"event_name":"The Library","player_choice":"Read","floor":22.0,"damage_taken":0.0},{"event_name":"Drug Dealer","player_choice":"Ignored","floor":27.0,"damage_taken":0.0},{"event_name":"Tomb of Lord Red Mask","player_choice":"Ignored","floor":35.0,"damage_taken":0.0},{"event_name":"Winding Halls","player_choice":"Embrace Madness","floor":35.0,"damage_taken":0.0}],"boss_relics":[],"potions_floor_spawned":[1,7,11,30,30,30,30,31,33,35,35,35,35],"seed_played":"-7787989112752497418","killed_by":"Donu and Deca","is_trial":false}