{"path_per_floor":["M","?","?","?","M","E","M","R","T","?","T","M","?","$","R","B",null,"M","$","M","M","M","R","M","$","T","R","T","?","R","T","R","B",null,"M","$","?","?","M","R","M","M","T","R","M","M","$","M","R","B"],"character_chosen":"IRONCLAD","items_purchased":["Tiny Chest","Finesse","Dream Catcher","Burning Pact","Armaments","Anchor"],"gold_per_floor":[118,193,143,143,159,191,209,209,509,568,568,583,583,116,116,214,214,234,80,94,107,120,120,131,6,6,6,30,30,30,30,30,134,134,152,2,0,54,67,67,85,98,121,121,138,158,3,22,22,22],"floor_reached":51,"campfire_rested":4,"playtime":3668,"current_hp_per_floor":[88,77,77,70,70,36,34,60,60,24,24,25,47,47,72,52,85,85,85,57,62,56,56,26,26,26,51,51,51,51,51,76,25,85,72,72,72,63,69,69,75,81,81,81,85,85,85,85,85,85],"items_purged":["Parasite","Strike_R","Inflame","Strike_R"],"gold":22,"score":598,"play_id":"9e1d8749-382d-4ae6-a362-6e55f5c52e74","is_prod":false,"is_daily":false,"is_ascension_mode":false,"campfire_upgraded":2,"path_taken":["M","?","?","?","M","E","?","R","T","?","?","?","?","$","R","BOSS","M","$","M","M","M","R","M","$","T","R","?","?","R","?","R","BOSS","M","$","?","?","M","R","M","M","T","R","?","M","$","?","R","BOSS"],"build_version":"2018-02-12-PROD1","purchased_purges":7,"victory":true,"master_deck":["Strike_R","Defend_R","Defend_R","Defend_R","Defend_R","Bash","Cleave","Shrug It Off+1","Finesse+1","Burning Pact+1","Intimidate+1","Juggernaut+1","Armaments+1","Shrug It Off+1","Body Slam+1","Flame Barrier+1","Armaments+1","Doubt","Clumsy","Injury","Impervious+1","Shrug It Off+1","True Grit+1","Shrug It Off+1","Clumsy","Shrug It Off+1","Warcry+1"],"max_hp_per_floor":[88,88,88,88,88,88,88,88,88,88,88,88,88,85,85,85,85,85,85,85,85,85,85,85,85,85,85,85,85,85,85,85,85,85,85,85,85,85,85,85,85,85,85,85,85,85,85,85,85,85],"relics":["Burning Blood","Toxic Egg 2","Old Coin","Happy Flower","Calipers","Tiny Chest","Dream Catcher","Cursed Key","Ginger","Oddly Smooth Stone","Shovel","Runic Dome","Red Mask","Unceasing Top","Ancient Tea Set","Regal Pillow","Ornamental Fan","Anchor","Matryoshka"],"card_choices":[{"not_picked":["Armaments","True Grit"],"picked":"Inflame"},{"not_picked":["Perfected Strike","Power Through"],"picked":"Cleave"},{"not_picked":["Power Through","Whirlwind"],"picked":"Shrug It Off"},{"not_picked":["Sword Boomerang","Rage"],"picked":"Intimidate"},{"not_picked":["Dark Embrace","Reaper"],"picked":"Juggernaut"},{"not_picked":["Fire Breathing","Sword Boomerang"],"picked":"Shrug It Off"},{"not_picked":["Warcry","Combust"],"picked":"Body Slam"},{"not_picked":["Inflame","Rupture"],"picked":"Flame Barrier"},{"not_picked":["Intimidate","Battle Trance"],"picked":"Armaments"},{"not_picked":["Dark Embrace","Immolate"],"picked":"Impervious"},{"not_picked":["True Grit","Body Slam"],"picked":"Shrug It Off"},{"not_picked":["Cleave","Dual Wield"],"picked":"True Grit"},{"not_picked":["Heavy Blade","Double Tap"],"picked":"Shrug It Off"},{"not_picked":["Perfected Strike","Searing Blow"],"picked":"Shrug It Off"},{"not_picked":["Berserk","Sword Boomerang"],"picked":"Warcry"}],"player_experience":62647,"potions_floor_usage":[42,50,50,50],"damage_taken":[{"damage":6.0,"enemies":"2 Louse","floor":1.0,"turns":3.0},{"damage":6.0,"enemies":"Jaw Worm","floor":5.0,"turns":6.0},{"damage":40.0,"enemies":"3 Sentries","floor":6.0,"turns":13.0},{"damage":8.0,"enemies":"Blue Slaver","floor":7.0,"turns":7.0},{"damage":42.0,"enemies":"Lagavulin Event","floor":10.0,"turns":6.0},{"damage":5.0,"enemies":"Looter","floor":12.0,"turns":4.0},{"damage":26.0,"enemies":"Slime Boss","floor":16.0,"turns":13.0},{"damage":6.0,"enemies":"2 Thieves","floor":18.0,"turns":4.0},{"damage":34.0,"enemies":"Spheric Guardian","floor":20.0,"turns":6.0},{"damage":1.0,"enemies":"Chosen and Byrds","floor":21.0,"turns":8.0},{"damage":12.0,"enemies":"Snake Plant","floor":22.0,"turns":5.0},{"damage":48.0,"enemies":"Cultist and Chosen","floor":24.0,"turns":9.0},{"damage":57.0,"enemies":"Champ","floor":33.0,"turns":16.0},{"damage":19,"enemies":"3 Darklings","floor":35,"turns":6},{"damage":15,"enemies":"Mysterious Sphere","floor":38,"turns":6},{"damage":0,"enemies":"3 Shapes","floor":39,"turns":6},{"damage":0,"enemies":"Maw","floor":41,"turns":7},{"damage":0,"enemies":"3 Darklings","floor":42,"turns":6},{"damage":0,"enemies":"4 Shapes","floor":45,"turns":8},{"damage":0,"enemies":"Maw","floor":46,"turns":7},{"damage":0,"enemies":"3 Darklings","floor":48,"turns":8},{"damage":0,"enemies":"Donu and Deca","floor":50,"turns":11}],"event_choices":[{"event_name":"World of Goop","player_choice":"Gather Gold","floor":2.0,"damage_taken":0.0},{"event_name":"The Cleric","player_choice":"Card Removal","floor":3.0,"damage_taken":0.0},{"event_name":"Golden Wing","player_choice":"Card Removal","floor":4.0,"damage_taken":0.0},{"event_name":"Dead Adventurer","player_choice":"Searched \u00271\u0027 times","floor":10.0,"damage_taken":0.0},{"event_name":"Mushrooms","player_choice":"Healed and dodged fight","floor":13.0,"damage_taken":0.0},{"event_name":"Beggar","player_choice":"Ignored","floor":29.0,"damage_taken":0.0},{"event_name":"Tomb of Lord Red Mask","player_choice":"Paid","floor":37,"damage_taken":0},{"event_name":"Mysterious Sphere","player_choice":"Fight","floor":38,"damage_taken":0}],"boss_relics":[{"not_picked":["Orrery","Runic Cube"],"picked":"Runic Dome"}],"potions_floor_spawned":[6,10,12,16,20,22,24,33,38,42,45,46],"seed_played":"-5332602801162719339","ascension_level":0,"is_trial":false}