{"path_per_floor":["M","M","?","M","?","R","M","$","T","M","?","R","M","E","R","B",null,"M","M","?","$","$","R","E","M","T","R","M","R","?","?","R"],"character_chosen":"IRONCLAD","items_purchased":["Whirlwind","Whetstone","Dramatic Entrance"],"gold_per_floor":[110,129,79,90,265,265,278,125,148,167,167,167,179,212,212,286,286,298,310,310,310,67,67,97,111,166,166,184,184,184,109,109],"floor_reached":33,"campfire_rested":3,"playtime":1862,"current_hp_per_floor":[72,77,77,74,74,74,65,65,65,60,60,60,52,26,64,12,61,51,45,45,45,45,45,21,13,13,51,48,48,32,32,70],"items_purged":["Doubt"],"gold":109,"score":437,"play_id":"ab3827b6-8d64-48ad-8ab4-3c58df1068f3","local_time":"20180308200255","is_prod":false,"is_daily":false,"is_ascension_mode":true,"campfire_upgraded":4,"timestamp":1520539375,"path_taken":["M","M","?","M","?","R","M","$","T","M","?","R","?","E","R","BOSS","M","?","?","?","$","R","E","M","T","R","?","R","?","?","R","BOSS"],"build_version":"2018-03-01-PROD1","purchased_purges":2,"victory":false,"master_deck":["Bash","Searing Blow+2","Cleave+1","Whirlwind+1","Uppercut","Double Tap","Reckless Charge","Iron Wave","Pommel Strike","Spot Weakness","Twin Strike+1","Warcry","Headbutt","Inflame","Dramatic Entrance+1","Thunderclap","Heavy Blade","Necronomicurse"],"max_hp_per_floor":[80,80,77,77,77,77,77,77,77,77,77,77,77,77,77,77,77,77,77,77,77,77,77,77,77,77,77,77,77,77,77,77],"relics":["Burning Blood","Bag of Marbles","Regal Pillow","Pandora\u0027s Box","Whetstone","Bottled Flame","Tiny Chest","Necronomicon"],"card_choices":[{"not_picked":["Rage","Fire Breathing"],"picked":"Searing Blow"},{"not_picked":["Power Through","Combust"],"picked":"Cleave"},{"not_picked":["Anger","Iron Wave"],"picked":"Uppercut"},{"not_picked":["Demon Form","Barricade"],"picked":"Double Tap"},{"not_picked":["Rampage","Sentinel"],"picked":"Inflame"},{"not_picked":["Heavy Blade","Pommel Strike"],"picked":"Thunderclap"},{"not_picked":["Burning Pact","Sever Soul"],"picked":"Heavy Blade"}],"player_experience":228166,"potions_floor_usage":[7,16,25,33,33],"damage_taken":[{"damage":6,"enemies":"2 Louse","floor":1,"turns":3},{"damage":1,"enemies":"Cultist","floor":2,"turns":3},{"damage":9,"enemies":"Jaw Worm","floor":4,"turns":4},{"damage":15,"enemies":"Lots of Slimes","floor":7,"turns":3},{"damage":11,"enemies":"Blue Slaver","floor":10,"turns":4},{"damage":14,"enemies":"Large Slime","floor":13,"turns":5},{"damage":32,"enemies":"Gremlin Nob","floor":14,"turns":4},{"damage":58,"enemies":"Slime Boss","floor":16,"turns":9},{"damage":16,"enemies":"2 Thieves","floor":18,"turns":2},{"damage":12,"enemies":"3 Byrds","floor":19,"turns":4},{"damage":30,"enemies":"Gremlin Leader","floor":24,"turns":6},{"damage":14,"enemies":"Centurion and Healer","floor":25,"turns":2},{"damage":9,"enemies":"Cultist and Chosen","floor":28,"turns":3},{"damage":130,"enemies":"Automaton","floor":33,"turns":6}],"event_choices":[{"event_name":"The Cleric","player_choice":"Card Removal","floor":3,"damage_taken":0},{"event_name":"Liars Game","player_choice":"agreed","floor":5,"damage_taken":0},{"event_name":"The Woman in Blue","player_choice":"Bought 0 Potions","floor":11,"damage_taken":0},{"event_name":"Back to Basics","player_choice":"Elegance","floor":20,"damage_taken":0},{"event_name":"Cursed Tome","player_choice":"Obtained Book","floor":30,"damage_taken":0},{"event_name":"Beggar","player_choice":"Gave Gold","floor":31,"damage_taken":0}],"boss_relics":[{"not_picked":["Black Blood","Tiny House"],"picked":"Pandora\u0027s Box"}],"potions_floor_spawned":[1,4,7,10,16,24,25],"seed_played":"8654017442831111032","killed_by":"Automaton","ascension_level":13,"is_trial":false}