{"path_per_floor":["M","?","M","T","$","R","E","R","T","R","E","$","M","?","R","B",null,"M","M","?","?"],"character_chosen":"IRONCLAD","items_purchased":["Rupture","Dual Wield"],"gold_per_floor":[119,119,136,136,64,64,93,93,141,141,175,75,88,88,88,192,192,209,228,153,53],"floor_reached":22,"campfire_rested":0,"playtime":1015,"current_hp_per_floor":[78,66,70,70,70,70,48,48,48,48,25,25,34,34,34,41,80,80,77,77,77],"items_purged":["Defend_R"],"gold":53,"play_id":"3b445dbc-83f9-4ece-891b-c72072731667","is_prod":false,"is_daily":false,"campfire_rituals":0,"campfire_upgraded":4,"is_hardmode":false,"path_taken":["M","?","M","?","$","R","E","R","T","R","E","?","M","?","R","BOSS","M","M","?","?","M"],"build_version":"2018-01-11-PROD2","purchased_purges":1,"victory":false,"master_deck":["Strike_R","Strike_R","Strike_R","Strike_R","Defend_R","Defend_R","Defend_R","Bash","Brutality","Rupture","Pommel Strike","Clash","Dual Wield","Rampage","Jack Of All Trades","Battle Trance","J.A.X."],"max_hp_per_floor":[80,80,80,80,80,80,80,80,80,80,80,80,80,80,80,80,80,80,80,80,80],"relics":["Burning Blood","Bag of Marbles","Magic Flower","War Paint","Vajra","Smiling Mask","Eternal Feather"],"campfire_meditates":0,"card_choices":[{"not_picked":["Thunderclap","Fiend Fire"],"picked":"Pommel Strike"},{"not_picked":["Shockwave","Juggernaut"],"picked":"Clash"},{"not_picked":["Clothesline","Fire Breathing"],"picked":"Rampage"},{"not_picked":["Cleave","Twin Strike"],"picked":"Battle Trance"}],"player_experience":222324,"potions_floor_usage":[16,22,22],"damage_taken":[{"damage":8,"enemies":"Small Slimes","floor":1,"turns":5},{"damage":2,"enemies":"Cultist","floor":3,"turns":3},{"damage":31,"enemies":"Gremlin Nob","floor":7,"turns":4},{"damage":32,"enemies":"3 Sentries","floor":11,"turns":6},{"damage":0,"enemies":"Jaw Worm","floor":13,"turns":1},{"damage":27,"enemies":"Hexaghost","floor":16,"turns":6},{"damage":6,"enemies":"Chosen","floor":18,"turns":5},{"damage":12,"enemies":"Shell Parasite","floor":19,"turns":4},{"damage":97,"enemies":"Snecko","floor":22,"turns":8}],"event_choices":[{"event_name":"Scrap Ooze","player_choice":"success","floor":2,"damage_taken":12},{"event_name":"Match and Keep!","player_choice":"1 cards matched","floor":14,"damage_taken":0},{"event_name":"Beggar","player_choice":"Gave Gold","floor":20,"damage_taken":0},{"event_name":"Drug Dealer","player_choice":"Got JAXXED","floor":21,"damage_taken":0}],"boss_relics":[{"not_picked":["Runic Pyramid","Pandora\u0027s Box"],"picked":"Eternal Feather"}],"potions_floor_spawned":[1,13,19],"seed_played":"5291844738587415643","killed_by":"Snecko","is_trial":false}