{"gold_per_floor":[112,132,150,150,165,165,61,61,136,156,170,170,129,129,129,229,229,243,209,65,0,0,0,19,19,19,19,36,36],"floor_reached":29,"playtime":843,"items_purged":[],"score":215,"play_id":"1033714d-4a84-4032-9c0a-a5bd8a48f2b8","local_time":"20190208170728","is_ascension_mode":false,"campfire_choices":[{"data":"Cold Snap","floor":6,"key":"SMITH"},{"data":"Capacitor","floor":8,"key":"SMITH"},{"data":"Coolheaded","floor":12,"key":"SMITH"},{"data":"Auto Shields","floor":15,"key":"SMITH"},{"floor":23,"key":"REST"},{"data":"Biased Cognition","floor":25,"key":"SMITH"}],"neow_cost":"NONE","seed_source_timestamp":687162993450405,"circlet_count":0,"master_deck":["Strike_B","Strike_B","Strike_B","Strike_B","Defend_B","Defend_B","Defend_B","Defend_B","Zap","Dualcast","Cold Snap+1","Rip and Tear","Blizzard","Coolheaded+1","Capacitor+1","Auto Shields+1","Machine Learning","Conserve Battery","Biased Cognition+1","Coolheaded"],"relics":["Philosopher\u0027s Stone"],"potions_floor_usage":[18,24,24],"damage_taken":[{"damage":4,"enemies":"2 Louse","floor":1,"turns":3},{"damage":5,"enemies":"Small Slimes","floor":2,"turns":4},{"damage":5,"enemies":"Jaw Worm","floor":3,"turns":3},{"damage":11,"enemies":"Exordium Wildlife","floor":5,"turns":4},{"damage":1,"enemies":"3 Louse","floor":10,"turns":4},{"damage":4,"enemies":"Looter","floor":11,"turns":4},{"damage":15,"enemies":"Slime Boss","floor":16,"turns":14},{"damage":5,"enemies":"Spheric Guardian","floor":18,"turns":5},{"damage":28,"enemies":"2 Thieves","floor":19,"turns":5},{"damage":26,"enemies":"3 Cultists","floor":24,"turns":7},{"damage":15,"enemies":"Snake Plant","floor":28,"turns":7},{"damage":48,"enemies":"Cultist and Chosen","floor":29,"turns":10}],"seed_played":"5276179966739816210","potions_obtained":[{"floor":5,"key":"FairyPotion"},{"floor":11,"key":"Explosive Potion"},{"floor":16,"key":"Swift Potion"},{"floor":18,"key":"SteroidPotion"}],"is_trial":false,"path_per_floor":["M","M","M","?","M","R","$","R","T","M","M","R","?","?","R","B",null,"M","M","$","?","?","R","M","R","T","?","M","M"],"character_chosen":"DEFECT","items_purchased":["Coolheaded","Capacitor","Biased Cognition"],"campfire_rested":1,"item_purchase_floors":[7,7,20],"current_hp_per_floor":[71,66,61,61,50,50,50,50,50,49,45,45,45,45,45,30,75,70,42,42,42,42,64,38,38,38,38,23,0],"gold":36,"neow_bonus":"BOSS_RELIC","is_prod":false,"is_daily":false,"chose_seed":false,"campfire_upgraded":5,"win_rate":0,"timestamp":1549645648,"path_taken":["M","M","M","?","M","R","$","R","T","M","M","R","?","?","R","BOSS","M","M","$","?","?","R","M","R","T","?","M","M"],"build_version":"2019-01-23","purchased_purges":0,"victory":false,"max_hp_per_floor":[75,75,75,75,75,75,75,75,75,75,75,75,75,75,75,75,75,75,75,75,75,75,75,75,75,75,75,75,75],"card_choices":[{"not_picked":["Streamline","Rebound"],"picked":"Cold Snap","floor":1},{"not_picked":["Go for the Eyes","Heatsinks"],"picked":"Rip and Tear","floor":2},{"not_picked":["Darkness","Barrage","Hologram"],"picked":"SKIP","floor":3},{"not_picked":["Go for the Eyes","Aggregate"],"picked":"Blizzard","floor":5},{"not_picked":["Compile Driver","Barrage"],"picked":"Auto Shields","floor":10},{"not_picked":["Rebound","Barrage","Compile Driver"],"picked":"SKIP","floor":11},{"not_picked":["Hyperbeam","Meteor Strike"],"picked":"Machine Learning","floor":16},{"not_picked":["Darkness","Redo"],"picked":"Conserve Battery","floor":18},{"not_picked":["Doom and Gloom","Scrape+1","Melter+1"],"picked":"SKIP","floor":19},{"not_picked":["Gash","Stack"],"picked":"Coolheaded","floor":24},{"not_picked":["Darkness","Hologram+1","Scrape"],"picked":"SKIP","floor":28}],"player_experience":549082,"relics_obtained":[],"event_choices":[{"damage_healed":0,"gold_gain":0,"player_choice":"Ignored","damage_taken":0,"max_hp_gain":0,"max_hp_loss":0,"event_name":"Golden Idol","floor":4,"gold_loss":0},{"damage_healed":0,"gold_gain":0,"player_choice":"Left Gold","damage_taken":0,"max_hp_gain":0,"max_hp_loss":0,"event_name":"World of Goop","floor":13,"gold_loss":41},{"damage_healed":0,"gold_gain":0,"player_choice":"Fled","damage_taken":0,"max_hp_gain":0,"max_hp_loss":0,"event_name":"Scrap Ooze","floor":14,"gold_loss":0},{"damage_healed":0,"gold_gain":0,"player_choice":"Paid Fearfully","damage_taken":0,"max_hp_gain":0,"max_hp_loss":0,"event_name":"Masked Bandits","floor":21,"gold_loss":65},{"damage_healed":0,"gold_gain":0,"player_choice":"Ignored","damage_taken":0,"max_hp_gain":0,"max_hp_loss":0,"event_name":"Cursed Tome","floor":22,"gold_loss":0},{"damage_healed":0,"gold_gain":0,"player_choice":"Ignored","damage_taken":0,"max_hp_gain":0,"max_hp_loss":0,"event_name":"Vampires","floor":27,"gold_loss":0}],"is_beta":false,"boss_relics":[{"not_picked":["Cursed Key","Snecko Eye","Eternal Feather"]}],"items_purged_floors":[],"is_endless":false,"potions_floor_spawned":[5,11,16,18],"killed_by":"Cultist and Chosen","ascension_level":0}