{"gold_per_floor":[109,109,34,34,44,44,79,154,154,185,199,213,232,242,242,242],"floor_reached":16,"playtime":16429,"items_purged":["Regret"],"score":178,"play_id":"c9b6cbd2-455d-4b10-b38b-5d87b4cdee8c","local_time":"20180817230048","is_ascension_mode":true,"campfire_choices":[{"data":"Zap","floor":6,"key":"SMITH"},{"data":"Dualcast","floor":15,"key":"SMITH"}],"neow_cost":"NONE","seed_source_timestamp":93620368279631,"circlet_count":0,"master_deck":["Strike_B","Strike_B","Strike_B","Defend_B","Defend_B","Defend_B","Defend_B","Zap+1","Dualcast+1","Ball Lightning","Cold Snap","Leap","Chill","Leap","Glacier","Self Repair"],"relics":["Cracked Core","NeowsBlessing","Cables","Blood Vial","Kunai","Ornamental Fan"],"potions_floor_usage":[10,14,16],"damage_taken":[{"damage":0,"enemies":"Jaw Worm","floor":1,"turns":1},{"damage":0,"enemies":"2 Louse","floor":5,"turns":1},{"damage":0,"enemies":"Lagavulin","floor":7,"turns":1},{"damage":16,"enemies":"3 Sentries","floor":10,"turns":7},{"damage":1,"enemies":"Small Slimes","floor":11,"turns":2},{"damage":0,"enemies":"Exordium Thugs","floor":12,"turns":4},{"damage":0,"enemies":"3 Louse","floor":13,"turns":3},{"damage":0,"enemies":"Large Slime","floor":14,"turns":5},{"damage":54,"enemies":"Hexaghost","floor":16,"turns":14}],"seed_played":"-7254996602153398773","potions_obtained":[{"floor":1,"key":"GamblersBrew"},{"floor":5,"key":"Strength Potion"},{"floor":13,"key":"Weak Potion"}],"is_trial":false,"path_per_floor":["M","?","$","?","M","R","E","?","T","E","M","M","M","M","R"],"character_chosen":"DEFECT","items_purchased":[],"campfire_rested":0,"item_purchase_floors":[],"current_hp_per_floor":[68,68,68,68,68,68,68,57,57,43,44,46,48,50,50,0],"gold":242,"neow_bonus":"THREE_ENEMY_KILL","is_prod":false,"is_daily":false,"chose_seed":false,"campfire_upgraded":2,"win_rate":0,"timestamp":1534568448,"path_taken":["M","?","$","?","M","R","E","?","T","E","M","M","M","M","R","BOSS"],"build_version":"2018-08-16","purchased_purges":1,"victory":false,"max_hp_per_floor":[75,75,75,75,75,75,75,75,75,75,75,75,75,75,75,75],"card_choices":[{"not_picked":["Capacitor","Barrage"],"picked":"Ball Lightning","floor":1},{"not_picked":["Compile Driver","Sweeping Beam"],"picked":"Leap","floor":5},{"not_picked":["Compile Driver","Barrage","Darkness"],"picked":"SKIP","floor":7},{"not_picked":["Compile Driver","Barrage"],"picked":"Chill","floor":10},{"not_picked":["Hello World","Stack"],"picked":"Leap","floor":11},{"not_picked":["Amplify","Leap"],"picked":"Glacier","floor":12},{"not_picked":["Turbo","Reprogram","Darkness"],"picked":"SKIP","floor":13},{"not_picked":["Steam","Turbo"],"picked":"Self Repair","floor":14}],"player_experience":466688,"relics_obtained":[{"floor":7,"key":"Blood Vial"},{"floor":9,"key":"Kunai"},{"floor":10,"key":"Ornamental Fan"}],"event_choices":[{"event_name":"Big Fish","player_choice":"Box","floor":2,"damage_taken":0},{"event_name":"Living Wall","player_choice":"Change","floor":4,"damage_taken":0},{"event_name":"World of Goop","player_choice":"Gather Gold","floor":8,"damage_taken":0}],"is_beta":true,"boss_relics":[],"items_purged_floors":[3],"is_endless":false,"potions_floor_spawned":[1,5,13],"killed_by":"Hexaghost","ascension_level":6}