{"gold_per_floor":[18,37,52,65,140,140,150,167,167,167,180,195,195,215,215,215],"floor_reached":16,"playtime":628,"items_purged":[],"score":162,"play_id":"b823c1b0-4df5-47a9-80c4-dc3cf001c3fb","local_time":"20190118211042","is_ascension_mode":true,"campfire_choices":[{"floor":6,"key":"REST"},{"floor":15,"key":"REST"}],"neow_cost":"NO_GOLD","seed_source_timestamp":2087530467794957,"circlet_count":0,"master_deck":["AscendersBane","Strike_B","Strike_B","Strike_B","Strike_B","Defend_B","Defend_B","Defend_B","Defend_B","Zap","Dualcast","Gash","Compile Driver","Hologram","Conserve Battery+1","Turbo","Coolheaded","Parasite","Reinforced Body+1","Double Energy","Stack"],"relics":["Cracked Core","Ginger","Symbiotic Virus"],"potions_floor_usage":[11,14,16],"damage_taken":[{"damage":6,"enemies":"Cultist","floor":1,"turns":3},{"damage":16,"enemies":"Small Slimes","floor":2,"turns":3},{"damage":3,"enemies":"Jaw Worm","floor":3,"turns":4},{"damage":13,"enemies":"3 Louse","floor":4,"turns":3},{"damage":4,"enemies":"Blue Slaver","floor":7,"turns":4},{"damage":9,"enemies":"Red Slaver","floor":8,"turns":3},{"damage":13,"enemies":"Gremlin Gang","floor":11,"turns":5},{"damage":9,"enemies":"2 Fungi Beasts","floor":12,"turns":3},{"damage":8,"enemies":"Blue Slaver","floor":14,"turns":3},{"damage":32,"enemies":"Slime Boss","floor":16,"turns":7}],"seed_played":"-1765344966778823190","potions_obtained":[{"floor":1,"key":"FocusPotion"},{"floor":8,"key":"SkillPotion"},{"floor":12,"key":"FearPotion"}],"is_trial":false,"path_per_floor":["M","M","M","M","?","R","M","M","T","?","M","M","?","M","R","B"],"character_chosen":"DEFECT","items_purchased":[],"campfire_rested":2,"item_purchase_floors":[],"current_hp_per_floor":[62,46,43,30,19,41,37,28,28,46,33,24,9,1,23,0],"gold":215,"neow_bonus":"ONE_RARE_RELIC","is_prod":false,"is_daily":false,"chose_seed":false,"campfire_upgraded":0,"win_rate":0,"timestamp":1547845842,"path_taken":["M","M","M","?","?","R","M","M","T","?","M","M","?","M","R","BOSS"],"build_version":"2019-01-17v2","purchased_purges":0,"victory":false,"max_hp_per_floor":[75,75,75,75,75,75,75,75,75,75,75,75,75,75,75,75],"card_choices":[{"not_picked":["Stack","Skim"],"picked":"Gash","floor":1},{"not_picked":["Tempest","Self Repair"],"picked":"Compile Driver","floor":2},{"not_picked":["Go for the Eyes","Hello World"],"picked":"Hologram","floor":3},{"not_picked":["Seek","Lockon"],"picked":"Conserve Battery","floor":4},{"not_picked":["Doom and Gloom","Undo"],"picked":"Turbo","floor":7},{"not_picked":["Barrage","Redo"],"picked":"Coolheaded","floor":8},{"not_picked":["Self Repair","Redo"],"picked":"Reinforced Body","floor":11},{"not_picked":["Blizzard","Self Repair"],"picked":"Double Energy","floor":12},{"not_picked":["Capacitor","Blizzard"],"picked":"Stack","floor":14}],"player_experience":418617,"relics_obtained":[{"floor":9,"key":"Symbiotic Virus"}],"event_choices":[{"damage_healed":0,"gold_gain":75,"player_choice":"Gather Gold","damage_taken":11,"max_hp_gain":0,"max_hp_loss":0,"event_name":"World of Goop","floor":5,"gold_loss":0},{"damage_healed":18,"gold_gain":0,"player_choice":"Healed and dodged fight","damage_taken":0,"max_hp_gain":0,"max_hp_loss":0,"event_name":"Mushrooms","floor":10,"gold_loss":0,"cards_obtained":["Parasite"]},{"damage_healed":0,"gold_gain":0,"player_choice":"Entered Light","damage_taken":15,"max_hp_gain":0,"max_hp_loss":0,"event_name":"Shining Light","floor":13,"gold_loss":0,"cards_upgraded":["Reinforced Body","Conserve Battery"]}],"is_beta":false,"boss_relics":[],"items_purged_floors":[],"is_endless":false,"potions_floor_spawned":[1,8,12],"killed_by":"Slime Boss","ascension_level":13}