{"gold_per_floor":[119,119,133,150,71,104,104,104,129,129,129,129,167,180,180,274,274,298,298,316,335,105,105,105,132,181,216,228,21,37,51,51,51],"floor_reached":33,"playtime":961,"items_purged":[],"score":485,"play_id":"ef468eb3-bea6-4e0e-a92c-60c1319642fa","local_time":"20190426164254","is_ascension_mode":true,"campfire_choices":[{"data":"Static Discharge","floor":7,"key":"SMITH"},{"data":"Zap","floor":10,"key":"SMITH"},{"data":"Darkness","floor":12,"key":"SMITH"},{"data":"Conserve Battery","floor":15,"key":"SMITH"},{"floor":23,"key":"REST"},{"data":"Storm","floor":28,"key":"SMITH"},{"floor":32,"key":"REST"}],"neow_cost":"NONE","seed_source_timestamp":2918520755356787,"circlet_count":0,"master_deck":["AscendersBane","Strike_B+1","Strike_B+1","Strike_B+1","Defend_B+1","Defend_B+1","Defend_B+1","Defend_B+1","Zap+1","Dualcast","Static Discharge+1","Darkness+1","Conserve Battery+1","Ball Lightning","Ball Lightning","Creative AI","Coolheaded","Hologram","Storm+1","Conserve Battery"],"relics":["Cracked Core","Orichalcum","Potion Belt","Golden Idol","Bag of Preparation","Busted Crown","Tiny Chest","Boot","MawBank","Runic Capacitor"],"potions_floor_usage":[6,16,33,33,33,33],"damage_taken":[{"damage":2,"enemies":"Cultist","floor":1,"turns":4},{"damage":20,"enemies":"Small Slimes","floor":3,"turns":4},{"damage":3,"enemies":"2 Louse","floor":4,"turns":3},{"damage":18,"enemies":"3 Sentries","floor":6,"turns":5},{"damage":38,"enemies":"Gremlin Nob","floor":13,"turns":3},{"damage":0,"enemies":"2 Fungi Beasts","floor":14,"turns":4},{"damage":3,"enemies":"Hexaghost","floor":16,"turns":7},{"damage":1,"enemies":"Spheric Guardian","floor":18,"turns":3},{"damage":7,"enemies":"Chosen","floor":20,"turns":5},{"damage":26,"enemies":"Sentry and Sphere","floor":21,"turns":5},{"damage":24,"enemies":"Centurion and Healer","floor":27,"turns":6},{"damage":6,"enemies":"Snecko","floor":30,"turns":5},{"damage":27,"enemies":"Shelled Parasite and Fungi","floor":31,"turns":5},{"damage":51,"enemies":"Champ","floor":33,"turns":9}],"seed_played":"5271006681250930491","potions_obtained":[{"floor":3,"key":"Fire Potion"},{"floor":4,"key":"Energy Potion"},{"floor":6,"key":"Strength Potion"},{"floor":13,"key":"PowerPotion"},{"floor":16,"key":"Poison Potion"},{"floor":20,"key":"Swift Potion"},{"floor":21,"key":"Dexterity Potion"}],"is_trial":false,"path_per_floor":["M","?","M","M","$","E","R","?","T","R","?","R","E","M","R","B",null,"M","?","M","M","$","R","?","T","T","M","R","$","M","M","R","B"],"character_chosen":"DEFECT","items_purchased":["FocusPotion","Storm","Tiny Chest","Runic Capacitor"],"campfire_rested":2,"item_purchase_floors":[5,22,22,29],"current_hp_per_floor":[69,69,49,46,46,28,28,54,54,54,54,54,16,16,16,13,57,56,56,49,23,23,44,58,58,58,34,34,34,28,1,22,0],"gold":51,"neow_bonus":"TEN_PERCENT_HP_BONUS","is_prod":false,"is_daily":false,"chose_seed":false,"campfire_upgraded":5,"win_rate":0,"timestamp":1556293374,"path_taken":["M","?","?","M","$","E","R","?","T","R","?","R","E","M","R","BOSS","M","?","M","M","$","R","?","?","T","M","R","$","?","M","R","BOSS"],"build_version":"2019-01-23","purchased_purges":0,"victory":false,"max_hp_per_floor":[78,78,78,78,78,78,78,78,78,78,71,71,71,71,71,71,71,71,71,71,71,71,71,71,71,71,71,71,71,71,71,71,71],"card_choices":[{"not_picked":["Leap","Barrage"],"picked":"Static Discharge","floor":1},{"not_picked":["Streamline","Steam Power"],"picked":"Conserve Battery","floor":3},{"not_picked":["Go for the Eyes","Chill"],"picked":"Ball Lightning","floor":4},{"not_picked":["Skim","Stack","Compile Driver"],"picked":"SKIP","floor":6},{"not_picked":["Compile Driver","Sweeping Beam","Beam Cell"],"picked":"SKIP","floor":13},{"not_picked":["Hologram","Scrape"],"picked":"Ball Lightning","floor":14},{"not_picked":["Thunder Strike","Rainbow"],"picked":"Creative AI","floor":16},{"not_picked":["Blizzard"],"picked":"SKIP","floor":18},{"not_picked":[],"picked":"Coolheaded","floor":20},{"not_picked":[],"picked":"Hologram","floor":21},{"not_picked":[],"picked":"Conserve Battery","floor":27},{"not_picked":["Rebound"],"picked":"SKIP","floor":30},{"not_picked":["Chaos"],"picked":"SKIP","floor":31}],"player_experience":213974,"relics_obtained":[{"floor":6,"key":"Orichalcum"},{"floor":9,"key":"Potion Belt"},{"floor":13,"key":"Bag of Preparation"},{"floor":25,"key":"Boot"},{"floor":26,"key":"MawBank"}],"event_choices":[{"damage_healed":0,"gold_gain":0,"cards_transformed":["Strike_B"],"player_choice":"Transformed","damage_taken":0,"max_hp_gain":0,"max_hp_loss":0,"event_name":"Transmorgrifier","floor":2,"gold_loss":0,"cards_obtained":["Darkness"]},{"damage_healed":26,"gold_gain":0,"player_choice":"Banana","damage_taken":0,"max_hp_gain":0,"max_hp_loss":0,"event_name":"Big Fish","floor":8,"gold_loss":0},{"damage_healed":0,"gold_gain":0,"player_choice":"Lose Max HP","damage_taken":0,"relics_obtained":["Golden Idol"],"max_hp_gain":0,"max_hp_loss":7,"event_name":"Golden Idol","floor":11,"gold_loss":0},{"damage_healed":0,"gold_gain":0,"player_choice":"Simplicity","damage_taken":0,"max_hp_gain":0,"max_hp_loss":0,"event_name":"Back to Basics","floor":19,"gold_loss":0,"cards_upgraded":["Strike_B","Strike_B","Strike_B","Defend_B","Defend_B","Defend_B","Defend_B"]},{"damage_healed":14,"gold_gain":0,"player_choice":"Heal","damage_taken":0,"max_hp_gain":0,"max_hp_loss":0,"event_name":"The Library","floor":24,"gold_loss":0}],"is_beta":false,"boss_relics":[{"not_picked":["Runic Pyramid","Pandora\u0027s Box"],"picked":"Busted Crown"}],"items_purged_floors":[],"is_endless":false,"potions_floor_spawned":[3,4,6,13,16,20,21,27],"killed_by":"Champ","ascension_level":18}