{"path_per_floor":["M","$","?","?","?","R","$","R","T","M","R","M","E","M","R","B",null,"M","M","$","?","M","R","E","R","T","M","M","M","R","?","R","B",null,"M","M","?","?","$","R","M","R","T","M","?"],"character_chosen":"THE_SILENT","items_purchased":["Infinite Blades","Shuriken","Cloak And Dagger"],"gold_per_floor":[113,1,1,1,76,76,76,76,102,116,116,130,156,175,175,280,280,290,305,20,20,30,30,58,58,58,70,83,101,101,101,101,201,201,211,231,231,277,177,177,193,193,193,203,203],"floor_reached":46,"campfire_rested":6,"playtime":2727,"current_hp_per_floor":[63,63,45,45,34,34,34,52,52,52,52,52,50,49,49,24,63,63,63,63,49,35,53,29,47,47,31,31,31,49,49,49,34,63,62,59,49,9,9,27,12,30,30,15,15],"items_purged":["Strike_G","Madness"],"gold":203,"play_id":"08d74478-662e-4a5b-a93e-d45f63852508","is_prod":false,"is_daily":false,"is_ascension_mode":false,"campfire_upgraded":4,"path_taken":["M","$","?","?","?","R","$","R","T","M","R","M","E","M","R","BOSS","M","M","$","?","M","R","E","R","T","M","M","M","R","?","R","BOSS","M","M","?","?","$","R","M","R","T","M","?","?"],"build_version":"2018-01-25-BETA1","purchased_purges":2,"victory":false,"master_deck":["Defend_G","Defend_G+1","Defend_G","Defend_G","Defend_G","Strike_G+1","Strike_G","Strike_G","Strike_G+1","Survivor","Neutralize","Dash","Infinite Blades+1","Blade Dance+1","Well Laid Plans","Endless Agony","Noxious Fumes+1","After Image","Noxious Fumes","Cloak And Dagger+1","Good Instincts","Blur","Accuracy+1","Adrenaline","Infinite Blades+1"],"max_hp_per_floor":[63,63,63,63,63,63,63,63,63,63,63,63,63,63,63,63,63,63,63,63,63,63,63,63,63,63,63,63,63,63,63,63,63,63,63,63,63,63,63,63,63,63,63,63,63],"relics":["Ring of the Snake","Sundial","Kunai","Pen Nib","Snake Skull","Sozu","Shuriken","Whetstone","War Paint","The Specimen","Ginger","Dream Catcher"],"card_choices":[{"not_picked":["Leg Sweep","Setup"],"picked":"Dash"},{"not_picked":["Prepared","Slice"],"picked":"Blade Dance"},{"not_picked":["Malaise","Eviscerate"],"picked":"Well Laid Plans"},{"not_picked":["Poisoned Stab","A Thousand Cuts"],"picked":"Endless Agony"},{"not_picked":["Sucker Punch","Riddle With Holes"],"picked":"Noxious Fumes"},{"not_picked":["Glass Knife","Tactician"],"picked":"After Image"},{"not_picked":["Slice","Dagger Spray"],"picked":"Noxious Fumes"},{"not_picked":["Caltrops","Deadly Poison"],"picked":"Blur"},{"not_picked":["Backflip","Flechettes"],"picked":"Accuracy"},{"not_picked":["Wraith Form","Die Die Die"],"picked":"Adrenaline"},{"not_picked":["Malaise","Underhanded Strike"],"picked":"Infinite Blades"}],"player_experience":95633,"potions_floor_usage":[13],"damage_taken":[{"damage":0,"enemies":"Small Slimes","floor":1,"turns":3},{"damage":0,"enemies":"2 Louse","floor":10,"turns":3},{"damage":0,"enemies":"Blue Slaver","floor":12,"turns":3},{"damage":2,"enemies":"Lagavulin","floor":13,"turns":5},{"damage":1,"enemies":"Large Slime","floor":14,"turns":5},{"damage":25,"enemies":"Hexaghost","floor":16,"turns":9},{"damage":0,"enemies":"3 Byrds","floor":18,"turns":5},{"damage":0,"enemies":"Spheric Guardian","floor":19,"turns":4},{"damage":14,"enemies":"Slaver and Parasite","floor":22,"turns":6},{"damage":24,"enemies":"Gremlin Leader","floor":24,"turns":6},{"damage":16,"enemies":"Centurion and Healer","floor":27,"turns":4},{"damage":0,"enemies":"Snecko","floor":28,"turns":5},{"damage":0,"enemies":"3 Cultists","floor":29,"turns":4},{"damage":15,"enemies":"Automaton","floor":33,"turns":8},{"damage":1,"enemies":"Orb Walker","floor":35,"turns":4},{"damage":3,"enemies":"3 Darklings","floor":36,"turns":4},{"damage":40,"enemies":"Mysterious Sphere","floor":38,"turns":6},{"damage":15,"enemies":"Flame Bruiser 2 Orb","floor":41,"turns":6},{"damage":15,"enemies":"Sphere and 2 Shapes","floor":44,"turns":6},{"damage":15,"enemies":"3 Darklings","floor":46,"turns":3}],"event_choices":[{"event_name":"Scrap Ooze","player_choice":"success","floor":3,"damage_taken":18},{"event_name":"The Cleric","player_choice":"Leave","floor":4,"damage_taken":0},{"event_name":"World of Goop","player_choice":"Gather Gold","floor":5,"damage_taken":0},{"event_name":"Knowing Skull","player_choice":"CARD ","floor":21,"damage_taken":0},{"event_name":"The Lab","player_choice":"Got Potions","floor":31,"damage_taken":0},{"event_name":"Winding Halls","player_choice":"Embrace Madness","floor":37,"damage_taken":0},{"event_name":"Mysterious Sphere","player_choice":"Fight","floor":38,"damage_taken":0}],"boss_relics":[{"not_picked":["Snecko Eye","Lizard Tail"],"picked":"Sozu"},{"not_picked":["Orrery","Question Card"],"picked":"The Specimen"}],"potions_floor_spawned":[1,10,14,16,18,19,24,36,38,44],"seed_played":"-973494386697375142","killed_by":"3 Darklings","ascension_level":0,"is_trial":false}