{"path_per_floor":["M","?","?","M","M","R","$","M","T","M","R","M","R","M","R","B",null,"M","M","?","$","M","R","M","R","T","?","M","M","M","M","R"],"character_chosen":"DEFECT","items_purchased":["Heatsinks","Dead Branch"],"gold_per_floor":[217,217,167,182,197,197,86,98,173,184,184,203,203,223,223,322,322,332,343,343,40,56,56,69,69,69,69,84,98,114,129,129,129],"floor_reached":33,"campfire_rested":2,"playtime":3412,"item_purchase_floors":[7,21],"current_hp_per_floor":[75,60,60,55,44,44,44,39,39,38,38,41,41,34,34,30,75,75,75,75,75,18,40,40,40,40,40,29,31,25,16,38,0],"items_purged":["Strike_B"],"gold":129,"score":245,"play_id":"36cb6d62-0b6c-4b08-8fbd-605508573fb4","local_time":"20180611190211","is_prod":false,"is_daily":false,"chose_seed":false,"is_ascension_mode":false,"campfire_upgraded":5,"win_rate":0.0,"timestamp":1528754531,"campfire_choices":[{"data":"Zap","floor":6,"key":"SMITH"},{"data":"Darkness","floor":11,"key":"SMITH"},{"data":"Redo","floor":13,"key":"SMITH"},{"data":"Coolheaded","floor":15,"key":"SMITH"},{"floor":23,"key":"REST"},{"data":"Dualcast","floor":25,"key":"SMITH"},{"floor":32,"key":"REST"}],"path_taken":["M","?","?","M","M","R","$","M","T","M","R","M","R","M","R","BOSS","M","M","?","$","M","R","M","R","T","?","M","M","M","M","R","BOSS"],"build_version":"2018-06-07v3","seed_source_timestamp":166477728996531,"purchased_purges":1,"victory":false,"master_deck":["Strike_B+1","Strike_B+1","Defend_B+1","Defend_B+1","Defend_B+1","Defend_B+1","Zap+1","Dualcast+1","Redo+1","White Noise","Gash","Heatsinks","Darkness+1","Conserve Battery","Melter","Coolheaded+1","Multi-Cast","Gash","Ball Lightning","Lockon+1","Storm+1","Normality","Tempest","White Noise+1","Stack+1","BootSequence"],"max_hp_per_floor":[75,75,75,75,75,75,75,75,75,75,75,75,75,75,75,75,75,75,75,75,75,75,75,75,75,75,75,75,75,75,75,75,75],"relics":["Cracked Core","Dodecahedron","Cursed Key","Dead Branch","Blue Candle"],"card_choices":[{"not_picked":["Stack","Sweeping Beam"],"picked":"Redo","floor":1},{"not_picked":["Coolheaded","Skim"],"picked":"White Noise","floor":4},{"not_picked":["Stack","Sweeping Beam"],"picked":"Gash","floor":5},{"not_picked":["Scrape","Barrage"],"picked":"Darkness","floor":8},{"not_picked":["Tempest","Stack"],"picked":"Conserve Battery","floor":10},{"not_picked":["Heatsinks","Aggregate"],"picked":"Melter","floor":12},{"not_picked":["Beam Cell","Redo"],"picked":"Coolheaded","floor":14},{"not_picked":["Amplify","Thunder Strike"],"picked":"Multi-Cast","floor":16},{"not_picked":["Conserve Battery","Scrape"],"picked":"Gash","floor":18},{"not_picked":["Glacier","Steam"],"picked":"Ball Lightning","floor":19},{"not_picked":["Glacier","Compile Driver"],"picked":"Lockon+1","floor":22},{"not_picked":["Ball Lightning+1","Conserve Battery"],"picked":"Storm+1","floor":24},{"not_picked":["Force Field","Conserve Battery"],"picked":"Tempest","floor":28},{"not_picked":["Go for the Eyes","Scrape"],"picked":"White Noise+1","floor":29},{"not_picked":["Leap+1","Multi-Cast"],"picked":"Stack+1","floor":30},{"not_picked":["Hologram","Ball Lightning"],"picked":"BootSequence","floor":31}],"player_experience":224223,"potions_floor_usage":[16,16,22,29,33],"damage_taken":[{"damage":0,"enemies":"2 Louse","floor":1,"turns":2},{"damage":5,"enemies":"Small Slimes","floor":4,"turns":3},{"damage":11,"enemies":"Jaw Worm","floor":5,"turns":2},{"damage":5,"enemies":"Looter","floor":8,"turns":3},{"damage":1,"enemies":"2 Fungi Beasts","floor":10,"turns":4},{"damage":4,"enemies":"3 Louse","floor":12,"turns":4},{"damage":7,"enemies":"Looter","floor":14,"turns":4},{"damage":19,"enemies":"Hexaghost","floor":16,"turns":8},{"damage":0,"enemies":"Spheric Guardian","floor":18,"turns":3},{"damage":0,"enemies":"3 Byrds","floor":19,"turns":2},{"damage":57,"enemies":"Cultist and Chosen","floor":22,"turns":5},{"damage":0,"enemies":"Centurion and Healer","floor":24,"turns":4},{"damage":11,"enemies":"Snecko","floor":28,"turns":4},{"damage":7,"enemies":"Sentry and Sphere","floor":29,"turns":3},{"damage":6,"enemies":"Snake Plant","floor":30,"turns":4},{"damage":9,"enemies":"Centurion and Healer","floor":31,"turns":4},{"damage":57,"enemies":"Collector","floor":33,"turns":7}],"relics_obtained":[{"floor":9,"key":"Dodecahedron"},{"floor":26,"key":"Blue Candle"}],"event_choices":[{"event_name":"Shining Light","player_choice":"Entered Light","floor":2,"damage_taken":0},{"event_name":"The Cleric","player_choice":"Card Removal","floor":3,"damage_taken":0},{"event_name":"Vampires","player_choice":"Ignored","floor":20,"damage_taken":0},{"event_name":"Back to Basics","player_choice":"Simplicity","floor":27,"damage_taken":0}],"boss_relics":[{"not_picked":["Calling Bell","Eternal Feather"],"picked":"Cursed Key"}],"items_purged_floors":[7],"potions_floor_spawned":[8,10,12,14,18,22,28],"seed_played":"-949845982317303263","killed_by":"Collector","ascension_level":0,"potions_obtained":[{"floor":8,"key":"Regen Potion"},{"floor":10,"key":"LiquidBronze"},{"floor":12,"key":"Swift Potion"},{"floor":18,"key":"FearPotion"},{"floor":22,"key":"Strength Potion"},{"floor":28,"key":"Regen Potion"}],"is_trial":false}