{"gold_per_floor":[109,284,284,294,173,205,223,253,253,253,272,282,73,86,86,183,183,197,122,122,137,52,86,86,86,134,144,162,162,62,80,80,177,177,194,208,208,208],"floor_reached":38,"playtime":1830,"items_purged":["Strike_B","Strike_B"],"score":697,"play_id":"c306ee3b-3e13-41c0-8209-eeb37e2f1979","local_time":"20190430153448","is_ascension_mode":true,"campfire_choices":[{"data":"Lockon","floor":10,"key":"SMITH"},{"data":"Zap","floor":15,"key":"SMITH"},{"floor":25,"key":"REST"},{"floor":29,"key":"REST"},{"floor":32,"key":"REST"}],"neow_cost":"NONE","seed_source_timestamp":544413673940321,"circlet_count":0,"master_deck":["Strike_B","Strike_B","Defend_B","Defend_B","Defend_B","Defend_B","Zap+1","Dualcast","Ball Lightning","Self Repair","Lockon+1","Ball Lightning","Glacier","Leap","Melter","Cold Snap","Electrodynamics","Beam Cell+1","Coolheaded","Thunder Strike","Redo+1","Capacitor","Leap+1"],"relics":["Cracked Core","NeowsBlessing","Bag of Marbles","Ornamental Fan","Boot","Toolbox","Fusion Hammer","Blue Candle","Bag of Preparation","Nilry\u0027s Codex","Vajra","Inserter"],"potions_floor_usage":[8,23,23,33,38],"damage_taken":[{"damage":0,"enemies":"Cultist","floor":1,"turns":1},{"damage":0,"enemies":"2 Louse","floor":4,"turns":1},{"damage":0,"enemies":"Gremlin Nob","floor":6,"turns":1},{"damage":9,"enemies":"Jaw Worm","floor":7,"turns":3},{"damage":15,"enemies":"Lagavulin","floor":8,"turns":5},{"damage":20,"enemies":"Lots of Slimes","floor":11,"turns":5},{"damage":0,"enemies":"Blue Slaver","floor":12,"turns":2},{"damage":0,"enemies":"3 Louse","floor":14,"turns":2},{"damage":0,"enemies":"Slime Boss","floor":16,"turns":5},{"damage":12,"enemies":"Shell Parasite","floor":18,"turns":3},{"damage":0,"enemies":"Chosen","floor":21,"turns":4},{"damage":37,"enemies":"Book of Stabbing","floor":23,"turns":5},{"damage":5,"enemies":"3 Cultists","floor":27,"turns":4},{"damage":12,"enemies":"Centurion and Healer","floor":28,"turns":4},{"damage":0,"enemies":"Sentry and Sphere","floor":31,"turns":2},{"damage":40,"enemies":"Automaton","floor":33,"turns":12},{"damage":0,"enemies":"Orb Walker","floor":35,"turns":4},{"damage":9,"enemies":"3 Shapes","floor":36,"turns":2},{"damage":56,"enemies":"Spire Growth","floor":38,"turns":4}],"seed_played":"8045332171317279001","potions_obtained":[{"floor":6,"key":"FocusPotion"},{"floor":7,"key":"FearPotion"},{"floor":11,"key":"PowerPotion"},{"floor":23,"key":"EssenceOfSteel"},{"floor":27,"key":"Poison Potion"},{"floor":28,"key":"Ancient Potion"},{"floor":33,"key":"Energy Potion"}],"is_trial":false,"path_per_floor":["M","?","?","M","$","E","M","E","T","R","M","M","$","M","R","B",null,"M","$","?","M","?","E","?","R","T","M","M","R","$","M","R","B",null,"M","M","?","M"],"character_chosen":"DEFECT","items_purchased":["Lockon","Ball Lightning","Toolbox"],"campfire_rested":3,"item_purchase_floors":[5,5,13],"current_hp_per_floor":[68,68,68,68,68,68,66,58,58,58,45,45,45,45,45,52,69,64,64,64,64,64,34,18,40,40,35,23,45,45,45,67,34,65,65,56,56,0],"gold":208,"neow_bonus":"THREE_ENEMY_KILL","is_prod":false,"is_daily":false,"chose_seed":false,"campfire_upgraded":2,"win_rate":0,"timestamp":1556660088,"path_taken":["M","?","?","M","?","E","M","E","T","R","?","M","$","M","R","BOSS","M","?","?","M","?","E","?","R","T","M","M","R","$","?","R","BOSS","M","M","?","M"],"build_version":"2019-04-23","purchased_purges":2,"victory":false,"max_hp_per_floor":[75,75,75,75,75,75,75,75,75,75,75,75,75,75,75,75,75,75,75,75,75,75,75,75,75,75,75,75,75,75,75,75,75,75,75,75,75,75],"card_choices":[{"not_picked":["Coolheaded","Capacitor"],"picked":"Ball Lightning","floor":1},{"not_picked":["Lockon","Storm"],"picked":"Self Repair","floor":4},{"not_picked":["Auto Shields","Double Energy"],"picked":"Glacier","floor":6},{"not_picked":["Steam","Go for the Eyes","Turbo"],"picked":"SKIP","floor":7},{"not_picked":["Gash","Scrape"],"picked":"Leap","floor":8},{"not_picked":["Turbo","Genetic Algorithm"],"picked":"Melter","floor":11},{"not_picked":["Stack","Heatsinks","Gash"],"picked":"SKIP","floor":12},{"not_picked":["Sweeping Beam","Compile Driver"],"picked":"Cold Snap","floor":14},{"not_picked":["Biased Cognition","Core Surge"],"picked":"Electrodynamics","floor":16},{"not_picked":["Streamline","Coolheaded","Melter"],"picked":"SKIP","floor":18},{"not_picked":["Ball Lightning+1","Auto Shields"],"picked":"Beam Cell+1","floor":21},{"not_picked":["Rebound","Barrage"],"picked":"Coolheaded","floor":23},{"not_picked":["Storm","Gash"],"picked":"Thunder Strike","floor":27},{"not_picked":["Steam Power","Reinforced Body"],"picked":"Redo+1","floor":28},{"not_picked":["Barrage+1","Redo"],"picked":"Capacitor","floor":31},{"not_picked":["Heatsinks+1","Reprogram","Self Repair+1"],"picked":"SKIP","floor":35},{"not_picked":["Chaos","Sweeping Beam"],"picked":"Leap+1","floor":36}],"player_experience":574729,"relics_obtained":[{"floor":6,"key":"Bag of Marbles"},{"floor":8,"key":"Ornamental Fan"},{"floor":9,"key":"Boot"},{"floor":23,"key":"Bag of Preparation"},{"floor":24,"key":"Nilry\u0027s Codex"},{"floor":26,"key":"Vajra"}],"event_choices":[{"damage_healed":0,"gold_gain":175,"player_choice":"AGREE","damage_taken":0,"max_hp_gain":0,"max_hp_loss":0,"event_name":"Liars Game","floor":2,"gold_loss":0,"cards_obtained":["Doubt"]},{"cards_removed":["Doubt"],"damage_healed":0,"gold_gain":0,"player_choice":"Forget","damage_taken":0,"max_hp_gain":0,"max_hp_loss":0,"event_name":"Living Wall","floor":3,"gold_loss":0},{"damage_healed":0,"gold_gain":0,"player_choice":"Ignored","damage_taken":0,"max_hp_gain":0,"max_hp_loss":0,"event_name":"Vampires","floor":20,"gold_loss":0},{"damage_healed":0,"gold_gain":0,"player_choice":"Obtained Relic","damage_taken":0,"relics_obtained":["Blue Candle"],"max_hp_gain":0,"max_hp_loss":0,"event_name":"Addict","floor":22,"gold_loss":85},{"damage_healed":0,"gold_gain":0,"player_choice":"Obtained Book","damage_taken":16,"max_hp_gain":0,"max_hp_loss":0,"event_name":"Cursed Tome","floor":24,"gold_loss":0},{"damage_healed":0,"gold_gain":0,"player_choice":"Ignored","damage_taken":0,"max_hp_gain":0,"max_hp_loss":0,"event_name":"Tomb of Lord Red Mask","floor":37,"gold_loss":0}],"is_beta":true,"boss_relics":[{"not_picked":["Runic Dome","Lizard Tail"],"picked":"Fusion Hammer"},{"not_picked":["Runic Pyramid","White Beast Statue"],"picked":"Inserter"}],"items_purged_floors":[19,30],"is_endless":false,"potions_floor_spawned":[6,7,11,23,27,28,33],"killed_by":"Spire Growth","ascension_level":9}