{"path_per_floor":["M","M","M","?","M","E","M","R","T","?","M","?","M","M","R"],"character_chosen":"THE_SILENT","items_purchased":[],"gold_per_floor":[99,99,99,99,99,99,99,99,99,99,69,30,30,0,0],"floor_reached":16,"campfire_rested":2,"playtime":1614,"current_hp_per_floor":[68,64,63,56,45,23,25,46,46,30,22,22,24,24,45],"items_purged":[],"gold":0,"play_id":"c73edc3a-12e3-4936-8616-ca77d1e33a10","is_prod":false,"is_daily":false,"campfire_rituals":0,"campfire_upgraded":0,"is_hardmode":false,"path_taken":["M","M","?","?","M","E","M","R","T","?","M","?","M","M","R","BOSS"],"build_version":"2018-01-05-BETA1","purchased_purges":0,"victory":false,"master_deck":["Defend_G","Defend_G","Defend_G","Defend_G","Defend_G","Strike_G","Strike_G","Strike_G","Strike_G","Survivor","Neutralize","Backflip","Storm of Steel","Dagger Spray","Sucker Punch","Blade Dance","Dagger Spray","Caltrops","Sucker Punch","Accuracy","Escape Plan"],"max_hp_per_floor":[70,70,70,70,70,70,70,70,70,70,70,70,70,70,70],"relics":["Ectoplasm","Blood Vial","Juzu Bracelet","Toxic Egg"],"campfire_meditates":0,"card_choices":[{"not_picked":["Dagger Throw","Acrobatics"],"picked":"Backflip"},{"not_picked":["Outmaneuver","Bane"],"picked":"Storm of Steel"},{"not_picked":["Crippling Poison","Deadly Poison"],"picked":"Dagger Spray"},{"not_picked":["Dash","Calculated Gamble"],"picked":"Sucker Punch"},{"not_picked":["Underhanded Strike","Endless Agony"],"picked":"Blade Dance"},{"not_picked":["Underhanded Strike","Outmaneuver"],"picked":"Dagger Spray"},{"not_picked":["Prepared","Quick Slash"],"picked":"Caltrops"},{"not_picked":["Slice","All Out Attack"],"picked":"Sucker Punch"},{"not_picked":["Expertise","Footwork"],"picked":"Accuracy"},{"not_picked":["Sucker Punch","Outmaneuver"],"picked":"Escape Plan"}],"player_experience":101054,"potions_floor_usage":[6,11,16,16],"damage_taken":[{"damage":2,"enemies":"Blue Slaver","floor":1,"turns":5},{"damage":4,"enemies":"Cultist","floor":2,"turns":6},{"damage":1,"enemies":"2 Louse","floor":3,"turns":2},{"damage":11,"enemies":"Exordium Wildlife","floor":5,"turns":5},{"damage":22,"enemies":"Gremlin Nob","floor":6,"turns":5},{"damage":0,"enemies":"3 Louse","floor":7,"turns":2},{"damage":18,"enemies":"Gremlin Nob","floor":10,"turns":4},{"damage":10,"enemies":"Exordium Thugs","floor":11,"turns":3},{"damage":0,"enemies":"Large Slime","floor":13,"turns":6},{"damage":2,"enemies":"Looter","floor":14,"turns":3},{"damage":48,"enemies":"The Guardian","floor":16,"turns":11}],"event_choices":[{"event_name":"Golden Wing","player_choice":"Card Removal","floor":4,"damage_taken":0},{"event_name":"Dead Adventurer","player_choice":"Searched \u00271\u0027 times","floor":10,"damage_taken":0},{"event_name":"World of Goop","player_choice":"Left","floor":12,"damage_taken":0}],"boss_relics":[],"potions_floor_spawned":[2,7,10,13,14],"seed_played":"4569740288296622565","killed_by":"The Guardian","is_trial":false}