{"gold_per_floor":[117,10,10,285,305,332,355,131,158,185,201,228,247,261,261,261],"floor_reached":16,"playtime":514,"items_purged":["Regret"],"score":267,"play_id":"b9accb90-0833-467e-9846-4df427f3cf05","local_time":"20190427201255","is_ascension_mode":true,"campfire_choices":[{"data":"Bash","floor":15,"key":"SMITH"}],"neow_cost":"NONE","seed_source_timestamp":3482601433903737,"circlet_count":0,"master_deck":["AscendersBane","Strike_R","Strike_R","Strike_R","Strike_R","Strike_R","Defend_R","Defend_R","Defend_R","Defend_R","Bash+1","Flame Barrier","Finesse","Pommel Strike","Dropkick","Shrug It Off","Whirlwind","Shrug It Off"],"relics":["Burning Blood","NeowsBlessing","MawBank","Juzu Bracelet","Happy Flower","Odd Mushroom","Ancient Tea Set"],"potions_floor_usage":[12,14],"damage_taken":[{"damage":0,"enemies":"Jaw Worm","floor":1,"turns":1},{"damage":0,"enemies":"2 Louse","floor":5,"turns":1},{"damage":0,"enemies":"Gremlin Nob","floor":6,"turns":1},{"damage":3,"enemies":"Cultist","floor":7,"turns":3},{"damage":20,"enemies":"The Mushroom Lair","floor":10,"turns":5},{"damage":4,"enemies":"2 Fungi Beasts","floor":11,"turns":4},{"damage":48,"enemies":"3 Sentries","floor":12,"turns":13},{"damage":11,"enemies":"3 Louse","floor":13,"turns":5},{"damage":7,"enemies":"Red Slaver","floor":14,"turns":5},{"damage":33,"enemies":"Hexaghost","floor":16,"turns":9}],"seed_played":"-440399612687000648","potions_obtained":[{"floor":5,"key":"Ancient Potion"},{"floor":7,"key":"EssenceOfSteel"},{"floor":12,"key":"Regen Potion"}],"is_trial":false,"path_per_floor":["M","$","?","?","M","E","M","$","T","?","M","E","M","M","R","B"],"character_chosen":"IRONCLAD","items_purchased":["Finesse","Juzu Bracelet"],"campfire_rested":0,"item_purchase_floors":[2,8],"current_hp_per_floor":[74,74,74,74,75,75,75,75,75,61,63,21,16,29,29,0],"gold":261,"neow_bonus":"THREE_ENEMY_KILL","is_prod":false,"is_daily":false,"chose_seed":false,"campfire_upgraded":1,"win_rate":0,"timestamp":1556392375,"path_taken":["M","$","?","?","?","E","M","$","T","?","M","E","M","M","R","BOSS"],"build_version":"2019-01-23","purchased_purges":1,"victory":false,"max_hp_per_floor":[75,75,75,75,75,75,75,75,75,75,75,75,75,75,75,75],"card_choices":[{"not_picked":["Wild Strike","Flex"],"picked":"Flame Barrier","floor":1},{"not_picked":["Reckless Charge","Flex"],"picked":"Pommel Strike","floor":5},{"not_picked":["Feed","Uppercut"],"picked":"Dropkick","floor":6},{"not_picked":["Clash","True Grit","Body Slam"],"picked":"SKIP","floor":7},{"not_picked":["Headbutt","Clothesline"],"picked":"Shrug It Off","floor":11},{"not_picked":["Clash","Flex"],"picked":"Whirlwind","floor":12},{"not_picked":["Twin Strike","Havoc"],"picked":"Shrug It Off","floor":13},{"not_picked":["Fiend Fire","Anger","Fire Breathing"],"picked":"SKIP","floor":14}],"player_experience":714751,"relics_obtained":[{"floor":6,"key":"MawBank"},{"floor":9,"key":"Happy Flower"},{"floor":10,"key":"Odd Mushroom"},{"floor":12,"key":"Ancient Tea Set"}],"event_choices":[{"damage_healed":0,"gold_gain":0,"player_choice":"Leave","damage_taken":0,"max_hp_gain":0,"max_hp_loss":0,"event_name":"The Cleric","floor":3,"gold_loss":0},{"damage_healed":0,"gold_gain":275,"player_choice":"Desecrate","damage_taken":0,"max_hp_gain":0,"max_hp_loss":0,"event_name":"Golden Shrine","floor":4,"gold_loss":0,"cards_obtained":["Regret"]},{"damage_healed":0,"gold_gain":0,"player_choice":"Fought Mushrooms","damage_taken":0,"max_hp_gain":0,"max_hp_loss":0,"event_name":"Mushrooms","floor":10,"gold_loss":0}],"is_beta":false,"boss_relics":[],"items_purged_floors":[8],"is_endless":false,"potions_floor_spawned":[5,7,12],"killed_by":"Hexaghost","ascension_level":19}