{"path_per_floor":["M","$","M","?","M","E","M","M","T","E","?","M","E","T","R","B",null,"M","$","?","M","?","E","M","R","T","M","M","$","M","E","R","B",null,"M","?","?","M","M","E","R","?","T","M","E","$","E","M","R","B"],"character_chosen":"THE_SILENT","items_purchased":["Trip","Aggregate","Girya","Shockwave","Panache","Blind"],"gold_per_floor":[114,20,35,35,50,80,95,110,135,165,184,199,229,254,254,354,354,369,35,35,50,50,80,95,95,95,110,125,125,140,170,170,270,270,285,265,265,280,295,325,325,374,374,389,419,44,74,89,89,89],"floor_reached":51,"campfire_rested":1,"playtime":1824,"item_purchase_floors":[2,19,19,46,46,46],"current_hp_per_floor":[70,70,70,75,75,75,73,73,73,60,60,60,70,70,70,64,85,85,85,85,85,85,76,71,71,71,71,71,71,62,62,62,36,85,85,85,74,74,71,71,71,71,71,55,55,55,46,46,71,34],"items_purged":[],"gold":89,"score":1049,"play_id":"71a71da1-af61-4220-9d2e-a860cc710cdd","local_time":"20180623123405","daily_mods":["Diverse","Time Dilation","Hoarder"],"is_prod":false,"is_daily":true,"chose_seed":false,"is_ascension_mode":false,"campfire_upgraded":1,"win_rate":0,"timestamp":1529778845,"campfire_choices":[{"data":"Backstab","floor":15,"key":"SMITH"},{"data":"1","floor":25,"key":"LIFT"},{"data":"2","floor":32,"key":"LIFT"},{"data":"3","floor":41,"key":"LIFT"},{"floor":49,"key":"REST"}],"path_taken":["M","$","M","?","M","E","M","M","T","E","?","?","E","?","R","BOSS","M","$","?","M","?","E","M","R","T","M","?","$","M","E","R","BOSS","M","?","?","M","M","E","R","?","T","M","E","$","E","M","R","BOSS"],"build_version":"2018-06-21","seed_source_timestamp":0,"purchased_purges":0,"circlet_count":0,"victory":true,"master_deck":["Defend_G","Defend_G","Defend_G","Defend_G","Defend_G","Strike_G","Strike_G","Strike_G","Strike_G","Strike_G","Survivor","Neutralize","Sweeping Beam","Sweeping Beam","Sweeping Beam","Trip","Trip","Trip","Blur","Blur","Blur","Rebound","Rebound","Rebound","Backstab+1","Backstab+1","Backstab","Hologram","Hologram","Hologram","Seek","Seek","Seek","Aggregate","Aggregate","Aggregate","Neutralize","Neutralize","Neutralize","Gash","Gash","Gash+1","Beam Cell","Beam Cell","Beam Cell","Backstab","Backstab","Backstab+1","Cloak And Dagger+1","Cloak And Dagger+1","Cloak And Dagger+1","All For One+1","All For One+1","All For One+1","Madness","Madness","Madness","Madness","Madness","Madness","Shockwave","Shockwave","Shockwave","Panache","Panache","Panache","Blind","Blind","Blind","Backflip","Backflip","Backflip"],"max_hp_per_floor":[70,70,70,75,75,75,75,75,75,75,75,75,85,85,85,85,85,85,85,85,85,85,85,85,85,85,85,85,85,85,85,85,85,85,85,85,85,85,85,85,85,85,85,85,85,85,85,85,85,85],"special_seed":17705,"relics":["Ring of the Snake","Ancient Tea Set","Happy Flower","Du-Vu Doll","Odd Mushroom","Pear","Pen Nib","Black Star","Girya","Vajra","Snake Skull","Matryoshka","Kunai","Molten Egg 2","Busted Crown","Calipers","Incense Burner","Tingsha","Whetstone","Tough Bandages","Smiling Mask","Bottled Flame","Toolbox","Bottled Tornado"],"card_choices":[{"not_picked":["Tempest","Sword Boomerang"],"picked":"Sweeping Beam","floor":1},{"not_picked":["Stack","Flying Knee"],"picked":"Blur","floor":3},{"not_picked":["Steam","Finisher","Quick Slash"],"picked":"SKIP","floor":5},{"not_picked":["Second Wind","Headbutt"],"picked":"Rebound","floor":6},{"not_picked":["Dodge and Roll","Berserk"],"picked":"Backstab","floor":7},{"not_picked":["Capacitor","Anger","Thunderclap"],"picked":"SKIP","floor":8},{"not_picked":["Buffer","Deadly Poison","Entrench"],"picked":"SKIP","floor":10},{"not_picked":["Consume","Compile Driver","Scrape"],"picked":"SKIP","floor":12},{"not_picked":["Fiend Fire","Masterful Stab"],"picked":"Hologram","floor":13},{"not_picked":["Tactician","Phantasmal Killer"],"picked":"Seek","floor":16},{"not_picked":["PiercingWail","Poisoned Stab","Hello World"],"picked":"SKIP","floor":18},{"not_picked":["Sunder","Force Field+1","Prepared"],"picked":"SKIP","floor":21},{"not_picked":["Poisoned Stab","Prepared","Doom and Gloom"],"picked":"SKIP","floor":23},{"not_picked":["Sucker Punch","Expertise"],"picked":"Gash","floor":24},{"not_picked":["Thunderclap+1","Warcry"],"picked":"Beam Cell","floor":27},{"not_picked":["Rage","Blood for Blood+1","Reprogram"],"picked":"SKIP","floor":28},{"not_picked":["Sucker Punch+1","Glacier"],"picked":"Backstab","floor":30},{"not_picked":["Leap","Noxious Fumes+1"],"picked":"Cloak And Dagger+1","floor":31},{"not_picked":["Meteor Strike+1","Buffer"],"picked":"All For One+1","floor":33},{"not_picked":["Metallicize+1"],"picked":"SKIP","floor":35},{"not_picked":["Bane+1"],"picked":"SKIP","floor":38},{"not_picked":["Cloak And Dagger"],"picked":"SKIP","floor":39},{"not_picked":["Barricade"],"picked":"SKIP","floor":40},{"not_picked":["Feel No Pain+1"],"picked":"SKIP","floor":44},{"not_picked":["Warcry+1"],"picked":"SKIP","floor":45},{"not_picked":["Storm+1"],"picked":"SKIP","floor":47},{"not_picked":[],"picked":"Backflip","floor":48}],"player_experience":369391,"potions_floor_usage":[6,16,16,16,23,24,30,30,33,33,39,39,39,40,42],"damage_taken":[{"damage":0,"enemies":"Small Slimes","floor":1,"turns":3},{"damage":0,"enemies":"2 Louse","floor":3,"turns":2},{"damage":0,"enemies":"Jaw Worm","floor":5,"turns":3},{"damage":0,"enemies":"3 Sentries","floor":6,"turns":4},{"damage":2,"enemies":"3 Louse","floor":7,"turns":2},{"damage":0,"enemies":"Exordium Wildlife","floor":8,"turns":1},{"damage":13,"enemies":"Gremlin Nob","floor":10,"turns":3},{"damage":0,"floor":11,"turns":2},{"damage":0,"enemies":"Lots of Slimes","floor":12,"turns":1},{"damage":0,"enemies":"3 Sentries","floor":13,"turns":4},{"damage":6,"enemies":"The Guardian","floor":16,"turns":10},{"damage":0,"enemies":"Shell Parasite","floor":18,"turns":1},{"damage":0,"enemies":"Spheric Guardian","floor":21,"turns":2},{"damage":9,"enemies":"Gremlin Leader","floor":23,"turns":3},{"damage":5,"enemies":"Snake Plant","floor":24,"turns":4},{"damage":0,"enemies":"Sentry and Sphere","floor":27,"turns":3},{"damage":0,"enemies":"Centurion and Healer","floor":28,"turns":4},{"damage":9,"enemies":"Slaver and Parasite","floor":30,"turns":4},{"damage":0,"enemies":"Book of Stabbing","floor":31,"turns":1},{"damage":26,"enemies":"Champ","floor":33,"turns":6},{"damage":0,"enemies":"3 Shapes","floor":35,"turns":1},{"damage":0,"enemies":"Flame Bruiser 1 Orb","floor":38,"turns":1},{"damage":15,"enemies":"Maw","floor":39,"turns":5},{"damage":0,"enemies":"Nemesis","floor":40,"turns":1},{"damage":0,"floor":42,"turns":1},{"damage":16,"enemies":"Spire Growth","floor":44,"turns":2},{"damage":0,"enemies":"2 Orb Walkers","floor":45,"turns":1},{"damage":9,"enemies":"Giant Head","floor":47,"turns":5},{"damage":0,"enemies":"3 Darklings","floor":48,"turns":1},{"damage":37,"enemies":"Time Eater","floor":50,"turns":6}],"relics_obtained":[{"floor":6,"key":"Ancient Tea Set"},{"floor":9,"key":"Happy Flower"},{"floor":10,"key":"Du-Vu Doll"},{"floor":11,"key":"Odd Mushroom"},{"floor":13,"key":"Pear"},{"floor":14,"key":"Pen Nib"},{"floor":23,"key":"Vajra"},{"floor":23,"key":"Snake Skull"},{"floor":26,"key":"Matryoshka"},{"floor":31,"key":"Kunai"},{"floor":31,"key":"Molten Egg 2"},{"floor":40,"key":"Calipers"},{"floor":40,"key":"Incense Burner"},{"floor":42,"key":"Tingsha"},{"floor":43,"key":"Whetstone"},{"floor":43,"key":"Tough Bandages"},{"floor":45,"key":"Smiling Mask"},{"floor":45,"key":"Bottled Flame"},{"floor":47,"key":"Toolbox"},{"floor":47,"key":"Bottled Tornado"}],"event_choices":[{"event_name":"Big Fish","player_choice":"Donut","floor":4,"damage_taken":0},{"event_name":"Mushrooms","player_choice":"Fought Mushrooms","floor":11,"damage_taken":0},{"event_name":"Upgrade Shrine","player_choice":"Upgraded","floor":20,"damage_taken":0},{"event_name":"Match and Keep!","player_choice":"1 cards matched","floor":22,"damage_taken":0},{"event_name":"The Woman in Blue","player_choice":"Bought 1 Potion","floor":36,"damage_taken":0},{"event_name":"Winding Halls","player_choice":"Embrace Madness","floor":37,"damage_taken":0},{"event_name":"Mysterious Sphere","player_choice":"Fight","floor":42,"damage_taken":0}],"boss_relics":[{"not_picked":["Astrolabe","Eternal Feather"],"picked":"Black Star"},{"not_picked":["White Beast Statue","Tiny House"],"picked":"Busted Crown"}],"items_purged_floors":[],"is_endless":false,"potions_floor_spawned":[1,7,10,12,13,21,30,31,33,35,39,40,44,47],"seed_played":"3243282396606865900","ascension_level":0,"potions_obtained":[{"floor":1,"key":"Energy Potion"},{"floor":7,"key":"FearPotion"},{"floor":10,"key":"Dexterity Potion"},{"floor":12,"key":"SneckoOil"},{"floor":13,"key":"GamblersBrew"},{"floor":21,"key":"EntropicBrew"},{"floor":30,"key":"Weak Potion"},{"floor":31,"key":"SkillPotion"},{"floor":33,"key":"PowerPotion"},{"floor":35,"key":"EssenceOfSteel"},{"floor":36,"key":"Regen Potion"},{"floor":39,"key":"Strength Potion"},{"floor":40,"key":"Poison Potion"},{"floor":44,"key":"Energy Potion"},{"floor":47,"key":"Weak Potion"}],"is_trial":false}