{"gold_per_floor":[18,18,18,18,36,64,64,64,118,118,129,140,140,156,156,235,235,245,245,1,17,30,30,30,30,30,30,48,48,48,68,68,147,147,159,175,185,185,201,201,213,230,280,292,304,73,73,73,73,73],"floor_reached":51,"playtime":1834,"items_purged":["Parasite"],"score":1207,"play_id":"4f8a1b58-0927-4e06-8f89-4775024d037e","local_time":"20190121151136","is_ascension_mode":true,"campfire_choices":[{"floor":7,"key":"REST"},{"floor":10,"key":"REST"},{"data":"Immolate","floor":15,"key":"SMITH"},{"data":"Barricade","floor":23,"key":"SMITH"},{"data":"Shrug It Off","floor":32,"key":"SMITH"},{"data":"Shrug It Off","floor":40,"key":"SMITH"},{"floor":47,"key":"REST"},{"data":"Dual Wield","floor":49,"key":"SMITH"}],"neow_cost":"NO_GOLD","seed_source_timestamp":1364349669735101,"circlet_count":0,"master_deck":["AscendersBane","Strike_R+1","Strike_R+1","Strike_R+1","Defend_R+1","Defend_R+1","Defend_R+1","Defend_R+1","Juggernaut","Burning Pact","Iron Wave","Shrug It Off+1","Immolate+1","Metallicize","True Grit","Barricade+1","Shrug It Off+1","Juggernaut","Shrug It Off","Metallicize","Impervious","Shrug It Off","Metallicize+1","Shrug It Off","True Grit+1","Disarm","Dual Wield+1","Impervious"],"relics":["Burning Blood","Bag of Marbles","War Paint","Red Skull","Runic Dome","Mummified Hand","Turnip","Prayer Wheel","Velvet Choker","Strawberry"],"potions_floor_usage":[16,21,28,50,50,50],"damage_taken":[{"damage":14,"enemies":"Jaw Worm","floor":1,"turns":6},{"damage":2,"enemies":"Small Slimes","floor":5,"turns":4},{"damage":65,"enemies":"Gremlin Nob","floor":6,"turns":7},{"damage":0,"enemies":"Cultist","floor":11,"turns":3},{"damage":0,"enemies":"Exordium Thugs","floor":12,"turns":3},{"damage":7,"enemies":"3 Louse","floor":14,"turns":3},{"damage":29,"enemies":"Slime Boss","floor":16,"turns":6},{"damage":8,"enemies":"Spheric Guardian","floor":18,"turns":6},{"damage":4,"enemies":"3 Byrds","floor":21,"turns":2},{"damage":15,"enemies":"Snake Plant","floor":22,"turns":4},{"damage":0,"enemies":"Centurion and Healer","floor":28,"turns":9},{"damage":5,"enemies":"Shelled Parasite and Fungi","floor":31,"turns":5},{"damage":0,"enemies":"Automaton","floor":33,"turns":10},{"damage":0,"enemies":"3 Shapes","floor":35,"turns":1},{"damage":0,"enemies":"Orb Walker","floor":36,"turns":3},{"damage":0,"enemies":"Sphere and 2 Shapes","floor":37,"turns":5},{"damage":0,"enemies":"3 Darklings","floor":39,"turns":5},{"damage":0,"enemies":"Maw","floor":41,"turns":8},{"damage":22,"enemies":"Writhing Mass","floor":42,"turns":4},{"damage":25,"enemies":"3 Darklings","floor":44,"turns":3},{"damage":0,"enemies":"Spire Growth","floor":45,"turns":6},{"damage":15,"enemies":"Donu and Deca","floor":50,"turns":16}],"seed_played":"-9168059736670073714","potions_obtained":[{"floor":6,"key":"SteroidPotion"},{"floor":14,"key":"Energy Potion"},{"floor":21,"key":"Regen Potion"},{"floor":22,"key":"EntropicBrew"},{"floor":31,"key":"Regen Potion"},{"floor":41,"key":"Dexterity Potion"}],"is_trial":false,"path_per_floor":["M","$","?","?","M","E","R","?","T","R","M","M","?","M","R","B",null,"M","?","$","M","M","R","?","?","T","?","M","?","$","M","R","B",null,"M","M","M","?","M","R","M","M","T","M","M","$","R","?","R","B",null],"character_chosen":"IRONCLAD","items_purchased":["Mummified Hand","Impervious"],"campfire_rested":3,"item_purchase_floors":[20,46],"current_hp_per_floor":[60,60,53,75,75,16,38,20,20,42,48,54,54,53,53,30,64,62,62,62,64,55,55,55,55,55,55,75,61,61,62,62,68,77,80,80,80,80,80,80,80,64,71,52,58,58,83,83,83,74],"gold":73,"neow_bonus":"TRANSFORM_TWO_CARDS","is_prod":false,"is_daily":false,"chose_seed":false,"campfire_upgraded":5,"win_rate":0,"timestamp":1548083496,"path_taken":["M","$","?","?","M","E","R","?","T","R","M","?","?","M","R","BOSS","M","?","?","?","M","R","?","?","T","?","M","?","?","M","R","BOSS","M","M","M","?","M","R","M","M","T","M","?","$","R","?","R","BOSS"],"build_version":"2019-01-17v2","purchased_purges":1,"victory":true,"max_hp_per_floor":[75,75,75,75,75,75,75,75,75,75,75,75,75,75,75,75,75,75,75,75,75,75,75,75,75,75,75,75,80,80,80,80,80,80,80,80,80,80,80,80,80,80,87,87,87,84,84,84,84,84],"card_choices":[{"not_picked":["Clothesline","Blood for Blood"],"picked":"Iron Wave","floor":1},{"not_picked":["Sword Boomerang","Wild Strike"],"picked":"Shrug It Off","floor":5},{"not_picked":["Perfected Strike","Heavy Blade"],"picked":"Immolate","floor":6},{"not_picked":["Twin Strike","Flex"],"picked":"Metallicize","floor":11},{"not_picked":["Pommel Strike","Corruption"],"picked":"True Grit","floor":12},{"not_picked":["Blood for Blood","Anger","Twin Strike"],"picked":"SKIP","floor":14},{"not_picked":["Feed","Fiend Fire"],"picked":"Barricade","floor":16},{"not_picked":["Cleave","Flex"],"picked":"Shrug It Off","floor":18},{"not_picked":["Intimidate","Flex","Uppercut"],"picked":"SKIP","floor":21},{"not_picked":["Battle Trance+1","Havoc+1"],"picked":"Shrug It Off","floor":22},{"not_picked":["Iron Wave","Battle Trance","Shockwave"],"picked":"SKIP","floor":28},{"not_picked":["Headbutt","Anger","Sentinel"],"picked":"SKIP","floor":28},{"not_picked":["Pommel Strike+1","Whirlwind+1"],"picked":"Metallicize","floor":31},{"not_picked":["Shockwave","Exhume","Sword Boomerang+1"],"picked":"SKIP","floor":31},{"not_picked":["Exhume","Reaper"],"picked":"Impervious","floor":33},{"not_picked":["Armaments","True Grit","Uppercut"],"picked":"SKIP","floor":35},{"not_picked":["Headbutt","Bloodletting","Combust+1"],"picked":"SKIP","floor":35},{"not_picked":["Evolve+1","Twin Strike+1"],"picked":"Shrug It Off","floor":36},{"not_picked":["Headbutt","Dual Wield"],"picked":"Metallicize+1","floor":36},{"not_picked":["Clothesline+1","Heavy Blade","Shockwave"],"picked":"SKIP","floor":37},{"not_picked":["Warcry","Intimidate","Thunderclap"],"picked":"SKIP","floor":37},{"not_picked":["Twin Strike","Havoc","Uppercut"],"picked":"SKIP","floor":39},{"not_picked":["Armaments","Combust","Demon Form"],"picked":"SKIP","floor":39},{"not_picked":["Pommel Strike","Twin Strike","Clash+1"],"picked":"SKIP","floor":41},{"not_picked":["Flex","Perfected Strike","Evolve"],"picked":"SKIP","floor":41},{"not_picked":["Dual Wield","Havoc"],"picked":"True Grit+1","floor":42},{"not_picked":["Clothesline","Heavy Blade","Sword Boomerang"],"picked":"SKIP","floor":42},{"not_picked":["Wild Strike","Perfected Strike"],"picked":"Disarm","floor":44},{"not_picked":["Anger","Thunderclap+1","Fiend Fire"],"picked":"SKIP","floor":44},{"not_picked":["Headbutt","Twin Strike+1"],"picked":"Dual Wield","floor":45},{"not_picked":["Warcry","Evolve","Headbutt"],"picked":"SKIP","floor":45}],"player_experience":160755,"relics_obtained":[{"floor":6,"key":"Bag of Marbles"},{"floor":9,"key":"Red Skull"},{"floor":26,"key":"Prayer Wheel"},{"floor":43,"key":"Strawberry"}],"event_choices":[{"cards_removed":["Strike_R"],"damage_healed":0,"gold_gain":0,"player_choice":"Card Removal","damage_taken":7,"max_hp_gain":0,"max_hp_loss":0,"event_name":"Golden Wing","floor":3,"gold_loss":0},{"damage_healed":25,"gold_gain":0,"player_choice":"Banana","damage_taken":0,"max_hp_gain":0,"max_hp_loss":0,"event_name":"Big Fish","floor":4,"gold_loss":0},{"damage_healed":0,"gold_gain":0,"player_choice":"Success","damage_taken":18,"relics_obtained":["War Paint"],"max_hp_gain":0,"max_hp_loss":0,"event_name":"Scrap Ooze","floor":8,"gold_loss":0},{"damage_healed":0,"gold_gain":0,"player_choice":"Ignored","damage_taken":0,"max_hp_gain":0,"max_hp_loss":0,"event_name":"Liars Game","floor":13,"gold_loss":0},{"damage_healed":0,"gold_gain":0,"player_choice":"Copied","damage_taken":0,"max_hp_gain":0,"max_hp_loss":0,"event_name":"Duplicator","floor":19,"gold_loss":0,"cards_obtained":["Juggernaut"]},{"damage_healed":0,"gold_gain":0,"player_choice":"Simplicity","damage_taken":0,"max_hp_gain":0,"max_hp_loss":0,"event_name":"Back to Basics","floor":24,"gold_loss":0,"cards_upgraded":["Strike_R","Strike_R","Strike_R","Defend_R","Defend_R"]},{"damage_healed":0,"gold_gain":0,"player_choice":"Opened","damage_taken":0,"relics_obtained":["Turnip"],"max_hp_gain":0,"max_hp_loss":0,"event_name":"The Mausoleum","floor":25,"gold_loss":0},{"damage_healed":0,"gold_gain":0,"player_choice":"Ignored","damage_taken":0,"max_hp_gain":0,"max_hp_loss":0,"event_name":"Vampires","floor":27,"gold_loss":0},{"damage_healed":0,"gold_gain":0,"player_choice":"Shed Blood","damage_taken":19,"max_hp_gain":5,"max_hp_loss":0,"event_name":"Forgotten Altar","floor":29,"gold_loss":0},{"damage_healed":0,"gold_gain":0,"player_choice":"1 cards matched","damage_taken":0,"max_hp_gain":0,"max_hp_loss":0,"event_name":"Match and Keep!","floor":38,"gold_loss":0,"cards_obtained":["Shrug It Off"]},{"damage_healed":0,"gold_gain":0,"player_choice":"Ignored","damage_taken":0,"max_hp_gain":0,"max_hp_loss":0,"event_name":"Mysterious Sphere","floor":48,"gold_loss":0}],"is_beta":false,"boss_relics":[{"not_picked":["Philosopher\u0027s Stone","Fusion Hammer"],"picked":"Runic Dome"},{"not_picked":["Astrolabe","Tiny House"],"picked":"Velvet Choker"}],"items_purged_floors":[46],"is_endless":false,"potions_floor_spawned":[6,14,21,22,31,39,41,42,45],"ascension_level":14}