{"gold_per_floor":[11,28,28,44,44,83,96,140,140,140,48,82,82,115,115,241,241,254,113,133,153,178,217,217,217,217,217,248,248,286,299,299,424,424,438,452,475,498,348,392,392,392,418,437,35,48,48,72,72,72],"floor_reached":50,"playtime":1926,"items_purged":[],"score":838,"play_id":"5b941d2c-983b-4643-a969-6545b910b147","local_time":"20180818160232","is_ascension_mode":true,"campfire_choices":[{"floor":10,"key":"REST"},{"floor":13,"key":"REST"},{"floor":15,"key":"REST"},{"data":"Beam Cell","floor":27,"key":"SMITH"},{"floor":29,"key":"REST"},{"data":"Go for the Eyes","floor":32,"key":"SMITH"},{"floor":41,"key":"REST"},{"floor":47,"key":"REST"},{"floor":49,"key":"REST"}],"neow_cost":"NO_GOLD","seed_source_timestamp":169497036561633,"circlet_count":0,"master_deck":["Strike_B","Strike_B","Strike_B","Strike_B","Defend_B","Defend_B","Defend_B","Defend_B","Zap","Dualcast","Go for the Eyes+1","Beam Cell+1","Gash","Ball Lightning","Gash","Steam","Go for the Eyes","All For One+1","Gash+1","Mind Blast+1","Rebound+1","Gash+1","Go for the Eyes+1","Gash+1","RitualDagger+1","Parasite","Hyperbeam+1","Steam+1","Leap+1","Gash+1","Mind Blast+1","Double Energy+1","Madness","Madness","Regret","Flash of Steel+1","Defragment","Gash+1"],"relics":["Cracked Core","Mango","Golden Idol","Anchor","Bird Faced Urn","Blue Candle","Singing Bowl","Molten Egg 2","Cursed Key","Letter Opener","Bottled Flame","Regal Pillow","Pen Nib","Sozu","Ornamental Fan","Juzu Bracelet","Bottled Lightning"],"potions_floor_usage":[6,12,16,21,23,28,31,38],"damage_taken":[{"damage":0,"enemies":"Cultist","floor":1,"turns":3},{"damage":4,"enemies":"Jaw Worm","floor":2,"turns":4},{"damage":0,"enemies":"Small Slimes","floor":4,"turns":2},{"damage":40,"enemies":"Lagavulin","floor":6,"turns":6},{"damage":2,"enemies":"3 Louse","floor":7,"turns":3},{"damage":14,"enemies":"Gremlin Nob","floor":8,"turns":4},{"damage":26,"enemies":"3 Sentries","floor":12,"turns":7},{"damage":24,"enemies":"Lagavulin","floor":14,"turns":5},{"damage":59,"enemies":"Slime Boss","floor":16,"turns":11},{"damage":21,"enemies":"2 Thieves","floor":18,"turns":3},{"damage":0,"enemies":"Chosen","floor":20,"turns":3},{"damage":8,"enemies":"Snecko","floor":21,"turns":3},{"damage":0,"enemies":"Cultist and Chosen","floor":22,"turns":3},{"damage":3,"enemies":"Gremlin Leader","floor":23,"turns":5},{"damage":50,"enemies":"Slavers","floor":28,"turns":6},{"damage":14,"enemies":"Book of Stabbing","floor":30,"turns":3},{"damage":0,"enemies":"Chosen and Byrds","floor":31,"turns":3},{"damage":74,"enemies":"Champ","floor":33,"turns":8},{"damage":13,"enemies":"3 Shapes","floor":35,"turns":5},{"damage":1,"enemies":"3 Darklings","floor":36,"turns":2},{"damage":3,"enemies":"Spire Growth","floor":37,"turns":4},{"damage":0,"enemies":"Flame Bruiser 2 Orb","floor":38,"turns":2},{"damage":34,"enemies":"Giant Head","floor":40,"turns":6},{"damage":4,"enemies":"4 Shapes","floor":44,"turns":7},{"damage":39,"enemies":"Transient","floor":46,"turns":5},{"damage":45,"enemies":"Maw","floor":48,"turns":7},{"damage":76,"enemies":"Donu and Deca","floor":50,"turns":7}],"seed_played":"-5703882158770980790","potions_obtained":[{"floor":4,"key":"Regen Potion"},{"floor":6,"key":"Weak Potion"},{"floor":14,"key":"Weak Potion"},{"floor":20,"key":"AttackPotion"},{"floor":22,"key":"SteroidPotion"},{"floor":23,"key":"Regen Potion"},{"floor":30,"key":"Explosive Potion"},{"floor":33,"key":"SteroidPotion"}],"is_trial":false,"path_per_floor":["M","M","$","M","?","E","M","E","T","R","$","E","R","E","R","B",null,"M","$","M","M","M","E","?","?","T","R","E","R","E","M","R","B",null,"M","M","M","M","$","E","R","?","T","M","$","M","R","M","R"],"character_chosen":"DEFECT","items_purchased":["Swift Strike","Mind Blast+1","Rebound+1","Gash+1","Mind Blast+1","Flash of Steel+1","Defragment","Bottled Lightning"],"campfire_rested":7,"item_purchase_floors":[11,19,19,39,39,45,45,45],"current_hp_per_floor":[82,78,78,78,78,51,49,35,35,59,59,33,57,35,60,1,63,42,42,42,36,36,33,86,80,80,80,47,88,76,78,78,4,70,57,56,55,57,57,23,66,54,54,52,52,17,62,19,64,0],"gold":72,"neow_bonus":"ONE_RARE_RELIC","is_prod":false,"is_daily":false,"chose_seed":false,"campfire_upgraded":2,"win_rate":0,"timestamp":1534629752,"path_taken":["M","M","$","M","?","E","M","E","T","R","?","E","R","E","R","BOSS","M","$","?","M","M","E","?","?","T","R","E","R","E","?","R","BOSS","M","M","M","M","$","E","R","?","T","M","$","M","R","M","R","BOSS"],"build_version":"2018-08-16","purchased_purges":0,"victory":false,"max_hp_per_floor":[89,89,89,89,82,82,82,82,82,82,82,82,82,84,84,84,84,84,84,84,86,86,86,86,86,86,86,88,88,90,92,92,92,92,92,92,94,96,96,96,96,96,96,98,98,100,100,100,100,100],"card_choices":[{"not_picked":["Coolheaded","Compile Driver"],"picked":"Go for the Eyes","floor":1},{"not_picked":["Chill","Turbo"],"picked":"Beam Cell","floor":2},{"not_picked":["Consume","Ball Lightning"],"picked":"Gash","floor":4},{"not_picked":["Aggregate","Static Discharge"],"picked":"Ball Lightning","floor":6},{"not_picked":["Lockon","Rebound"],"picked":"Gash","floor":7},{"not_picked":["Glacier","Fission"],"picked":"Steam","floor":8},{"not_picked":["Aggregate","Redo"],"picked":"Go for the Eyes","floor":12},{"not_picked":["Sweeping Beam","Rebound","Buffer"],"picked":"Singing Bowl","floor":14},{"not_picked":["Buffer","Reboot"],"picked":"All For One+1","floor":16},{"not_picked":["Leap","Streamline+1"],"picked":"Gash+1","floor":18},{"not_picked":["BootSequence","Barrage+1"],"picked":"Gash+1","floor":20},{"not_picked":["Heatsinks","Doom and Gloom+1","Turbo"],"picked":"Singing Bowl","floor":21},{"not_picked":["Reinforced Body","Rebound+1"],"picked":"Go for the Eyes+1","floor":22},{"not_picked":["Beam Cell+1","Echo Form"],"picked":"Gash+1","floor":23},{"not_picked":["Coolheaded+1","Genetic Algorithm","Capacitor+1"],"picked":"Singing Bowl","floor":28},{"not_picked":["Streamline+1","Loop","Leap"],"picked":"Singing Bowl","floor":30},{"not_picked":["Conserve Battery","Genetic Algorithm","Aggregate"],"picked":"Singing Bowl","floor":31},{"not_picked":["Amplify","Machine Learning"],"picked":"Hyperbeam+1","floor":33},{"not_picked":["Sweeping Beam+1","Go for the Eyes+1"],"picked":"Steam+1","floor":35},{"not_picked":["Rebound+1","Hello World"],"picked":"Leap+1","floor":36},{"not_picked":["Rip and Tear+1","Ball Lightning+1","Reboot"],"picked":"Singing Bowl","floor":37},{"not_picked":["Hologram","Cold Snap+1","Lockon+1"],"picked":"Singing Bowl","floor":38},{"not_picked":["Streamline+1","Barrage+1"],"picked":"Double Energy+1","floor":40},{"not_picked":["Loop","Ball Lightning+1","Sweeping Beam+1"],"picked":"Singing Bowl","floor":44},{"not_picked":["Coolheaded+1","Darkness+1","Steam"],"picked":"Singing Bowl","floor":46},{"not_picked":["Reprogram+1","Double Energy"],"picked":"Gash+1","floor":48}],"player_experience":485219,"relics_obtained":[{"floor":6,"key":"Anchor"},{"floor":8,"key":"Bird Faced Urn"},{"floor":9,"key":"Blue Candle"},{"floor":12,"key":"Singing Bowl"},{"floor":14,"key":"Molten Egg 2"},{"floor":23,"key":"Letter Opener"},{"floor":26,"key":"Bottled Flame"},{"floor":28,"key":"Regal Pillow"},{"floor":30,"key":"Pen Nib"},{"floor":40,"key":"Ornamental Fan"},{"floor":43,"key":"Juzu Bracelet"}],"event_choices":[{"event_name":"Golden Idol","player_choice":"Lose Max HP","floor":5,"damage_taken":0},{"event_name":"Bonfire Elementals","player_choice":"UNCOMMON","floor":24,"damage_taken":0},{"event_name":"Nest","player_choice":"Joined the Cult","floor":25,"damage_taken":0},{"event_name":"Winding Halls","player_choice":"Embrace Madness","floor":42,"damage_taken":0}],"is_beta":true,"boss_relics":[{"not_picked":["FrozenCore","Runic Dome"],"picked":"Cursed Key"},{"not_picked":["Astrolabe","Runic Pyramid"],"picked":"Sozu"}],"items_purged_floors":[],"is_endless":false,"potions_floor_spawned":[4,6,14,20,22,23,30,33,37,38,46,48],"killed_by":"Donu and Deca","ascension_level":6}