{"path_per_floor":["M","M","?","$","M","R","M","R","T","R","E","M","T","?","R","B",null,"M","$","?","?","M","R","M","M","T","M","R","M","M","?","R","B",null,"M","$","?","?","M","R","?","M","T","T","M","$","M","E","R","B"],"character_chosen":"IRONCLAD","items_purchased":["Spot Weakness","Corruption","Shrug It Off","Apotheosis"],"gold_per_floor":[118,129,79,8,22,22,39,39,39,39,65,35,35,35,35,136,136,147,72,0,0,19,19,36,50,50,70,70,80,96,46,46,144,144,157,60,60,60,79,79,131,147,196,223,236,39,49,81,81,81],"floor_reached":48,"campfire_rested":1,"playtime":4243,"current_hp_per_floor":[80,67,67,67,72,72,67,67,81,81,65,60,60,60,60,48,98,94,94,94,94,70,70,72,68,68,61,61,57,54,54,85,40,104,88,88,106,96,106,106,102,103,103,103,105,105,116,118,118,107],"items_purged":["Strike_R"],"gold":81,"play_id":"3e6feabb-3067-4f0e-86d1-75501f98915c","is_prod":false,"is_daily":false,"is_ascension_mode":false,"campfire_upgraded":8,"path_taken":["M","M","?","?","M","R","M","R","T","R","E","M","?","?","R","BOSS","M","$","?","?","M","R","?","M","T","M","R","M","?","?","R","BOSS","M","$","?","?","M","R","?","M","T","?","M","?","M","E","R","BOSS"],"build_version":"2018-01-23-BETA1","purchased_purges":1,"victory":true,"master_deck":["Strike_R","Strike_R","Strike_R","Defend_R","Defend_R","Defend_R","Defend_R","Bash","Infernal Blade","Spot Weakness","Disarm","Heavy Blade","Entrench","Exhume","Shrug It Off","Disarm","Metallicize","Disarm","Warcry","Feed","Corruption","Shrug It Off","Madness","Madness","Body Slam","Seeing Red","Apotheosis","Sentinel"],"max_hp_per_floor":[80,82,82,82,82,82,82,82,96,96,96,98,98,98,98,98,98,100,100,100,100,102,102,102,102,102,102,102,102,104,104,104,104,104,106,106,106,106,106,106,112,114,114,114,116,116,116,118,118,118],"relics":["Black Blood","Singing Bowl","Mango","Calipers","Red Skull","Runic Dome","Dead Branch","Charon\u0027s Ashes","Blood Vial","Dream Catcher","Bottled Lightning"],"card_choices":[{"not_picked":["Twin Strike","Iron Wave"],"picked":"Infernal Blade"},{"not_picked":["Sword Boomerang","Cleave"],"picked":"Disarm"},{"not_picked":["Shrug It Off","Warcry"],"picked":"Heavy Blade"},{"not_picked":["Impervious","Flex"],"picked":"Entrench"},{"not_picked":["Reaper","Dark Embrace"],"picked":"Exhume"},{"not_picked":["Infernal Blade","Cleave"],"picked":"Disarm"},{"not_picked":["Havoc","Seeing Red"],"picked":"Metallicize"},{"not_picked":["Thunderclap","Anger"],"picked":"Disarm"},{"not_picked":["Headbutt","Armaments"],"picked":"Warcry"},{"not_picked":["Juggernaut","Immolate"],"picked":"Feed"},{"not_picked":["Clash","Dropkick"],"picked":"Body Slam"},{"not_picked":["Flame Barrier","Wild Strike"],"picked":"Seeing Red"},{"not_picked":["Brutality","Shrug It Off"],"picked":"Sentinel"}],"player_experience":64604,"potions_floor_usage":[2,11,16,22,26,27,39],"damage_taken":[{"damage":6,"enemies":"Cultist","floor":1,"turns":3},{"damage":21,"enemies":"Blue Slaver","floor":2,"turns":5},{"damage":1,"enemies":"Jaw Worm","floor":5,"turns":3},{"damage":11,"enemies":"Large Slime","floor":7,"turns":6},{"damage":31,"enemies":"Gremlin Nob","floor":11,"turns":4},{"damage":13,"enemies":"Looter","floor":12,"turns":4},{"damage":15,"enemies":"Hexaghost","floor":16,"turns":9},{"damage":15,"enemies":"3 Byrds","floor":16,"turns":14},{"damage":32,"enemies":"Chosen","floor":19,"turns":7},{"damage":8,"enemies":"Centurion and Healer","floor":21,"turns":8},{"damage":22,"enemies":"3 Cultists","floor":22,"turns":6},{"damage":13,"enemies":"Slaver and Parasite","floor":24,"turns":3},{"damage":10,"enemies":"Centurion and Healer","floor":26,"turns":3},{"damage":11,"enemies":"3 Cultists","floor":27,"turns":6},{"damage":51,"enemies":"Champ","floor":30,"turns":11},{"damage":28,"enemies":"3 Shapes","floor":32,"turns":6},{"damage":6,"enemies":"3 Darklings","floor":36,"turns":3},{"damage":36,"enemies":"Mysterious Sphere","floor":38,"turns":5},{"damage":11,"enemies":"4 Shapes","floor":39,"turns":3},{"damage":12,"enemies":"Spire Growth","floor":42,"turns":5},{"damage":0,"enemies":"Flame Bruiser 2 Orb","floor":44,"turns":4},{"damage":0,"enemies":"2 Orb Walkers","floor":45,"turns":3},{"damage":21,"enemies":"Time Eater","floor":47,"turns":8}],"event_choices":[{"event_name":"The Cleric","player_choice":"Card Removal","floor":3,"damage_taken":0},{"event_name":"Dead Adventurer","player_choice":"Searched \u00271\u0027 times","floor":14,"damage_taken":0},{"event_name":"Masked Bandits","player_choice":"Paid Bandits 72 gold","floor":17,"damage_taken":0},{"event_name":"The Library","player_choice":"Read","floor":18,"damage_taken":0},{"event_name":"The Joust","player_choice":"Bet on Murderer","floor":28,"damage_taken":0},{"event_name":"Wheel of Change","player_choice":"Full Heal","floor":34,"damage_taken":0},{"event_name":"Winding Halls","player_choice":"Embrace Madness","floor":35,"damage_taken":0},{"event_name":"Mysterious Sphere","player_choice":"Fight","floor":38,"damage_taken":0}],"boss_relics":[{"not_picked":["Cursed Key","White Beast Statue"],"picked":"Runic Dome"},{"not_picked":["Philosopher\u0027s Stone","Snecko Eye"],"picked":"Black Blood"}],"potions_floor_spawned":[1,7,11,19,24,26,38,42],"seed_played":"3453873155246633447","ascension_level":0,"is_trial":false}