{"path_per_floor":["M","?","?","?","M","R","E","M","T","E","R","M","M","E","R","B",null,"M","M"],"character_chosen":"THE_SILENT","items_purchased":[],"gold_per_floor":[111,111,111,111,127,127,168,188,188,222,222,243,267,606,606,726,726,740,755],"floor_reached":20,"campfire_rested":1,"playtime":1127,"current_hp_per_floor":[70,53,46,46,46,46,46,46,46,44,65,53,53,59,59,15,70,30,9],"items_purged":[],"gold":755,"score":241,"play_id":"41c1b763-9e96-4e70-95cd-fcdc0e97095f","is_prod":false,"is_daily":false,"is_ascension_mode":true,"campfire_upgraded":1,"path_taken":["M","?","?","?","M","R","E","M","T","E","R","?","M","E","R","BOSS","M","?","M"],"build_version":"2018-02-22-BETA1","purchased_purges":0,"victory":false,"master_deck":["Defend_G","Defend_G","Defend_G","Defend_G","Strike_G","Strike_G","Strike_G","Survivor","Neutralize","All Out Attack","Noxious Fumes+1","Dash","Riddle With Holes","Acrobatics","Acrobatics","Expertise","Venomology","Underhanded Strike","Underhanded Strike+1"],"max_hp_per_floor":[70,70,70,70,70,70,70,70,70,70,70,70,70,70,70,70,70,70,70],"relics":["Ring of the Snake","NeowsBlessing","Golden Idol","Tingsha","Peace Pipe","Orichalcum","Old Coin","Question Card"],"card_choices":[{"not_picked":["Choke","Night Terror"],"picked":"All Out Attack"},{"not_picked":["Malaise","Blade Dance"],"picked":"Dash"},{"not_picked":["Dodge and Roll","Endless Agony"],"picked":"Riddle With Holes"},{"not_picked":["Bane","Predator"],"picked":"Acrobatics"},{"not_picked":["Blur","Dodge and Roll"],"picked":"Acrobatics"},{"not_picked":["Choke","Deadly Poison"],"picked":"Expertise"},{"not_picked":["A Thousand Cuts","Doppelganger"],"picked":"Venomology"},{"not_picked":["Bouncing Flask","Acrobatics","Cloak And Dagger"],"picked":"Underhanded Strike"},{"not_picked":["Endless Agony","Cloak And Dagger","Flying Knee"],"picked":"Underhanded Strike"}],"player_experience":153663,"potions_floor_usage":[10,10,10,14,14,19,19,19,19,20],"damage_taken":[{"damage":0,"enemies":"Jaw Worm","floor":1,"turns":1},{"damage":0,"enemies":"2 Louse","floor":5,"turns":1},{"damage":0,"enemies":"Lagavulin","floor":7,"turns":1},{"damage":0,"enemies":"Small Slimes","floor":8,"turns":2},{"damage":2,"enemies":"Gremlin Nob","floor":10,"turns":4},{"damage":12,"enemies":"Exordium Wildlife","floor":12,"turns":4},{"damage":0,"enemies":"3 Louse","floor":13,"turns":3},{"damage":9,"enemies":"Lagavulin","floor":14,"turns":6},{"damage":44,"enemies":"Hexaghost","floor":16,"turns":12},{"damage":40,"enemies":"Spheric Guardian","floor":18,"turns":7},{"damage":21,"enemies":"Shell Parasite","floor":19,"turns":5},{"damage":24,"enemies":"Snecko","floor":20,"turns":3}],"event_choices":[{"event_name":"Golden Idol","player_choice":"Take Damage","floor":2,"damage_taken":0},{"event_name":"Golden Wing","player_choice":"Card Removal","floor":3,"damage_taken":0},{"event_name":"Living Wall","player_choice":"Change","floor":4,"damage_taken":0}],"boss_relics":[{"not_picked":["White Beast Statue","Black Star"],"picked":"Question Card"}],"potions_floor_spawned":[1,5,7,12,13,14,18],"seed_played":"-2702764019847324110","killed_by":"Snecko","ascension_level":2,"is_trial":false}