{"path_per_floor":["M","M","M","?","M","E","R","M","T","$","M","?","R","$","R","B",null,"M","$","M","T","$","R","M","R","T","R"],"character_chosen":"IRONCLAD","items_purchased":["Dropkick","Rampage","Armaments"],"gold_per_floor":[113,123,143,143,163,196,196,215,215,59,74,74,74,49,49,170,170,191,116,141,166,66,66,80,80,149,149],"floor_reached":28,"campfire_rested":1,"playtime":1224,"current_hp_per_floor":[74,80,80,60,50,31,31,30,30,30,26,10,34,34,34,11,80,80,80,74,74,74,74,44,44,44,44],"items_purged":["Strike_R","Pain"],"gold":149,"score":218,"play_id":"1d250b65-1a71-4f0a-85bf-25683eb133ef","is_prod":false,"is_daily":false,"is_ascension_mode":false,"campfire_upgraded":5,"path_taken":["M","M","M","?","?","E","R","M","T","$","M","?","R","$","R","BOSS","M","$","M","?","?","R","M","R","T","R","M"],"build_version":"2018-02-08-BETA1","purchased_purges":2,"victory":false,"master_deck":["Strike_R","Strike_R+1","Strike_R","Strike_R","Defend_R","Defend_R","Defend_R","Defend_R","Bash","Warcry+1","Cleave","Searing Blow+4","Thunderclap","Armaments+1","Dropkick","Rampage","Armaments","Double Tap","Body Slam+1","Pommel Strike","Pain"],"max_hp_per_floor":[80,80,80,80,80,80,80,80,80,80,80,80,80,80,80,80,80,80,80,80,80,80,80,80,80,80,80],"relics":["Burning Blood","Golden Idol","Oddly Smooth Stone","Paper Frog","Cursed Key","Anchor","Mummified Hand"],"card_choices":[{"not_picked":["Heavy Blade","Wild Strike"],"picked":"Warcry"},{"not_picked":["Perfected Strike","Heavy Blade"],"picked":"Cleave"},{"not_picked":["Sword Boomerang","Armaments"],"picked":"Searing Blow"},{"not_picked":["True Grit","Entrench"],"picked":"Thunderclap"},{"not_picked":["Havoc","Twin Strike"],"picked":"Armaments"},{"not_picked":["Immolate","Bludgeon"],"picked":"Double Tap"},{"not_picked":["Whirlwind","Twin Strike"],"picked":"Body Slam"},{"not_picked":["Burning Pact","Clash"],"picked":"Pommel Strike"}],"player_experience":147861,"potions_floor_usage":[6,6,6,16],"damage_taken":[{"damage":12,"enemies":"Small Slimes","floor":1,"turns":4},{"damage":0,"enemies":"2 Louse","floor":2,"turns":3},{"damage":1,"enemies":"Cultist","floor":3,"turns":3},{"damage":16,"enemies":"Lots of Slimes","floor":5,"turns":4},{"damage":25,"enemies":"3 Sentries","floor":6,"turns":7},{"damage":7,"enemies":"Exordium Wildlife","floor":8,"turns":3},{"damage":10,"enemies":"Looter","floor":11,"turns":2},{"damage":29,"enemies":"The Guardian","floor":16,"turns":11},{"damage":0,"enemies":"2 Thieves","floor":18,"turns":2},{"damage":12,"enemies":"Chosen","floor":20,"turns":3},{"damage":36,"enemies":"Sentry and Sphere","floor":24,"turns":6},{"damage":45,"enemies":"Cultist and Chosen","floor":28,"turns":5}],"event_choices":[{"event_name":"Golden Idol","player_choice":"Take Damage","floor":4,"damage_taken":0},{"event_name":"Shining Light","player_choice":"Entered Light","floor":12,"damage_taken":0}],"boss_relics":[{"not_picked":["Runic Cube","Velvet Choker"],"picked":"Cursed Key"}],"potions_floor_spawned":[2,3,5,8],"seed_played":"-3464014578043214022","killed_by":"Cultist and Chosen","ascension_level":0,"is_trial":false}