{"gold_per_floor":[113,138,0,77,92,92,127,127,196,196,196,210,170,100,100,177,177,97,97,113,28,28,28,28,78,102,114,143,155],"floor_reached":29,"playtime":897,"items_purged":[],"score":490,"play_id":"84ee3b59-3a55-4144-a219-afe44979108e","local_time":"20190423150649","is_ascension_mode":true,"campfire_choices":[{"data":"Creative AI","floor":6,"key":"SMITH"},{"data":"Coolheaded","floor":8,"key":"SMITH"},{"floor":10,"key":"REST"},{"floor":15,"key":"REST"},{"floor":23,"key":"REST"}],"neow_cost":"NONE","seed_source_timestamp":3118236432205573,"circlet_count":0,"master_deck":["AscendersBane","Strike_B+1","Strike_B+1","Strike_B+1","Strike_B+1","Defend_B+1","Defend_B+1","Defend_B+1","Defend_B+1","Zap","Dualcast","Meteor Strike","Compile Driver","Creative AI+1","Coolheaded+1","Conserve Battery","Hologram+1","Conserve Battery+1","Reinforced Body+1","Biased Cognition","Coolheaded+1","Turbo+1","Sweeping Beam"],"relics":["Cracked Core","Juzu Bracelet","Ornamental Fan","Toxic Egg 2","Prayer Wheel","Inserter","Orichalcum","MawBank"],"potions_floor_usage":[16,29],"damage_taken":[{"damage":1,"enemies":"Cultist","floor":1,"turns":3},{"damage":4,"enemies":"2 Louse","floor":5,"turns":3},{"damage":42,"enemies":"Lagavulin","floor":7,"turns":8},{"damage":0,"enemies":"Jaw Worm","floor":12,"turns":3},{"damage":7,"enemies":"Looter","floor":13,"turns":4},{"damage":0,"enemies":"Slime Boss","floor":16,"turns":10},{"damage":7,"enemies":"2 Thieves","floor":18,"turns":4},{"damage":39,"enemies":"Shell Parasite","floor":20,"turns":12},{"damage":25,"enemies":"Sentry and Sphere","floor":28,"turns":10},{"damage":15,"enemies":"Snake Plant","floor":29,"turns":1}],"seed_played":"1358811483953143383","potions_obtained":[{"floor":5,"key":"Dexterity Potion"},{"floor":7,"key":"PowerPotion"},{"floor":16,"key":"Poison Potion"}],"is_trial":false,"path_per_floor":["M","T","$","?","M","R","E","R","T","R","?","M","M","?","R","B",null,"M","?","M","?","?","R","$","?","T","?","M","M"],"character_chosen":"DEFECT","items_purchased":["Creative AI","Coolheaded"],"campfire_rested":3,"item_purchase_floors":[3,3],"current_hp_per_floor":[63,63,63,63,59,59,17,17,17,38,33,33,26,26,47,47,65,58,58,19,19,19,40,40,40,40,40,15,0],"gold":155,"neow_bonus":"ONE_RANDOM_RARE_CARD","is_prod":false,"is_daily":false,"chose_seed":false,"campfire_upgraded":2,"win_rate":0,"timestamp":1556028409,"path_taken":["M","?","$","?","M","R","E","R","T","R","?","M","M","?","R","BOSS","M","?","M","?","?","R","$","?","T","?","M","M"],"build_version":"2019-01-23","purchased_purges":0,"victory":false,"max_hp_per_floor":[71,71,71,71,71,71,71,71,71,71,71,71,71,71,71,71,71,71,71,71,71,71,71,71,71,71,71,71,71],"card_choices":[{"not_picked":["Redo","Hologram"],"picked":"Compile Driver","floor":1},{"not_picked":["Redo","Lockon","Streamline"],"picked":"SKIP","floor":5},{"not_picked":["Aggregate","Rebound"],"picked":"Conserve Battery","floor":7},{"not_picked":["Redo+1","Cold Snap"],"picked":"Hologram+1","floor":12},{"not_picked":["Beam Cell","Force Field+1","Go for the Eyes"],"picked":"SKIP","floor":12},{"not_picked":["Doom and Gloom","Leap+1"],"picked":"Conserve Battery+1","floor":13},{"not_picked":["Ball Lightning","Compile Driver"],"picked":"Reinforced Body+1","floor":13},{"not_picked":["Core Surge","Fission+1"],"picked":"Biased Cognition","floor":16},{"not_picked":["Redo+1","Streamline+1"],"picked":"Coolheaded+1","floor":18},{"not_picked":["Barrage","Heatsinks"],"picked":"Turbo+1","floor":18},{"not_picked":["Gash","Capacitor"],"picked":"Sweeping Beam","floor":20},{"not_picked":["Steam+1","Ball Lightning","Go for the Eyes"],"picked":"SKIP","floor":20},{"not_picked":["Go for the Eyes","Barrage","Undo+1"],"picked":"SKIP","floor":28},{"not_picked":["Storm","Barrage","Undo+1"],"picked":"SKIP","floor":28}],"player_experience":633432,"relics_obtained":[{"floor":2,"key":"Juzu Bracelet"},{"floor":7,"key":"Ornamental Fan"},{"floor":9,"key":"Toxic Egg 2"},{"floor":26,"key":"MawBank"}],"event_choices":[{"damage_healed":0,"gold_gain":77,"player_choice":"Gained Gold","damage_taken":0,"max_hp_gain":0,"max_hp_loss":0,"event_name":"Golden Wing","floor":4,"gold_loss":0},{"damage_healed":0,"gold_gain":0,"player_choice":"Success","damage_taken":5,"relics_obtained":["Prayer Wheel"],"max_hp_gain":0,"max_hp_loss":0,"event_name":"Scrap Ooze","floor":11,"gold_loss":0},{"damage_healed":0,"gold_gain":0,"player_choice":"Left Gold","damage_taken":0,"max_hp_gain":0,"max_hp_loss":0,"event_name":"World of Goop","floor":14,"gold_loss":70},{"damage_healed":0,"gold_gain":0,"player_choice":"Ignored","damage_taken":0,"max_hp_gain":0,"max_hp_loss":0,"event_name":"Beggar","floor":19,"gold_loss":0},{"damage_healed":0,"gold_gain":0,"player_choice":"Obtained Relic","damage_taken":0,"relics_obtained":["Orichalcum"],"max_hp_gain":0,"max_hp_loss":0,"event_name":"Addict","floor":21,"gold_loss":85},{"damage_healed":0,"gold_gain":0,"player_choice":"Simplicity","damage_taken":0,"max_hp_gain":0,"max_hp_loss":0,"event_name":"Back to Basics","floor":22,"gold_loss":0,"cards_upgraded":["Strike_B","Strike_B","Strike_B","Strike_B","Defend_B","Defend_B","Defend_B","Defend_B"]},{"damage_healed":0,"gold_gain":50,"player_choice":"Pray","damage_taken":0,"max_hp_gain":0,"max_hp_loss":0,"event_name":"Golden Shrine","floor":25,"gold_loss":0},{"damage_healed":0,"gold_gain":0,"player_choice":"Ignored","damage_taken":0,"max_hp_gain":0,"max_hp_loss":0,"event_name":"Ghosts","floor":27,"gold_loss":0}],"is_beta":false,"boss_relics":[{"not_picked":["Snecko Eye","Tiny House"],"picked":"Inserter"}],"items_purged_floors":[],"is_endless":false,"potions_floor_spawned":[5,7,16,20],"killed_by":"Snake Plant","ascension_level":17}