{"path_per_floor":["M","?","?","M","M","R","E","$","T","M","M","M","?","E","R","B",null,"M","?","M","M","$","E","?","M","T","R","$","R","$","M","R","B",null,"M","$","?","$","?","R","$","M","T","R","?","?","R","M","R"],"character_chosen":"IRONCLAD","items_purchased":["Bag of Marbles","Anger","Rage","Shuriken","Regal Pillow"],"gold_per_floor":[109,179,179,194,218,218,249,46,97,111,127,142,217,251,251,376,414,437,437,450,470,322,363,363,377,377,377,377,377,136,156,156,276,276,296,42,42,42,0,0,0,13,36,36,36,36,36,50,50,50],"floor_reached":50,"campfire_rested":3,"playtime":2345,"current_hp_per_floor":[72,72,54,57,60,60,52,52,52,60,68,74,63,55,55,24,72,70,70,72,69,69,71,71,61,63,63,63,63,63,65,89,46,78,40,40,29,29,29,71,71,63,63,63,93,93,93,66,95,0],"items_purged":["Defend_R","Strike_R"],"gold":50,"score":661,"play_id":"d3ee30fa-53c0-4e1a-8366-6f5726a4c8b4","local_time":"20180324143641","is_prod":false,"is_daily":false,"is_ascension_mode":true,"campfire_upgraded":6,"timestamp":1521923801,"path_taken":["M","?","?","M","M","R","E","?","T","M","?","M","?","E","R","BOSS","M","?","M","?","$","E","?","M","T","R","?","R","$","M","R","BOSS","M","$","?","$","?","R","?","?","T","R","?","?","R","?","R","BOSS"],"build_version":"2018-03-22","purchased_purges":2,"victory":false,"master_deck":["Strike_R","Strike_R","Defend_R+1","Defend_R","Bash","Clothesline","Pommel Strike+1","Rage+1","Anger+1","Rampage+1","Anger","Offering","Clash","Anger+1","Clash","Rage+1","Flex+1","Anger+1","Barricade+1","Madness","Madness","Clash+1"],"max_hp_per_floor":[72,72,72,72,72,72,74,74,74,76,78,78,78,78,78,78,85,85,85,85,85,85,85,85,87,89,89,89,89,89,89,89,89,89,91,91,91,91,91,91,91,93,93,93,93,93,93,95,95,95],"relics":["Black Blood","Golden Idol","Singing Bowl","Bag of Marbles","Oddly Smooth Stone","Ornamental Fan","Tiny House","Prayer Wheel","Happy Flower","Shuriken","Regal Pillow","Red Mask","Ancient Tea Set"],"card_choices":[{"not_picked":["Body Slam","Sentinel"],"picked":"Clothesline","floor":1},{"not_picked":["Combust","Carnage"],"picked":"Pommel Strike","floor":4},{"not_picked":["Headbutt","Heavy Blade"],"picked":"Rage","floor":5},{"not_picked":["Shrug It Off","Wild Strike"],"picked":"Rampage","floor":12},{"not_picked":["Warcry","Headbutt"],"picked":"Anger","floor":14},{"not_picked":["Limit Break","Fiend Fire"],"picked":"Offering","floor":16},{"not_picked":["Heavy Blade","Corruption"],"picked":"Clash","floor":18},{"not_picked":["Dropkick","Thunderclap"],"picked":"Anger","floor":20},{"not_picked":["Wild Strike","Headbutt"],"picked":"Clash","floor":21},{"not_picked":["Searing Blow","Body Slam"],"picked":"Flex","floor":23},{"not_picked":["Sword Boomerang","Cleave"],"picked":"Anger","floor":31},{"not_picked":["Exhume","Feed"],"picked":"Barricade","floor":33},{"not_picked":["Pummel","Metallicize"],"picked":"Clash","floor":43}],"player_experience":263151,"potions_floor_usage":[11,21,23,33,50,50,50],"damage_taken":[{"damage":1,"enemies":"Jaw Worm","floor":1,"turns":5},{"damage":3,"enemies":"Small Slimes","floor":4,"turns":5},{"damage":3,"enemies":"2 Louse","floor":5,"turns":3},{"damage":16,"enemies":"3 Sentries","floor":7,"turns":12},{"damage":0,"enemies":"Exordium Wildlife","floor":10,"turns":3},{"damage":0,"enemies":"Looter","floor":11,"turns":3},{"damage":0,"enemies":"2 Fungi Beasts","floor":12,"turns":3},{"damage":14,"enemies":"Lagavulin","floor":14,"turns":5},{"damage":37,"enemies":"Hexaghost","floor":16,"turns":11},{"damage":8,"enemies":"2 Thieves","floor":18,"turns":4},{"damage":4,"enemies":"Spheric Guardian","floor":20,"turns":3},{"damage":9,"enemies":"Cultist and Chosen","floor":21,"turns":5},{"damage":16,"enemies":"Slavers","floor":23,"turns":5},{"damage":18,"enemies":"Snake Plant","floor":25,"turns":3},{"damage":4,"enemies":"3 Cultists","floor":31,"turns":3},{"damage":49,"enemies":"Automaton","floor":33,"turns":8},{"damage":50,"enemies":"3 Shapes","floor":35,"turns":4},{"damage":20,"enemies":"Flame Bruiser 1 Orb","floor":42,"turns":6},{"damage":39,"enemies":"3 Darklings","floor":48,"turns":5},{"damage":97,"enemies":"Time Eater","floor":50,"turns":10}],"event_choices":[{"event_name":"Golden Wing","player_choice":"Gained Gold","floor":2,"damage_taken":0},{"event_name":"Golden Idol","player_choice":"Take Damage","floor":3,"damage_taken":0},{"event_name":"World of Goop","player_choice":"Gather Gold","floor":13,"damage_taken":0},{"event_name":"The Woman in Blue","player_choice":"Bought 0 Potions","floor":19,"damage_taken":0},{"event_name":"Back to Basics","player_choice":"Elegance","floor":24,"damage_taken":0},{"event_name":"Winding Halls","player_choice":"Embrace Madness","floor":37,"damage_taken":0},{"event_name":"Tomb of Lord Red Mask","player_choice":"Paid","floor":39,"damage_taken":0},{"event_name":"Wheel of Change","player_choice":"Full Heal","floor":45,"damage_taken":0},{"event_name":"Upgrade Shrine","player_choice":"Upgraded","floor":46,"damage_taken":0}],"boss_relics":[{"not_picked":["Snecko Eye","Runic Cube"],"picked":"Tiny House"},{"not_picked":["Orrery","Mark of Pain"],"picked":"Black Blood"}],"potions_floor_spawned":[4,7,10,14,18,31,33,48],"seed_played":"-6053889555475579377","killed_by":"Time Eater","ascension_level":5,"is_trial":false}