{"gold_per_floor":[116,116,86,102,123,162,186,186,186,186,25,25,45,80,80,201,201,216,239,239,254,11,11,45,45,45,69,87,121,135,153,153,274,274,287,311,327,52,52,86,86,19,19,19,39,39,104,120,120,120],"floor_reached":51,"playtime":1442,"items_purged":["Normality"],"score":804,"play_id":"a25bb182-ed96-4687-8db4-41a711b7906f","local_time":"20190107153737","is_ascension_mode":false,"campfire_choices":[{"data":"Buffer","floor":8,"key":"SMITH"},{"data":"Zap","floor":10,"key":"SMITH"},{"data":"Electrodynamics","floor":15,"key":"SMITH"},{"data":"Storm","floor":23,"key":"SMITH"},{"data":"Biased Cognition","floor":25,"key":"SMITH"},{"floor":32,"key":"REST"},{"data":"Electrodynamics","floor":41,"key":"SMITH"},{"data":"Zap","floor":44,"key":"SMITH"},{"data":"Lockon","floor":46,"key":"SMITH"},{"floor":49,"key":"REST"}],"neow_cost":"NONE","seed_source_timestamp":156667176278122,"circlet_count":0,"master_deck":["Strike_B","Strike_B","Strike_B","Strike_B","Defend_B","Defend_B","Defend_B","Zap+1","Dualcast","Compile Driver","Cold Snap","Lockon+1","Buffer+1","Glacier","Electrodynamics+1","Ball Lightning+1","Conserve Battery","Electrodynamics+1","Lockon+1","Zap+1","Cold Snap+1","Storm+1","Biased Cognition+1","White Noise+1","Defragment+1","Chill+1","Thunder Strike+1","Skim+1","Ball Lightning+1","Storm+1","Hello World+1","Defragment+1"],"relics":["Cracked Core","NeowsBlessing","Golden Idol","Molten Egg 2","Kunai","Meat on the Bone","Cursed Key","ClockworkSouvenir","Bag of Preparation","Frozen Egg 2","StoneCalendar","Nuclear Battery","DollysMirror","Calipers","Nunchaku"],"potions_floor_usage":[24,29,33,50,50,50],"damage_taken":[{"damage":0,"enemies":"2 Louse","floor":1,"turns":1},{"damage":0,"enemies":"Cultist","floor":4,"turns":1},{"damage":0,"enemies":"Small Slimes","floor":5,"turns":1},{"damage":16,"enemies":"Gremlin Nob","floor":6,"turns":4},{"damage":1,"enemies":"3 Louse","floor":7,"turns":3},{"damage":0,"enemies":"Gremlin Gang","floor":13,"turns":1},{"damage":8,"enemies":"3 Sentries","floor":14,"turns":3},{"damage":0,"enemies":"Slime Boss","floor":16,"turns":7},{"damage":0,"enemies":"2 Thieves","floor":18,"turns":2},{"damage":5,"enemies":"Shell Parasite","floor":19,"turns":4},{"damage":19,"enemies":"Shelled Parasite and Fungi","floor":21,"turns":5},{"damage":30,"enemies":"Book of Stabbing","floor":24,"turns":5},{"damage":0,"enemies":"Snecko","floor":27,"turns":3},{"damage":0,"enemies":"3 Cultists","floor":28,"turns":2},{"damage":16,"enemies":"Gremlin Leader","floor":29,"turns":4},{"damage":10,"enemies":"Cultist and Chosen","floor":30,"turns":2},{"damage":4,"enemies":"Snecko","floor":31,"turns":3},{"damage":6,"enemies":"Collector","floor":33,"turns":5},{"damage":0,"enemies":"3 Shapes","floor":35,"turns":3},{"damage":0,"enemies":"3 Darklings","floor":36,"turns":4},{"damage":0,"enemies":"Spire Growth","floor":37,"turns":4},{"damage":0,"enemies":"Reptomancer","floor":40,"turns":3},{"damage":8,"enemies":"Writhing Mass","floor":45,"turns":3},{"damage":40,"enemies":"2 Orb Walkers","floor":47,"turns":3},{"damage":0,"enemies":"4 Shapes","floor":48,"turns":2},{"damage":23,"enemies":"Time Eater","floor":50,"turns":5}],"seed_played":"-6515461084704923107","potions_obtained":[{"floor":1,"key":"AttackPotion"},{"floor":3,"key":"Regen Potion"},{"floor":3,"key":"SpeedPotion"},{"floor":14,"key":"EssenceOfSteel"},{"floor":27,"key":"Fire Potion"},{"floor":29,"key":"Dexterity Potion"},{"floor":37,"key":"Explosive Potion"}],"is_trial":false,"path_per_floor":["M","?","?","M","M","E","M","R","T","R","$","?","M","E","R","B",null,"M","M","?","M","$","R","E","R","T","M","M","E","M","M","R","B",null,"M","M","M","$","?","E","R","$","T","R","M","R","?","M","R","B",null],"character_chosen":"DEFECT","items_purchased":["Electrodynamics","ClockworkSouvenir","Storm","DollysMirror","Defragment+1"],"campfire_rested":2,"item_purchase_floors":[11,22,22,38,42],"current_hp_per_floor":[75,69,69,69,69,53,52,52,52,52,52,45,45,37,37,37,69,69,64,64,45,45,45,41,41,41,41,41,37,39,35,55,49,69,69,69,69,69,69,69,69,69,69,69,61,61,33,45,65,42],"gold":120,"neow_bonus":"THREE_ENEMY_KILL","is_prod":false,"is_daily":false,"chose_seed":false,"campfire_upgraded":8,"win_rate":0.0,"timestamp":1546875457,"path_taken":["M","?","?","?","M","E","M","R","T","R","?","?","M","E","R","BOSS","M","M","?","M","$","R","E","R","T","?","M","E","M","M","R","BOSS","M","M","M","$","?","E","R","$","T","R","M","R","?","M","R","BOSS"],"build_version":"2019-01-03v4","purchased_purges":1,"victory":true,"max_hp_per_floor":[75,69,69,69,69,69,69,69,69,69,69,69,69,69,69,69,69,69,69,69,69,69,69,69,69,69,69,69,69,69,69,69,69,69,69,69,69,69,69,69,69,69,69,69,69,69,69,69,69,69],"card_choices":[{"not_picked":["Stack","Gash"],"picked":"Compile Driver","floor":1},{"not_picked":["Sweeping Beam","Stack"],"picked":"Cold Snap","floor":4},{"not_picked":["Sweeping Beam","Hologram"],"picked":"Lockon","floor":5},{"not_picked":["Melter","Storm"],"picked":"Buffer","floor":6},{"not_picked":["Leap","Streamline+1"],"picked":"Glacier","floor":7},{"not_picked":["Storm","Heatsinks"],"picked":"Ball Lightning+1","floor":13},{"not_picked":["Tempest","Steam Power"],"picked":"Conserve Battery","floor":14},{"not_picked":["Multi-Cast","Reboot"],"picked":"Electrodynamics","floor":16},{"not_picked":["Compile Driver+1","Sweeping Beam+1","Blizzard+1"],"picked":"SKIP","floor":18},{"not_picked":["Chaos","Conserve Battery+1"],"picked":"Lockon+1","floor":19},{"not_picked":["Storm","Doom and Gloom+1"],"picked":"Cold Snap+1","floor":21},{"not_picked":["Darkness","Ball Lightning+1"],"picked":"Biased Cognition","floor":24},{"not_picked":["Gash+1","Doom and Gloom+1","Ball Lightning+1"],"picked":"SKIP","floor":27},{"not_picked":["Compile Driver+1","Sweeping Beam+1","Doom and Gloom+1"],"picked":"SKIP","floor":28},{"not_picked":["Cold Snap+1","Coolheaded"],"picked":"White Noise+1","floor":29},{"not_picked":["Steam","Double Energy"],"picked":"Defragment+1","floor":30},{"not_picked":["Ball Lightning+1","Genetic Algorithm"],"picked":"Chill+1","floor":31},{"not_picked":["Machine Learning+1","Fission"],"picked":"Thunder Strike+1","floor":33},{"not_picked":["Fusion","Melter+1"],"picked":"Skim+1","floor":35},{"not_picked":["Rip and Tear+1","Sweeping Beam+1","FTL+1"],"picked":"SKIP","floor":36},{"not_picked":["Compile Driver+1","Hologram"],"picked":"Ball Lightning+1","floor":37},{"not_picked":["Melter+1","Hologram"],"picked":"Hello World+1","floor":40},{"not_picked":["Steam+1","Skim+1","Hologram"],"picked":"SKIP","floor":45},{"not_picked":["Doom and Gloom+1","Ball Lightning+1","Lockon+1"],"picked":"SKIP","floor":48}],"player_experience":4057,"relics_obtained":[{"floor":6,"key":"Molten Egg 2"},{"floor":9,"key":"Kunai"},{"floor":14,"key":"Meat on the Bone"},{"floor":24,"key":"Bag of Preparation"},{"floor":26,"key":"Frozen Egg 2"},{"floor":29,"key":"StoneCalendar"},{"floor":40,"key":"Calipers"},{"floor":47,"key":"Nunchaku"}],"event_choices":[{"damage_healed":0,"gold_gain":0,"player_choice":"Lose Max HP","damage_taken":0,"relics_obtained":["Golden Idol"],"max_hp_gain":0,"max_hp_loss":6,"event_name":"Golden Idol","floor":2,"gold_loss":0},{"damage_healed":0,"gold_gain":0,"player_choice":"Bought 2 Potions","damage_taken":0,"max_hp_gain":0,"max_hp_loss":0,"event_name":"The Woman in Blue","floor":3,"gold_loss":0},{"cards_removed":["Defend_B"],"damage_healed":0,"gold_gain":0,"player_choice":"Card Removal","damage_taken":7,"max_hp_gain":0,"max_hp_loss":0,"event_name":"Golden Wing","floor":12,"gold_loss":0},{"damage_healed":0,"gold_gain":0,"player_choice":"1 cards matched","damage_taken":0,"max_hp_gain":0,"max_hp_loss":0,"event_name":"Match and Keep!","floor":20,"gold_loss":0,"cards_obtained":["Zap"]},{"damage_healed":0,"gold_gain":0,"player_choice":"Memory 1","damage_taken":0,"max_hp_gain":0,"max_hp_loss":0,"event_name":"SensoryStone","floor":39,"gold_loss":0},{"damage_healed":0,"gold_gain":0,"player_choice":"Fight","damage_taken":0,"max_hp_gain":0,"max_hp_loss":0,"event_name":"Mysterious Sphere","floor":47,"gold_loss":0}],"is_beta":false,"boss_relics":[{"not_picked":["Fusion Hammer","Tiny House"],"picked":"Cursed Key"},{"not_picked":["Eternal Feather","Calling Bell"],"picked":"Nuclear Battery"}],"items_purged_floors":[38],"is_endless":false,"potions_floor_spawned":[1,13,14,16,19,21,27,29,31,37,45,47],"ascension_level":0}