{"gold_per_floor":[109,109,122,135,135,171,171,171,171,202,55,88,88,112,112,236,236,249,274,274,299,214,214,245,245,245,245,269,310,82,101,101,221,221,241,241,0,0,15,15,58,73,121,146,146],"floor_reached":45,"playtime":2003,"items_purged":["Doubt"],"score":601,"play_id":"e976e323-fdb7-4845-8c02-9135406e9642","local_time":"20190110230040","is_ascension_mode":true,"campfire_choices":[{"floor":8,"key":"REST"},{"data":"Shrug It Off","floor":13,"key":"SMITH"},{"floor":15,"key":"REST"},{"data":"Shockwave","floor":23,"key":"SMITH"},{"data":"Body Slam","floor":25,"key":"SMITH"},{"floor":27,"key":"REST"},{"floor":32,"key":"REST"},{"data":"Limit Break","floor":40,"key":"SMITH"}],"neow_cost":"NONE","seed_source_timestamp":1401522528158984,"circlet_count":0,"master_deck":["Strike_R","Strike_R","Strike_R","Strike_R","Defend_R","Defend_R","Defend_R+1","Defend_R","Bash","Thunderclap","Cleave","Juggernaut","Shrug It Off+1","Swift Strike","Dropkick","Anger","Shockwave+1","Body Slam+1","Inflame","Sword Boomerang+1","Power Through+1","Limit Break+1","Anger+1","Impatience","Reckless Charge+1","Feel No Pain","Shrug It Off","Regret","Battle Trance+1"],"relics":["Burning Blood","Bag of Marbles","GremlinMask","Golden Idol","Mummified Hand","Paper Frog","Boot","Blood Vial","Mercury Hourglass","Cursed Key","Charon\u0027s Ashes","Juzu Bracelet","Centennial Puzzle","Unceasing Top","Red Skull","Runic Cube","Red Mask","Sundial","War Paint"],"potions_floor_usage":[33,33,39,42,44,45],"damage_taken":[{"damage":2,"enemies":"2 Louse","floor":1,"turns":3},{"damage":6,"enemies":"Cultist","floor":3,"turns":3},{"damage":2,"enemies":"Jaw Worm","floor":4,"turns":3},{"damage":40,"enemies":"Lagavulin","floor":6,"turns":6},{"damage":30,"enemies":"3 Sentries","floor":10,"turns":6},{"damage":16,"enemies":"Gremlin Nob","floor":12,"turns":3},{"damage":12,"enemies":"Lots of Slimes","floor":14,"turns":2},{"damage":40,"enemies":"The Guardian","floor":16,"turns":8},{"damage":4,"enemies":"Shell Parasite","floor":18,"turns":4},{"damage":12,"enemies":"2 Thieves","floor":19,"turns":3},{"damage":21,"enemies":"Shelled Parasite and Fungi","floor":21,"turns":4},{"damage":28,"enemies":"Book of Stabbing","floor":24,"turns":4},{"damage":3,"enemies":"3 Cultists","floor":28,"turns":3},{"damage":34,"enemies":"Slavers","floor":29,"turns":3},{"damage":21,"enemies":"Snake Plant","floor":31,"turns":3},{"damage":17,"enemies":"Automaton","floor":33,"turns":6},{"damage":0,"enemies":"3 Shapes","floor":35,"turns":5},{"damage":17,"enemies":"Orb Walker","floor":39,"turns":4},{"damage":60,"enemies":"Giant Head","floor":41,"turns":7},{"damage":12,"enemies":"Spire Growth","floor":42,"turns":3},{"damage":3,"enemies":"Transient","floor":44,"turns":5},{"damage":21,"enemies":"Writhing Mass","floor":45,"turns":2}],"seed_played":"-7650854183162679366","potions_obtained":[{"floor":6,"key":"BloodPotion"},{"floor":10,"key":"Dexterity Potion"},{"floor":12,"key":"Ancient Potion"},{"floor":14,"key":"PowerPotion"},{"floor":19,"key":"Block Potion"},{"floor":33,"key":"Explosive Potion"},{"floor":41,"key":"Swift Potion"},{"floor":44,"key":"Poison Potion"}],"is_trial":false,"path_per_floor":["M","?","M","M","?","E","?","R","T","E","$","E","R","M","R","B",null,"M","M","?","M","?","R","E","R","T","R","M","E","$","M","R","B",null,"M","?","?","$","M","R","E","M","T","M","M"],"character_chosen":"IRONCLAD","items_purchased":["Blood Vial","Red Skull"],"campfire_rested":4,"item_purchase_floors":[11,30],"current_hp_per_floor":[80,80,80,80,74,40,40,62,62,38,38,30,30,26,48,16,74,74,68,68,55,55,55,35,35,35,57,62,36,36,23,45,36,74,74,74,74,74,63,63,11,7,7,12,0],"gold":146,"neow_bonus":"RANDOM_COMMON_RELIC","is_prod":false,"is_daily":false,"chose_seed":false,"campfire_upgraded":4,"win_rate":0,"timestamp":1547161240,"path_taken":["M","?","M","?","?","E","?","R","T","E","$","E","R","M","R","BOSS","M","?","?","?","?","R","E","R","T","R","M","E","$","M","R","BOSS","M","?","?","$","M","R","E","M","T","M","M"],"build_version":"2019-01-03v4","purchased_purges":1,"victory":false,"max_hp_per_floor":[80,80,80,80,74,74,74,74,74,74,74,74,74,74,74,74,74,74,74,74,74,74,74,74,74,74,74,74,74,74,74,74,74,74,74,74,74,74,74,74,74,74,74,74,74],"card_choices":[{"not_picked":["Wild Strike","True Grit"],"picked":"Thunderclap","floor":1},{"not_picked":["Intimidate","Spot Weakness"],"picked":"Cleave","floor":3},{"not_picked":["Armaments","Ghostly Armor","Wild Strike"],"picked":"SKIP","floor":4},{"not_picked":["Heavy Blade","Rage"],"picked":"Juggernaut","floor":6},{"not_picked":["Twin Strike","Burning Pact"],"picked":"Dropkick","floor":10},{"not_picked":["Rage","Wild Strike"],"picked":"Anger","floor":12},{"not_picked":["Cleave","Twin Strike"],"picked":"Shockwave","floor":14},{"not_picked":["Sword Boomerang","Twin Strike"],"picked":"Body Slam","floor":18},{"not_picked":["Burning Pact+1","Bloodletting"],"picked":"Inflame","floor":19},{"not_picked":["Perfected Strike","Warcry","Flex+1"],"picked":"SKIP","floor":21},{"not_picked":["Searing Blow+1","Corruption","Hemokinesis+1"],"picked":"SKIP","floor":24},{"not_picked":["True Grit","Seeing Red+1","Flex"],"picked":"SKIP","floor":28},{"not_picked":["Heavy Blade","Shockwave+1"],"picked":"Sword Boomerang+1","floor":29},{"not_picked":["Anger","Clothesline"],"picked":"Power Through","floor":31},{"not_picked":["Impervious","Exhume"],"picked":"Limit Break","floor":33},{"not_picked":["Clash+1","Heavy Blade+1"],"picked":"Anger+1","floor":35},{"not_picked":["Panacea","PanicButton"],"picked":"Impatience","floor":36},{"not_picked":["Heavy Blade","Burning Pact"],"picked":"Reckless Charge+1","floor":39},{"not_picked":["Impervious","Wild Strike+1"],"picked":"Feel No Pain","floor":41},{"not_picked":["Uppercut","Flex+1"],"picked":"Shrug It Off","floor":42},{"not_picked":["True Grit+1","Combust"],"picked":"Battle Trance+1","floor":44}],"player_experience":173803,"relics_obtained":[{"floor":6,"key":"Mummified Hand"},{"floor":9,"key":"Paper Frog"},{"floor":10,"key":"Boot"},{"floor":12,"key":"Mercury Hourglass"},{"floor":24,"key":"Juzu Bracelet"},{"floor":26,"key":"Centennial Puzzle"},{"floor":29,"key":"Unceasing Top"},{"floor":41,"key":"Sundial"},{"floor":43,"key":"War Paint"}],"event_choices":[{"damage_healed":0,"gold_gain":0,"player_choice":"Trade","damage_taken":0,"relics_obtained":["GremlinMask"],"max_hp_gain":0,"max_hp_loss":0,"event_name":"FaceTrader","floor":2,"gold_loss":0},{"damage_healed":0,"gold_gain":0,"player_choice":"Lose Max HP","damage_taken":0,"relics_obtained":["Golden Idol"],"max_hp_gain":0,"max_hp_loss":6,"event_name":"Golden Idol","floor":5,"gold_loss":0},{"damage_healed":0,"gold_gain":0,"player_choice":"2 cards matched","damage_taken":0,"max_hp_gain":0,"max_hp_loss":0,"event_name":"Match and Keep!","floor":7,"gold_loss":0,"cards_obtained":["Shrug It Off","Swift Strike"]},{"cards_removed":["Strike_R"],"damage_healed":0,"gold_gain":0,"player_choice":"Offered Basic","damage_taken":0,"max_hp_gain":0,"max_hp_loss":0,"event_name":"Bonfire Elementals","floor":20,"gold_loss":0},{"damage_healed":0,"gold_gain":0,"player_choice":"Obtained Relic","damage_taken":0,"relics_obtained":["Charon\u0027s Ashes"],"max_hp_gain":0,"max_hp_loss":0,"event_name":"Addict","floor":22,"gold_loss":85},{"damage_healed":0,"gold_gain":0,"player_choice":"Memory 1","damage_taken":0,"max_hp_gain":0,"max_hp_loss":0,"event_name":"SensoryStone","floor":36,"gold_loss":0},{"damage_healed":0,"gold_gain":0,"player_choice":"Paid","damage_taken":0,"relics_obtained":["Red Mask"],"max_hp_gain":0,"max_hp_loss":0,"event_name":"Tomb of Lord Red Mask","floor":37,"gold_loss":241}],"is_beta":false,"boss_relics":[{"not_picked":["White Beast Statue","Ectoplasm"],"picked":"Cursed Key"},{"not_picked":["Astrolabe","Black Star"],"picked":"Runic Cube"}],"items_purged_floors":[30],"is_endless":false,"potions_floor_spawned":[6,10,12,14,19,21,28,29,33,41,44],"killed_by":"Writhing Mass","ascension_level":4}