{"path_per_floor":["M","?","M","?","M","R","$","M","T","M","M","R","E","M","R","B",null,"M","M","?","M","M","R","$","M","T"],"character_chosen":"DEFECT","items_purchased":["Capacitor","Thunder Strike","Nova","Tiny Chest"],"gold_per_floor":[118,118,136,136,152,152,25,44,96,120,135,135,176,192,192,318,318,342,361,361,381,405,405,79,92,138,138],"floor_reached":27,"campfire_rested":3,"playtime":1020,"current_hp_per_floor":[75,57,52,45,52,74,74,69,69,62,65,65,41,32,54,27,75,47,47,47,55,34,56,56,19,19,0],"items_purged":["Strike_B"],"gold":138,"score":219,"play_id":"2fef24e6-8f15-4422-a9d7-7763f4b3f10c","local_time":"20180426205443","is_prod":false,"is_daily":false,"chose_seed":false,"is_ascension_mode":false,"campfire_upgraded":1,"timestamp":1524797683,"path_taken":["M","?","?","?","M","R","?","M","T","M","M","R","E","?","R","BOSS","M","M","?","M","M","R","$","M","T","E"],"build_version":"2018-04-26","seed_source_timestamp":90223614117324,"purchased_purges":1,"victory":false,"master_deck":["Strike_B","Strike_B","Defend_B","Defend_B","Defend_B","Defend_B","Zap","Dualcast","Ball Lightning","Self Repair","Coolheaded","Capacitor","Thunder Strike","Creative AI+1","Storm","Creative AI","Self Repair","Impulse","Tempest+1","Force Field","Nova","Clumsy"],"max_hp_per_floor":[75,75,75,75,75,75,75,75,75,75,75,75,75,75,75,75,75,75,75,75,75,75,75,75,75,75,75],"relics":["Cracked Core","Golden Idol","Blood Vial","Bag of Preparation","Cursed Key","Tiny Chest","Happy Flower"],"card_choices":[{"not_picked":["Axe Kick","Coolheaded"],"picked":"Ball Lightning","floor":1},{"not_picked":["Buffer","Hello World"],"picked":"Self Repair","floor":3},{"not_picked":["Streamline","Go for the Eyes"],"picked":"Coolheaded","floor":5},{"not_picked":["Barrage","Beam Cell"],"picked":"Creative AI","floor":11},{"not_picked":["White Noise","Cold Snap"],"picked":"Storm","floor":13},{"not_picked":["Thunder Strike","Multi-Cast"],"picked":"Creative AI","floor":16},{"not_picked":["Ball Lightning","Hologram"],"picked":"Self Repair","floor":18},{"not_picked":["Chill","FTL"],"picked":"Impulse","floor":19},{"not_picked":["Ball Lightning","Doom and Gloom"],"picked":"Tempest","floor":21},{"not_picked":["Go for the Eyes","Axe Kick"],"picked":"Force Field","floor":22}],"player_experience":339004,"potions_floor_usage":[13,13,13,21,21,21],"damage_taken":[{"damage":0,"enemies":"Small Slimes","floor":1,"turns":3},{"damage":5,"enemies":"2 Louse","floor":3,"turns":2},{"damage":0,"enemies":"Cultist","floor":5,"turns":3},{"damage":12,"enemies":"Blue Slaver","floor":8,"turns":4},{"damage":16,"enemies":"2 Fungi Beasts","floor":10,"turns":4},{"damage":6,"enemies":"Large Slime","floor":11,"turns":5},{"damage":33,"enemies":"Gremlin Nob","floor":13,"turns":4},{"damage":11,"enemies":"Red Slaver","floor":14,"turns":3},{"damage":36,"enemies":"Hexaghost","floor":16,"turns":7},{"damage":35,"enemies":"Shell Parasite","floor":18,"turns":5},{"damage":16,"enemies":"Chosen","floor":19,"turns":5},{"damage":20,"enemies":"Centurion and Healer","floor":21,"turns":5},{"damage":37,"enemies":"Snake Plant","floor":22,"turns":3},{"damage":53,"enemies":"Cultist and Chosen","floor":25,"turns":6},{"damage":25,"enemies":"Book of Stabbing","floor":27,"turns":2}],"event_choices":[{"event_name":"Golden Idol","player_choice":"Take Damage","floor":2,"damage_taken":0},{"event_name":"Golden Wing","player_choice":"Card Removal","floor":4,"damage_taken":0},{"event_name":"The Woman in Blue","player_choice":"Bought 0 Potions","floor":20,"damage_taken":0}],"boss_relics":[{"not_picked":["Orrery","Tiny House"],"picked":"Cursed Key"}],"potions_floor_spawned":[3,8,10,11,16,18,19],"seed_played":"-8281173342863418391","killed_by":"Book of Stabbing","ascension_level":0,"is_trial":false}