{"gold_per_floor":[15,90,90,102,115,115,115,40,40,58,70,83,98,116,116,217,217,233,249,249,268,286,286,306,9,35,52,65,65,81,100,100,100],"floor_reached":33,"playtime":1184,"items_purged":["Strike_B"],"score":249,"play_id":"4bb338fb-440f-4193-917d-72f5d41fe20a","local_time":"20190208155344","is_ascension_mode":false,"campfire_choices":[{"data":"Cold Snap","floor":6,"key":"SMITH"},{"data":"Electrodynamics","floor":15,"key":"SMITH"},{"data":"Fission","floor":32,"key":"SMITH"}],"neow_cost":"NO_GOLD","seed_source_timestamp":682397930930888,"circlet_count":0,"master_deck":["Strike_B","Strike_B","Strike_B","Defend_B","Defend_B","Defend_B","Defend_B","Zap","Dualcast","Electrodynamics+1","Conserve Battery","Cold Snap+1","FTL","Cold Snap","Sweeping Beam","Ball Lightning","Steam","Fission+1","Melter","Cold Snap+1","Compile Driver","Redo+1","Capacitor","Master of Strategy","Steam","Auto Shields+1","Gash"],"relics":["Cracked Core"],"potions_floor_usage":[5,16,16,27,30,33],"damage_taken":[{"damage":3,"enemies":"Jaw Worm","floor":1,"turns":4},{"damage":0,"enemies":"2 Louse","floor":4,"turns":1},{"damage":10,"enemies":"Cultist","floor":5,"turns":4},{"damage":0,"enemies":"2 Fungi Beasts","floor":10,"turns":2},{"damage":5,"enemies":"Exordium Wildlife","floor":11,"turns":3},{"damage":6,"enemies":"Gremlin Gang","floor":12,"turns":2},{"damage":0,"enemies":"3 Louse","floor":13,"turns":2},{"damage":0,"enemies":"Looter","floor":14,"turns":2},{"damage":37,"enemies":"The Guardian","floor":16,"turns":13},{"damage":9,"enemies":"Shell Parasite","floor":18,"turns":6},{"damage":3,"enemies":"Chosen","floor":19,"turns":4},{"damage":1,"enemies":"Centurion and Healer","floor":21,"turns":6},{"damage":0,"enemies":"3 Cultists","floor":22,"turns":3},{"damage":3,"enemies":"Cultist and Chosen","floor":24,"turns":6},{"damage":6,"enemies":"Chosen and Byrds","floor":27,"turns":4},{"damage":0,"enemies":"Sentry and Sphere","floor":28,"turns":3},{"damage":3,"enemies":"Centurion and Healer","floor":30,"turns":8},{"damage":17,"enemies":"Snecko","floor":31,"turns":8},{"damage":38,"enemies":"Automaton","floor":33,"turns":6}],"seed_played":"3270351723753823465","potions_obtained":[{"floor":5,"key":"Fruit Juice"},{"floor":11,"key":"Weak Potion"},{"floor":13,"key":"Swift Potion"},{"floor":16,"key":"GamblersBrew"},{"floor":18,"key":"Explosive Potion"},{"floor":20,"key":"EssenceOfSteel"},{"floor":27,"key":"Block Potion"}],"is_trial":false,"path_per_floor":["M","?","?","M","M","R","T","$","T","M","M","M","M","M","R","B",null,"M","M","?","M","M","?","M","$","T","M","M","T","M","M","R","B"],"character_chosen":"DEFECT","items_purchased":["Capacitor","Master of Strategy","Steam"],"campfire_rested":0,"item_purchase_floors":[25,25,25],"current_hp_per_floor":[72,61,58,58,53,53,53,53,53,53,48,42,42,42,42,5,80,71,68,68,67,67,67,64,64,64,58,58,58,55,38,38,0],"gold":100,"neow_bonus":"THREE_RARE_CARDS","is_prod":false,"is_daily":false,"chose_seed":false,"campfire_upgraded":3,"win_rate":0,"timestamp":1549641224,"path_taken":["M","?","?","M","M","R","?","$","T","M","M","M","M","?","R","BOSS","M","M","?","M","?","?","M","$","T","M","M","?","?","M","R","BOSS"],"build_version":"2019-01-23","purchased_purges":1,"victory":false,"max_hp_per_floor":[75,75,75,75,80,80,80,80,80,80,80,80,80,80,80,80,80,80,80,80,80,80,80,80,80,80,80,80,80,80,80,80,80],"card_choices":[{"not_picked":["Machine Learning","Amplify"],"picked":"Electrodynamics","floor":0},{"not_picked":["Turbo","Steam Power"],"picked":"Conserve Battery","floor":1},{"not_picked":["Sunder","Rebound","Scrape"],"picked":"SKIP","floor":4},{"not_picked":["Loop","Compile Driver"],"picked":"Cold Snap","floor":5},{"not_picked":["Aggregate","Stack"],"picked":"FTL","floor":10},{"not_picked":["Fusion","Beam Cell"],"picked":"Cold Snap","floor":11},{"not_picked":["Barrage","Echo Form"],"picked":"Sweeping Beam","floor":12},{"not_picked":["Streamline","Coolheaded"],"picked":"Ball Lightning","floor":13},{"not_picked":["Doom and Gloom","Gash"],"picked":"Steam","floor":14},{"not_picked":["Seek","Creative AI"],"picked":"Fission","floor":16},{"not_picked":["Beam Cell","Rip and Tear","Chaos"],"picked":"SKIP","floor":18},{"not_picked":["Turbo","Heatsinks"],"picked":"Melter","floor":19},{"not_picked":["Barrage","Genetic Algorithm"],"picked":"Cold Snap+1","floor":21},{"not_picked":["Aggregate","Meteor Strike"],"picked":"Compile Driver","floor":22},{"not_picked":["Stack","Blizzard+1"],"picked":"Redo+1","floor":24},{"not_picked":["Reprogram","Leap"],"picked":"Auto Shields+1","floor":27},{"not_picked":["Gash","Streamline+1","Tempest+1"],"picked":"SKIP","floor":28},{"not_picked":["FTL","Compile Driver"],"picked":"Gash","floor":30},{"not_picked":["Reprogram","Streamline","Stack"],"picked":"SKIP","floor":31}],"player_experience":544402,"relics_obtained":[],"event_choices":[{"damage_healed":0,"gold_gain":75,"player_choice":"Gather Gold","damage_taken":11,"max_hp_gain":0,"max_hp_loss":0,"event_name":"World of Goop","floor":2,"gold_loss":0},{"damage_healed":0,"gold_gain":0,"player_choice":"Fled","damage_taken":3,"max_hp_gain":0,"max_hp_loss":0,"event_name":"Scrap Ooze","floor":3,"gold_loss":0},{"damage_healed":0,"gold_gain":0,"player_choice":"Got Potions","damage_taken":0,"max_hp_gain":0,"max_hp_loss":0,"event_name":"Lab","floor":20,"gold_loss":0},{"damage_healed":0,"gold_gain":0,"player_choice":"Ignored","damage_taken":0,"max_hp_gain":0,"max_hp_loss":0,"event_name":"The Mausoleum","floor":23,"gold_loss":0}],"is_beta":false,"boss_relics":[{"not_picked":["Lizard Tail","Black Star","Tiny House"]}],"items_purged_floors":[8],"is_endless":false,"potions_floor_spawned":[5,11,13,16,18,24,27],"killed_by":"Automaton","ascension_level":0}