{"path_per_floor":["M","M","?","?","M","R","E","?","T","M","M","M","?","?","R"],"character_chosen":"DEFECT","items_purchased":[],"gold_per_floor":[112,122,122,122,133,133,166,166,166,185,197,208,184,184,184,184],"floor_reached":16,"campfire_rested":1,"playtime":632,"item_purchase_floors":[],"current_hp_per_floor":[79,73,73,78,71,71,45,45,45,40,23,23,23,23,49,0],"items_purged":[],"gold":184,"score":117,"play_id":"d364ebdd-b102-49af-9151-3bb1dc4b5809","local_time":"20180608182357","is_prod":false,"is_daily":false,"chose_seed":false,"is_ascension_mode":true,"campfire_upgraded":1,"win_rate":0,"timestamp":1528478637,"campfire_choices":[{"data":"Fusion","floor":6,"key":"SMITH"},{"floor":15,"key":"REST"}],"path_taken":["M","M","?","?","?","R","E","?","T","M","M","M","?","?","R","BOSS"],"build_version":"2018-06-07","seed_source_timestamp":84820968900584,"purchased_purges":0,"victory":false,"master_deck":["Strike_B","Strike_B","Strike_B","Strike_B","Defend_B","Defend_B","Defend_B","Defend_B","Zap","Dualcast","Storm","Fusion+1","Heatsinks","Fission+1","Streamline","Steam Power"],"max_hp_per_floor":[82,82,82,87,87,87,87,87,87,87,87,87,87,87,87,87],"relics":["Cracked Core","Turnip","Shuriken"],"card_choices":[{"not_picked":["Reprogram","Turbo"],"picked":"Storm","floor":1},{"not_picked":["Defragment","Turbo"],"picked":"Fusion","floor":2},{"not_picked":["BootSequence","Rebound"],"picked":"Heatsinks","floor":5},{"not_picked":["Cold Snap","Hello World"],"picked":"Fission","floor":7},{"not_picked":["Steam Power","Aggregate"],"picked":"Streamline","floor":10},{"not_picked":["Steam","Turbo"],"picked":"Steam Power","floor":11},{"not_picked":["Aggregate","Coolheaded","Self Repair"],"picked":"SKIP","floor":12}],"player_experience":281255,"potions_floor_usage":[7],"damage_taken":[{"damage":3,"enemies":"2 Louse","floor":1,"turns":2},{"damage":6,"enemies":"Cultist","floor":2,"turns":3},{"damage":7,"enemies":"Small Slimes","floor":5,"turns":3},{"damage":26,"enemies":"Gremlin Nob","floor":7,"turns":4},{"damage":5,"enemies":"Exordium Wildlife","floor":10,"turns":4},{"damage":17,"enemies":"Lots of Slimes","floor":11,"turns":5},{"damage":0,"enemies":"Large Slime","floor":12,"turns":4},{"damage":59,"enemies":"Hexaghost","floor":16,"turns":9}],"relics_obtained":[{"floor":7,"key":"Turnip"},{"floor":9,"key":"Shuriken"}],"event_choices":[{"event_name":"The Lab","player_choice":"Got Potions","floor":3,"damage_taken":0},{"event_name":"Big Fish","player_choice":"Donut","floor":4,"damage_taken":0},{"event_name":"Upgrade Shrine","player_choice":"Upgraded","floor":8,"damage_taken":0},{"event_name":"World of Goop","player_choice":"Left","floor":13,"damage_taken":0},{"event_name":"Match and Keep!","player_choice":"0 cards matched","floor":14,"damage_taken":0}],"boss_relics":[],"items_purged_floors":[],"potions_floor_spawned":[1,2,5,11],"seed_played":"-1512715628269873799","killed_by":"Hexaghost","ascension_level":3,"potions_obtained":[{"floor":1,"key":"Poison Potion"},{"floor":2,"key":"FearPotion"},{"floor":3,"key":"FairyPotion"},{"floor":3,"key":"EntropicBrew"},{"floor":11,"key":"SteroidPotion"}],"is_trial":false}