{"gold_per_floor":[360,374,94,94,107,139,139,171,171,171,201,201,201,77,77,178,178,178,118,118],"floor_reached":20,"playtime":789,"items_purged":["Doubt","Parasite"],"score":276,"play_id":"074c058d-5224-4b8f-8db8-84a84814d38f","local_time":"20190428002850","is_ascension_mode":true,"campfire_choices":[{"data":"Rampage","floor":7,"key":"SMITH"},{"floor":10,"key":"REST"},{"floor":12,"key":"REST"},{"data":"Perfected Strike","floor":15,"key":"SMITH"}],"neow_cost":"CURSE","seed_source_timestamp":318294179777464,"circlet_count":0,"master_deck":["Strike_R","Strike_R","Strike_R","Strike_R","Strike_R","Defend_R","Defend_R","Defend_R","Defend_R","Bash","Shrug It Off","Perfected Strike","Disarm","Rampage+1","Perfected Strike+1","Barricade","Infernal Blade+1","True Grit+1"],"relics":["Burning Blood","Sling","Boot","Champion Belt","Toxic Egg 2","Shuriken","Ectoplasm"],"potions_floor_usage":[6],"damage_taken":[{"damage":1,"enemies":"Small Slimes","floor":1,"turns":4},{"damage":11,"enemies":"Jaw Worm","floor":2,"turns":7},{"damage":0,"enemies":"Cultist","floor":5,"turns":2},{"damage":34,"enemies":"Lagavulin","floor":6,"turns":8},{"damage":22,"enemies":"3 Sentries","floor":8,"turns":7},{"damage":39,"enemies":"Lagavulin","floor":11,"turns":6},{"damage":37,"enemies":"Slime Boss","floor":16,"turns":9},{"damage":15,"enemies":"Shell Parasite","floor":18,"turns":5},{"damage":35,"enemies":"2 Thieves","floor":19,"turns":4},{"damage":0,"enemies":"Colosseum Slavers","floor":20,"turns":1}],"seed_played":"8633172633394457802","potions_obtained":[{"floor":1,"key":"GamblersBrew"},{"floor":11,"key":"Swift Potion"},{"floor":19,"key":"LiquidBronze"}],"is_trial":false,"path_per_floor":["M","M","$","?","M","E","R","E","T","R","E","R","?","$","R","B",null,"M","M","?"],"character_chosen":"IRONCLAD","items_purchased":["Sling","Perfected Strike"],"campfire_rested":2,"item_purchase_floors":[3,14],"current_hp_per_floor":[77,72,72,72,78,50,50,34,34,58,25,49,69,69,69,38,67,58,29,29],"gold":118,"neow_bonus":"TWO_FIFTY_GOLD","is_prod":false,"is_daily":false,"chose_seed":false,"campfire_upgraded":2,"win_rate":0,"timestamp":1556432930,"path_taken":["M","M","$","?","M","E","R","E","T","R","E","R","?","$","R","BOSS","M","M","?"],"build_version":"2019-04-23","purchased_purges":2,"victory":false,"max_hp_per_floor":[80,80,80,80,80,80,80,80,80,80,80,80,80,77,77,77,77,77,77,77],"card_choices":[{"not_picked":["Warcry","Battle Trance"],"picked":"Shrug It Off","floor":1},{"not_picked":["Cleave","Seeing Red"],"picked":"Perfected Strike","floor":2},{"not_picked":["Brutality","Havoc"],"picked":"Disarm","floor":5},{"not_picked":["Spot Weakness","Ghostly Armor"],"picked":"Rampage","floor":6},{"not_picked":["Warcry","Iron Wave","Power Through"],"picked":"SKIP","floor":8},{"not_picked":["Thunderclap","Entrench+1","Battle Trance+1"],"picked":"SKIP","floor":11},{"not_picked":["Reaper","Impervious+1"],"picked":"Barricade","floor":16},{"not_picked":["Warcry+1","Battle Trance+1"],"picked":"Infernal Blade+1","floor":18},{"not_picked":["Metallicize","Havoc+1"],"picked":"True Grit+1","floor":19}],"player_experience":546879,"relics_obtained":[{"floor":6,"key":"Boot"},{"floor":8,"key":"Champion Belt"},{"floor":9,"key":"Toxic Egg 2"},{"floor":11,"key":"Shuriken"}],"event_choices":[{"damage_healed":0,"gold_gain":0,"player_choice":"Ignored","damage_taken":0,"max_hp_gain":0,"max_hp_loss":0,"event_name":"Liars Game","floor":4,"gold_loss":0},{"damage_healed":20,"gold_gain":0,"player_choice":"Healed and dodged fight","damage_taken":0,"max_hp_gain":0,"max_hp_loss":0,"event_name":"Mushrooms","floor":13,"gold_loss":0,"cards_obtained":["Parasite"]},{"damage_healed":0,"gold_gain":0,"player_choice":"Fight","damage_taken":0,"max_hp_gain":0,"max_hp_loss":0,"event_name":"Colosseum","floor":20,"gold_loss":0}],"is_beta":true,"boss_relics":[{"not_picked":["Runic Dome","Astrolabe"],"picked":"Ectoplasm"}],"items_purged_floors":[3,14],"is_endless":false,"potions_floor_spawned":[1,8,11,19],"killed_by":"Colosseum Slavers","ascension_level":9}