{"path_per_floor":["M","?","M","?","M","R","E","R","T","M","?","M","?","M","R","B",null,"M","M","?","M","$","R","?","?","T","R","M","M","M","M","R","B",null,"M","$","?","?","?","R","M","M","T","M","R","M","M","M","R"],"character_chosen":"IRONCLAD","items_purchased":["Thread and Needle"],"gold_per_floor":[111,111,125,125,144,144,177,177,177,189,189,208,208,221,221,319,319,319,319,319,319,25,25,25,25,25,25,25,25,25,25,25,25,25,25,25,25,25,25,25,25,25,25,25,25,25,25,25,25],"floor_reached":50,"campfire_rested":3,"playtime":3471,"current_hp_per_floor":[63,51,56,42,46,67,42,42,42,36,54,60,60,59,59,8,69,62,64,64,49,49,49,49,49,49,49,51,48,33,35,55,31,69,69,69,69,65,65,65,58,48,48,50,50,52,29,18,38],"items_purged":[],"gold":25,"score":400,"play_id":"50ab367c-7a0f-46bc-ae6e-0098b9144682","is_prod":false,"is_daily":false,"is_ascension_mode":false,"campfire_upgraded":3,"path_taken":["M","?","?","?","M","R","E","R","T","M","?","M","?","?","R","BOSS","M","M","?","M","$","R","?","?","T","R","M","M","?","M","R","BOSS","M","$","?","?","?","R","M","M","T","M","R","M","M","M","R","BOSS"],"build_version":"2018-02-12-PROD1","purchased_purges":0,"victory":false,"master_deck":["Strike_R+1","Strike_R","Strike_R+1","Strike_R+1","Defend_R+1","Bash","Flex+1","Heavy Blade+1","Flex+1","Offering+1","Cleave+1","Demon Form+1","Armaments+1","Heavy Blade","Whirlwind+1","Impervious","Pommel Strike+1","Metallicize+1","Shrug It Off"],"max_hp_per_floor":[72,72,72,72,72,72,72,72,72,72,72,72,69,69,69,69,69,69,69,69,69,69,69,69,69,69,69,69,69,69,69,69,69,69,69,69,69,69,69,69,69,69,69,69,69,69,69,69,69],"relics":["Burning Blood","Champion Belt","Frozen Eye","Whetstone","Peace Pipe","Ectoplasm","Thread and Needle","War Paint","Mark of Pain","Torii","Ice Cream"],"card_choices":[{"not_picked":["Thunderclap","Armaments"],"picked":"Flex"},{"not_picked":["Reckless Charge","Combust"],"picked":"Heavy Blade"},{"not_picked":["Dropkick","Impervious"],"picked":"Flex"},{"not_picked":["Juggernaut","Fiend Fire"],"picked":"Offering"},{"not_picked":["Rampage","True Grit"],"picked":"Cleave"},{"not_picked":["Whirlwind","Power Through"],"picked":"Perfected Strike"},{"not_picked":["Thunderclap","True Grit"],"picked":"Armaments"},{"not_picked":["Pommel Strike","Cleave"],"picked":"Heavy Blade"},{"not_picked":["Body Slam","Second Wind"],"picked":"Whirlwind"},{"not_picked":["Armaments","Heavy Blade"],"picked":"Impervious"},{"not_picked":["Bloodletting","Armaments"],"picked":"Clothesline"},{"not_picked":["Warcry","Anger"],"picked":"Pommel Strike"},{"not_picked":["Clothesline","Blood for Blood"],"picked":"Metallicize"},{"not_picked":["Searing Blow","Iron Wave"],"picked":"Shrug It Off"}],"player_experience":39379,"potions_floor_usage":[14,16,16,38,44,50,50,50],"damage_taken":[{"damage":15,"enemies":"Jaw Worm","floor":1,"turns":4},{"damage":1,"enemies":"Cultist","floor":3,"turns":3},{"damage":2,"enemies":"Small Slimes","floor":5,"turns":4},{"damage":31,"enemies":"Lagavulin","floor":7,"turns":5},{"damage":12,"enemies":"Gremlin Gang","floor":10,"turns":5},{"damage":0,"enemies":"Looter","floor":12,"turns":3},{"damage":13,"enemies":"3 Louse","floor":14,"turns":3},{"damage":57,"enemies":"The Guardian","floor":16,"turns":9},{"damage":13,"enemies":"Shell Parasite","floor":18,"turns":4},{"damage":4,"enemies":"Chosen","floor":19,"turns":2},{"damage":21,"enemies":"Snake Plant","floor":21,"turns":3},{"damage":4,"enemies":"Cultist and Chosen","floor":28,"turns":3},{"damage":9,"enemies":"Snecko","floor":29,"turns":3},{"damage":21,"enemies":"Slaver and Parasite","floor":30,"turns":3},{"damage":4,"enemies":"Snake Plant","floor":31,"turns":2},{"damage":30,"enemies":"Automaton","floor":33,"turns":5},{"damage":0,"enemies":"Orb Walker","floor":35,"turns":3},{"damage":10,"enemies":"Mysterious Sphere","floor":38,"turns":4},{"damage":13,"enemies":"3 Darklings","floor":41,"turns":3},{"damage":16,"enemies":"4 Shapes","floor":42,"turns":4},{"damage":4,"enemies":"Maw","floor":44,"turns":4},{"damage":4,"enemies":"3 Darklings","floor":46,"turns":2},{"damage":29,"enemies":"4 Shapes","floor":47,"turns":3},{"damage":17,"enemies":"Sphere and 2 Shapes","floor":48,"turns":4},{"damage":41,"enemies":"Donu and Deca","floor":50,"turns":4}],"event_choices":[{"event_name":"Scrap Ooze","player_choice":"success","floor":2,"damage_taken":12},{"event_name":"Shining Light","player_choice":"Entered Light","floor":4,"damage_taken":0},{"event_name":"Mushrooms","player_choice":"Healed and dodged fight","floor":11,"damage_taken":0},{"event_name":"Living Wall","player_choice":"Forget","floor":13,"damage_taken":0},{"event_name":"Transmorgrifier","player_choice":"Transform","floor":20,"damage_taken":0},{"event_name":"Beggar","player_choice":"Ignored","floor":24,"damage_taken":0},{"event_name":"Back to Basics","player_choice":"Elegance","floor":25,"damage_taken":0},{"event_name":"Mysterious Sphere","player_choice":"Fight","floor":38,"damage_taken":0},{"event_name":"Upgrade Shrine","player_choice":"Upgraded","floor":39,"damage_taken":0}],"boss_relics":[{"not_picked":["Orrery","Runic Pyramid"],"picked":"Ectoplasm"},{"not_picked":["Black Star","Black Blood"],"picked":"Mark of Pain"}],"potions_floor_spawned":[7,12,14,28,31,33,38,42,48],"seed_played":"-5951409782671292153","killed_by":"Donu and Deca","ascension_level":0,"is_trial":false}