{"gold_per_floor":[110,123,136,136,136,136,168,168,195,215,232,262,289,14,14,111,111,130,150,170,182,194,229,229,246,273,273,273,286,286,299,299,396,396,415,415,430,447,447],"floor_reached":39,"playtime":1992,"items_purged":["Strike_B"],"score":605,"play_id":"43e1b279-ce1b-413d-8104-f0bac4655cd4","local_time":"20190419015533","is_ascension_mode":true,"campfire_choices":[{"floor":6,"key":"REST"},{"data":"Darkness","floor":8,"key":"SMITH"},{"floor":15,"key":"REST"},{"data":"Defragment","floor":24,"key":"SMITH"},{"floor":27,"key":"REST"},{"data":"Coolheaded","floor":30,"key":"SMITH"},{"floor":32,"key":"REST"}],"neow_cost":"NONE","seed_source_timestamp":657891430283703,"circlet_count":0,"master_deck":["Defend_B","Defend_B","Defend_B","Zap+1","Dualcast","Cold Snap","Ball Lightning","Leap","Darkness+1","Ball Lightning","Coolheaded+1","Electrodynamics","Barrage","Rebound","BootSequence","Conserve Battery","Defragment+1","Seek","Genetic Algorithm","Chill","Rainbow","Leap+1","Thunder Strike+1","Stack+1","Sweeping Beam+1","Defragment"],"relics":["Cracked Core","NeowsBlessing","Bronze Scales","Mercury Hourglass","Potion Belt","Vajra","Runic Capacitor","Sozu","Blood Vial","Centennial Puzzle","Astrolabe"],"potions_floor_usage":[7],"damage_taken":[{"damage":0,"enemies":"2 Louse","floor":1,"turns":1},{"damage":0,"enemies":"Small Slimes","floor":2,"turns":1},{"damage":0,"enemies":"Cultist","floor":3,"turns":1},{"damage":7,"enemies":"3 Sentries","floor":7,"turns":6},{"damage":0,"enemies":"Looter","floor":10,"turns":3},{"damage":3,"enemies":"2 Fungi Beasts","floor":11,"turns":3},{"damage":23,"enemies":"Lagavulin","floor":13,"turns":5},{"damage":20,"enemies":"Slime Boss","floor":16,"turns":4},{"damage":5,"enemies":"Shell Parasite","floor":18,"turns":4},{"damage":5,"enemies":"3 Byrds","floor":19,"turns":2},{"damage":4,"enemies":"3 Cultists","floor":20,"turns":2},{"damage":15,"enemies":"Sentry and Sphere","floor":21,"turns":3},{"damage":6,"enemies":"Centurion and Healer","floor":22,"turns":5},{"damage":18,"enemies":"Book of Stabbing","floor":23,"turns":4},{"damage":0,"enemies":"Cultist and Chosen","floor":25,"turns":4},{"damage":17,"enemies":"Snake Plant","floor":29,"turns":3},{"damage":3,"enemies":"Snecko","floor":31,"turns":4},{"damage":39,"enemies":"Collector","floor":33,"turns":7},{"damage":16,"enemies":"3 Darklings","floor":35,"turns":3},{"damage":3,"enemies":"3 Shapes","floor":37,"turns":4},{"damage":7,"enemies":"3 Darklings","floor":38,"turns":3},{"damage":42,"enemies":"2 Orb Walkers","floor":39,"turns":4}],"seed_played":"9117001935684615069","potions_obtained":[{"floor":3,"key":"EssenceOfSteel"},{"floor":7,"key":"PowerPotion"},{"floor":16,"key":"GamblersBrew"}],"is_trial":false,"path_per_floor":["M","M","M","?","?","R","E","R","T","M","M","?","E","$","R","B",null,"M","M","M","M","M","E","R","M","T","R","?","M","R","M","R","B",null,"M","?","M","M","?"],"character_chosen":"DEFECT","items_purchased":["Runic Capacitor"],"campfire_rested":4,"item_purchase_floors":[14],"current_hp_per_floor":[68,68,68,68,43,65,58,58,58,58,55,55,32,32,54,34,65,60,55,51,36,30,12,12,14,14,36,36,21,21,20,42,5,58,44,44,43,38,0],"gold":447,"neow_bonus":"THREE_ENEMY_KILL","is_prod":false,"is_daily":false,"chose_seed":false,"campfire_upgraded":3,"win_rate":0,"timestamp":1555656933,"path_taken":["M","M","M","?","?","R","E","R","T","M","M","?","E","$","R","BOSS","M","M","M","M","M","E","R","M","T","R","?","?","R","M","R","BOSS","M","?","M","M","?"],"build_version":"2019-01-23","purchased_purges":1,"victory":false,"max_hp_per_floor":[75,75,75,75,75,75,75,75,75,75,75,75,75,75,75,75,75,75,75,75,75,75,75,75,75,75,75,75,75,75,75,75,75,75,75,75,75,75,75],"card_choices":[{"not_picked":["Chaos","Gash"],"picked":"Cold Snap","floor":1},{"not_picked":["Hologram","Redo"],"picked":"Ball Lightning","floor":2},{"not_picked":["Loop","Scrape"],"picked":"Leap","floor":3},{"not_picked":["Lockon","Steam"],"picked":"Darkness","floor":7},{"not_picked":["Gash","Redo"],"picked":"Ball Lightning","floor":10},{"not_picked":["Storm","Force Field","Rainbow"],"picked":"SKIP","floor":11},{"not_picked":["Go for the Eyes","Consume"],"picked":"Coolheaded","floor":13},{"not_picked":["Meteor Strike","Amplify"],"picked":"Electrodynamics","floor":16},{"not_picked":["Storm+1","Gash"],"picked":"Barrage","floor":18},{"not_picked":["Force Field","Barrage"],"picked":"Rebound","floor":19},{"not_picked":["Stack","Coolheaded"],"picked":"BootSequence","floor":20},{"not_picked":["Ball Lightning","FTL"],"picked":"Conserve Battery","floor":21},{"not_picked":["Blizzard","Conserve Battery","Turbo"],"picked":"SKIP","floor":22},{"not_picked":["Rainbow","Sunder"],"picked":"Defragment","floor":23},{"not_picked":["Turbo","Streamline+1","Leap"],"picked":"SKIP","floor":25},{"not_picked":["Darkness+1","Steam","Buffer"],"picked":"SKIP","floor":29},{"not_picked":["Coolheaded","Cold Snap+1"],"picked":"Chill","floor":31},{"not_picked":["Electrodynamics","All For One"],"picked":"Rainbow","floor":33},{"not_picked":["Rebound+1","Lockon+1","Sweeping Beam+1"],"picked":"SKIP","floor":35},{"not_picked":["Rebound+1","Lockon+1"],"picked":"Sweeping Beam+1","floor":35},{"not_picked":["Steam Power+1","Streamline+1"],"picked":"Defragment","floor":37},{"not_picked":["Lockon","Streamline+1","Genetic Algorithm+1"],"picked":"SKIP","floor":38}],"player_experience":624708,"relics_obtained":[{"floor":7,"key":"Mercury Hourglass"},{"floor":9,"key":"Potion Belt"},{"floor":13,"key":"Vajra"},{"floor":23,"key":"Blood Vial"},{"floor":26,"key":"Centennial Puzzle"}],"event_choices":[{"damage_healed":0,"gold_gain":0,"player_choice":"Grow","damage_taken":0,"max_hp_gain":0,"max_hp_loss":0,"event_name":"Living Wall","floor":4,"gold_loss":0,"cards_upgraded":["Zap"]},{"damage_healed":0,"gold_gain":0,"player_choice":"Success","damage_taken":25,"relics_obtained":["Bronze Scales"],"max_hp_gain":0,"max_hp_loss":0,"event_name":"Scrap Ooze","floor":5,"gold_loss":0},{"damage_healed":0,"gold_gain":30,"player_choice":"Searched \u00272\u0027 times","damage_taken":0,"max_hp_gain":0,"max_hp_loss":0,"event_name":"Dead Adventurer","floor":12,"gold_loss":0},{"damage_healed":0,"gold_gain":0,"player_choice":"2 cards matched","damage_taken":0,"max_hp_gain":0,"max_hp_loss":0,"event_name":"Match and Keep!","floor":28,"gold_loss":0,"cards_obtained":["Seek","Genetic Algorithm"]},{"cards_removed":["Defend_B"],"damage_healed":0,"gold_gain":0,"player_choice":"Removed Skill","damage_taken":0,"max_hp_gain":0,"max_hp_loss":0,"event_name":"Falling","floor":36,"gold_loss":0},{"damage_healed":0,"gold_gain":0,"player_choice":"Fight","damage_taken":0,"max_hp_gain":0,"max_hp_loss":0,"event_name":"Mysterious Sphere","floor":39,"gold_loss":0}],"is_beta":false,"boss_relics":[{"not_picked":["White Beast Statue","Ectoplasm"],"picked":"Sozu"},{"not_picked":["Velvet Choker","Lizard Tail"],"picked":"Astrolabe"}],"items_purged_floors":[14],"is_endless":false,"potions_floor_spawned":[3,7,16,19,20,21,31,35],"killed_by":"2 Orb Walkers","ascension_level":9}