{"path_per_floor":["M","M","?","M","$","R","M","?","T","R","M","?","M","M","R","B",null,"M","M","?","?","M","R","M"],"character_chosen":"THE_SILENT","items_purchased":["Acrobatics"],"gold_per_floor":[118,136,136,153,54,54,67,67,94,94,114,114,129,147,147,242,242,253,265,365,365,377,377,389],"floor_reached":25,"campfire_rested":2,"playtime":2149,"current_hp_per_floor":[65,65,70,70,70,70,63,75,75,75,65,50,50,50,72,44,75,73,48,48,48,15,45,9],"items_purged":["Injury"],"gold":389,"score":197,"play_id":"f52973ab-8fc5-4aed-b02f-8f8953b39a44","is_prod":false,"is_daily":false,"is_ascension_mode":false,"campfire_upgraded":0,"path_taken":["M","?","?","M","$","R","?","?","T","R","M","?","M","M","R","BOSS","M","M","?","?","?","R","?","?"],"build_version":"2018-02-12-PROD1","purchased_purges":1,"victory":false,"master_deck":["Defend_G","Defend_G","Defend_G+1","Defend_G","Defend_G","Strike_G","Strike_G","Strike_G","Strike_G","Strike_G","Survivor+1","Neutralize","Dagger Spray","Acrobatics","Underhanded Strike","Parasite","Backflip","Escape Plan","Tools of the Trade","Prepared+1","Quick Slash+1"],"max_hp_per_floor":[70,70,75,75,75,75,75,75,75,75,75,75,75,75,75,75,75,75,75,75,75,75,75,75],"relics":["Ring of the Snake","Shovel","Ninja Scroll","Bronze Scales","Gambling Chip","Eternal Feather"],"card_choices":[{"not_picked":["Poisoned Stab","Underhanded Strike"],"picked":"Dagger Spray"},{"not_picked":["Distraction","Backstab"],"picked":"Underhanded Strike"},{"not_picked":["Deadly Poison","Quick Slash"],"picked":"Backflip"},{"not_picked":["Dagger Throw","Dagger Spray"],"picked":"Escape Plan"},{"not_picked":["Calculated Gamble","Outmaneuver"],"picked":"Tools of the Trade"},{"not_picked":["Poisoned Stab","Infinite Blades"],"picked":"Prepared"},{"not_picked":["Sucker Punch","Leg Sweep"],"picked":"Quick Slash"}],"player_experience":58512,"potions_floor_usage":[16,16,22,24,25],"damage_taken":[{"damage":5,"enemies":"Blue Slaver","floor":1,"turns":6},{"damage":0,"enemies":"Small Slimes","floor":2,"turns":3},{"damage":0,"enemies":"Jaw Worm","floor":4,"turns":4},{"damage":7,"enemies":"Large Slime","floor":7,"turns":7},{"damage":10,"enemies":"Gremlin Gang","floor":11,"turns":4},{"damage":0,"enemies":"3 Louse","floor":13,"turns":2},{"damage":0,"enemies":"Large Slime","floor":14,"turns":6},{"damage":28,"enemies":"Slime Boss","floor":16,"turns":10},{"damage":2,"enemies":"3 Byrds","floor":18,"turns":4},{"damage":25,"enemies":"Spheric Guardian","floor":19,"turns":6},{"damage":33,"enemies":"Cultist and Chosen","floor":22,"turns":8},{"damage":36,"enemies":"Snecko","floor":24,"turns":8},{"damage":20,"enemies":"3 Cultists","floor":25,"turns":5}],"event_choices":[{"event_name":"Big Fish","player_choice":"Donut","floor":3,"damage_taken":0},{"event_name":"Mushrooms","player_choice":"Healed and dodged fight","floor":8,"damage_taken":0},{"event_name":"Shining Light","player_choice":"Entered Light","floor":12,"damage_taken":0},{"event_name":"Golden Shrine","player_choice":"Pray","floor":20,"damage_taken":0},{"event_name":"The Lab","player_choice":"Got Potions","floor":21,"damage_taken":0}],"boss_relics":[{"not_picked":["Lizard Tail","Orrery"],"picked":"Eternal Feather"}],"potions_floor_spawned":[1,11,13],"seed_played":"-6730958613266775053","killed_by":"3 Cultists","ascension_level":0,"is_trial":false}