{"path_per_floor":["M","M","M","M","M","E","R","M","T","?","R","?","$","?","R","B",null,"M","M","M","?","M","R","M","?","T","?","R","$","E","M","R","B",null,"M","M","M","M","M","R","E","?","T","M","R","?","$","?","R","B"],"character_chosen":"THE_SILENT","items_purchased":["Panache","Terror","Bottled Tornado","Apotheosis"],"gold_per_floor":[114,129,144,159,174,204,204,219,219,279,279,529,161,161,161,261,261,276,291,306,231,246,246,261,261,261,261,261,11,41,56,56,156,156,171,186,201,216,231,231,261,261,286,301,301,301,95,0,0,0],"floor_reached":51,"campfire_rested":4,"playtime":2654,"current_hp_per_floor":[70,70,70,70,55,11,65,63,63,55,55,55,55,48,48,27,65,65,36,39,39,38,38,44,28,28,28,60,60,47,35,55,31,55,52,34,39,39,37,37,13,13,13,22,50,50,50,50,50,37],"items_purged":["Regret"],"gold":0,"score":752,"play_id":"1b7962d8-ef95-4b85-be2b-f05d0bdacc26","local_time":"20180320200925","daily_mods":["Shiny","Uncertain Future","Night Terrors"],"is_prod":false,"is_daily":true,"is_ascension_mode":false,"campfire_upgraded":5,"timestamp":1521598165,"path_taken":["M","M","M","M","M","E","R","M","T","?","R","?","$","?","R","BOSS","M","M","M","?","M","R","M","?","T","?","R","$","E","M","R","BOSS","M","M","M","M","M","R","E","?","T","M","R","?","$","?","R","BOSS"],"build_version":"2018-03-19","purchased_purges":1,"victory":true,"master_deck":["Defend_G","Defend_G","Defend_G","Defend_G","Defend_G","Strike_G","Strike_G","Strike_G","Strike_G","Survivor","Neutralize","Grand Finale","Backflip","Backstab","Calculated Gamble+1","Cloak And Dagger+1","Accuracy","Dagger Spray","Panache","Terror","After Image","Cloak And Dagger+1","Cloak And Dagger","Malaise","Flying Knee+1","Pain","Normality","Blade Dance+1","Well Laid Plans","Burst","Malaise+1","Cloak And Dagger+1","After Image+1","Leg Sweep+1","Writhe","Outmaneuver+1","Neutralize","Apotheosis+1"],"max_hp_per_floor":[70,70,70,70,70,70,65,65,65,65,65,65,65,65,65,65,65,65,65,65,65,65,65,65,65,65,65,60,60,60,60,55,55,55,55,55,55,55,55,55,55,55,55,55,50,50,50,50,50,50],"relics":["Ring of the Snake","Juzu Bracelet","Blue Candle","Happy Flower","Meat on the Bone","Cursed Key","Nilry\u0027s Codex","Ice Cream","Snake Skull","Bottled Tornado","Prayer Wheel","Lizard Tail","Bronze Scales","Anchor","Red Mask"],"card_choices":[{"not_picked":["Dodge and Roll","Dagger Spray"],"picked":"Backflip","floor":1},{"not_picked":["Dash","Slice"],"picked":"Backstab","floor":2},{"not_picked":["PiercingWail","Expertise"],"picked":"Calculated Gamble","floor":3},{"not_picked":["Dash","Sucker Punch"],"picked":"Cloak And Dagger","floor":4},{"not_picked":["Predator","Bane"],"picked":"Accuracy","floor":5},{"not_picked":["Wraith Form","Acrobatics"],"picked":"Dagger Spray","floor":6},{"not_picked":["Wraith Form","Grand Finale"],"picked":"After Image","floor":16},{"not_picked":["Skewer","Calculated Gamble"],"picked":"Cloak And Dagger","floor":18},{"not_picked":["Flying Knee","Underhanded Strike"],"picked":"Cloak And Dagger","floor":20},{"not_picked":["Eviscerate","Slice"],"picked":"Malaise","floor":22},{"not_picked":["Envenom","Poisoned Stab"],"picked":"Flying Knee","floor":24},{"not_picked":["Dagger Spray","Distraction"],"picked":"Blade Dance","floor":30},{"not_picked":["Dodge and Roll","Dagger Spray"],"picked":"Well Laid Plans","floor":31},{"not_picked":["Doppelganger","Unload"],"picked":"Burst","floor":33},{"not_picked":["Leg Sweep","Backflip"],"picked":"Malaise","floor":35},{"not_picked":["Poisoned Stab","Backstab"],"picked":"Cloak And Dagger","floor":37},{"not_picked":["Outmaneuver","Deadly Poison"],"picked":"After Image","floor":38},{"not_picked":["All Out Attack","Sucker Punch"],"picked":"Leg Sweep","floor":39},{"not_picked":["Flechettes","Crippling Poison"],"picked":"Outmaneuver","floor":43}],"player_experience":246119,"potions_floor_usage":[6,10,22,24,30,30,31,37,41,50,50],"damage_taken":[{"damage":0,"enemies":"Small Slimes","floor":1,"turns":3},{"damage":0,"enemies":"Jaw Worm","floor":2,"turns":2},{"damage":0,"enemies":"2 Louse","floor":3,"turns":3},{"damage":0,"enemies":"Gremlin Gang","floor":4,"turns":10},{"damage":15,"enemies":"Exordium Thugs","floor":5,"turns":8},{"damage":44,"enemies":"Gremlin Nob","floor":6,"turns":5},{"damage":2,"enemies":"2 Fungi Beasts","floor":8,"turns":3},{"damage":8,"enemies":"3 Sentries","floor":10,"turns":8},{"damage":33,"enemies":"The Guardian","floor":16,"turns":10},{"damage":0,"enemies":"3 Byrds","floor":18,"turns":5},{"damage":29,"enemies":"Chosen","floor":19,"turns":6},{"damage":9,"enemies":"Snecko","floor":20,"turns":5},{"damage":13,"enemies":"Snake Plant","floor":22,"turns":5},{"damage":6,"enemies":"Centurion and Healer","floor":24,"turns":5},{"damage":13,"enemies":"Slavers","floor":30,"turns":3},{"damage":12,"enemies":"Chosen and Byrds","floor":31,"turns":7},{"damage":24,"enemies":"Collector","floor":33,"turns":8},{"damage":3,"enemies":"Orb Walker","floor":35,"turns":4},{"damage":18,"enemies":"3 Darklings","floor":36,"turns":5},{"damage":4,"enemies":"Flame Bruiser 2 Orb","floor":37,"turns":4},{"damage":12,"enemies":"Sphere and 2 Shapes","floor":38,"turns":4},{"damage":2,"enemies":"3 Darklings","floor":39,"turns":4},{"damage":36,"enemies":"Giant Head","floor":41,"turns":11},{"damage":3,"enemies":"4 Shapes","floor":44,"turns":5},{"damage":55,"enemies":"Awakened One","floor":50,"turns":17}],"event_choices":[{"event_name":"Dead Adventurer","player_choice":"Searched \u00271\u0027 times","floor":10,"damage_taken":0},{"event_name":"Golden Shrine","player_choice":"Desecrate","floor":12,"damage_taken":0},{"event_name":"Scrap Ooze","player_choice":"success","floor":14,"damage_taken":7},{"event_name":"Beggar","player_choice":"Gave Gold","floor":21,"damage_taken":0},{"event_name":"Cursed Tome","player_choice":"Obtained Book","floor":25,"damage_taken":0},{"event_name":"Accursed Blacksmith","player_choice":"Rummage","floor":27,"damage_taken":0},{"event_name":"Mysterious Sphere","player_choice":"Ignore","floor":42,"damage_taken":0},{"event_name":"Match and Keep!","player_choice":"1 cards matched","floor":46,"damage_taken":0},{"event_name":"Tomb of Lord Red Mask","player_choice":"Paid","floor":48,"damage_taken":0}],"boss_relics":[{"not_picked":["The Specimen","Runic Dome"],"picked":"Cursed Key"},{"not_picked":["Question Card","Runic Pyramid"],"picked":"Lizard Tail"}],"potions_floor_spawned":[2,4,8,10,19,22,24,30,36,39,41],"seed_played":"-5866523525083390548","ascension_level":0,"is_trial":false}