{"gold_per_floor":[115,115,134,134,148,148,223,223,223,223,240,240,30,48,48,122,122,140,174,187,112,125,125,152,152,152,166,91,91,109,109,109,188,188,198,198,420,46,65,65,82,130,130,130],"floor_reached":44,"playtime":2140,"items_purged":["Clumsy"],"score":909,"play_id":"5b553c8d-4cda-44d5-926e-572dea8e2df1","local_time":"20190429125229","is_ascension_mode":true,"campfire_choices":[{"data":"Body Slam","floor":6,"key":"SMITH"},{"data":"Defend_R","floor":8,"key":"SMITH"},{"data":"Defend_R","floor":12,"key":"SMITH"},{"floor":15,"key":"REST"},{"floor":23,"key":"REST"},{"data":"Iron Wave","floor":25,"key":"SMITH"},{"floor":32,"key":"REST"},{"data":"Shrug It Off","floor":40,"key":"SMITH"}],"neow_cost":"PERCENT_DAMAGE","seed_source_timestamp":3627354525457557,"circlet_count":0,"master_deck":["AscendersBane","Defend_R+1","Defend_R+1","Defend_R+1","Defend_R+1","Bash","Body Slam+1","Spot Weakness","Battle Trance","Body Slam+1","Shrug It Off","Pommel Strike","Iron Wave+1","Impervious","Havoc+1","Reaper+1","Sentinel+1","Dark Shackles","Shrug It Off+1","Shrug It Off+1","Normality"],"relics":["Burning Blood","FossilizedHelix","Lee\u0027s Waffle","Cursed Key","Red Mask","Meat on the Bone","Dead Branch","Enchiridion","Astrolabe","Ice Cream","Shovel","Bottled Flame"],"potions_floor_usage":[5,19,19,20,30,33,42],"damage_taken":[{"damage":7,"enemies":"Small Slimes","floor":1,"turns":4},{"damage":16,"enemies":"Jaw Worm","floor":3,"turns":5},{"damage":6,"enemies":"Cultist","floor":5,"turns":3},{"damage":0,"enemies":"3 Louse","floor":11,"turns":5},{"damage":12,"enemies":"Large Slime","floor":14,"turns":5},{"damage":26,"enemies":"The Guardian","floor":16,"turns":10},{"damage":3,"enemies":"2 Thieves","floor":18,"turns":4},{"damage":20,"enemies":"Masked Bandits","floor":19,"turns":4},{"damage":10,"enemies":"Spheric Guardian","floor":20,"turns":5},{"damage":16,"enemies":"Snake Plant","floor":22,"turns":3},{"damage":27,"enemies":"Book of Stabbing","floor":24,"turns":5},{"damage":0,"enemies":"3 Cultists","floor":27,"turns":5},{"damage":16,"enemies":"Snecko","floor":30,"turns":6},{"damage":58,"enemies":"Champ","floor":33,"turns":11},{"damage":0,"enemies":"3 Shapes","floor":35,"turns":1},{"damage":0,"enemies":"Orb Walker","floor":39,"turns":2},{"damage":0,"enemies":"3 Darklings","floor":41,"turns":5},{"damage":51,"enemies":"2 Orb Walkers","floor":42,"turns":7},{"damage":64,"enemies":"Transient","floor":44,"turns":6}],"seed_played":"5570545349066093234","potions_obtained":[{"floor":3,"key":"EntropicBrew"},{"floor":10,"key":"Dexterity Potion"},{"floor":16,"key":"EssenceOfSteel"},{"floor":19,"key":"SkillPotion"},{"floor":24,"key":"Regen Potion"},{"floor":27,"key":"AttackPotion"},{"floor":35,"key":"LiquidBronze"},{"floor":39,"key":"SpeedPotion"}],"is_trial":false,"path_per_floor":["M","?","M","?","M","R","?","R","T","?","M","R","$","M","R","B",null,"M","?","M","?","M","R","E","R","T","M","$","?","M","?","R","B",null,"M","?","?","$","M","R","M","?","T","M"],"character_chosen":"IRONCLAD","items_purchased":["Lee\u0027s Waffle","Ice Cream","Shrug It Off"],"campfire_rested":3,"item_purchase_floors":[13,38,38],"current_hp_per_floor":[49,26,16,41,41,41,30,30,30,30,36,36,82,76,82,62,77,83,69,65,65,55,80,59,59,59,68,68,47,49,49,75,50,79,85,85,85,85,88,88,88,55,55,0],"gold":130,"neow_bonus":"REMOVE_TWO","is_prod":false,"is_daily":false,"chose_seed":false,"campfire_upgraded":5,"win_rate":0,"timestamp":1556538749,"path_taken":["M","?","M","?","M","R","?","R","T","?","?","R","$","M","R","BOSS","M","?","M","?","M","R","E","R","T","M","$","?","M","?","R","BOSS","M","?","?","$","M","R","M","?","T","M"],"build_version":"2019-01-23","purchased_purges":1,"victory":false,"max_hp_per_floor":[75,75,75,75,75,75,75,75,75,75,75,75,82,82,82,82,82,85,85,85,85,85,85,85,85,85,88,88,88,88,88,88,88,88,88,88,88,88,88,88,88,88,88,88],"card_choices":[{"not_picked":["Flex","Clothesline","Heavy Blade"],"picked":"SKIP","floor":1},{"not_picked":["Sword Boomerang","Perfected Strike","Heavy Blade"],"picked":"SKIP","floor":3},{"not_picked":["Havoc","Anger"],"picked":"Body Slam","floor":5},{"not_picked":["Clothesline","Rampage"],"picked":"Spot Weakness","floor":11},{"not_picked":["Anger","Uppercut"],"picked":"Battle Trance","floor":14},{"not_picked":["Berserk","Demon Form"],"picked":"Feed","floor":16},{"not_picked":["Warcry","Anger"],"picked":"Body Slam+1","floor":18},{"not_picked":["Headbutt","Heavy Blade+1"],"picked":"Shrug It Off","floor":19},{"not_picked":["Carnage","Searing Blow"],"picked":"Pommel Strike","floor":20},{"not_picked":["Anger","Shockwave+1","Wild Strike+1"],"picked":"SKIP","floor":22},{"not_picked":["Anger","Fire Breathing"],"picked":"Iron Wave","floor":24},{"not_picked":["Flame Barrier","Rupture","Rampage"],"picked":"SKIP","floor":27},{"not_picked":["Flame Barrier","Clothesline","Double Tap"],"picked":"SKIP","floor":30},{"not_picked":["Limit Break","Berserk"],"picked":"Impervious","floor":33},{"not_picked":["Headbutt+1","Warcry+1","Rupture"],"picked":"SKIP","floor":35},{"not_picked":["Forethought","Bandage Up"],"picked":"Dark Shackles","floor":36},{"not_picked":["Intimidate","Metallicize"],"picked":"Shrug It Off+1","floor":39},{"not_picked":["Uppercut","Metallicize","Havoc+1"],"picked":"SKIP","floor":41}],"player_experience":719598,"relics_obtained":[{"floor":9,"key":"FossilizedHelix"},{"floor":19,"key":"Red Mask"},{"floor":24,"key":"Meat on the Bone"},{"floor":26,"key":"Dead Branch"},{"floor":29,"key":"Enchiridion"},{"floor":42,"key":"Shovel"},{"floor":43,"key":"Bottled Flame"}],"event_choices":[{"damage_healed":0,"gold_gain":0,"player_choice":"Entered Light","damage_taken":23,"max_hp_gain":0,"max_hp_loss":0,"event_name":"Shining Light","floor":2,"gold_loss":0,"cards_upgraded":["Defend_R","Defend_R"]},{"damage_healed":25,"gold_gain":0,"player_choice":"Banana","damage_taken":0,"max_hp_gain":0,"max_hp_loss":0,"event_name":"Big Fish","floor":4,"gold_loss":0},{"damage_healed":0,"gold_gain":75,"player_choice":"Gather Gold","damage_taken":11,"max_hp_gain":0,"max_hp_loss":0,"event_name":"World of Goop","floor":7,"gold_loss":0},{"damage_healed":0,"gold_gain":0,"player_choice":"Got Potions","damage_taken":0,"max_hp_gain":0,"max_hp_loss":0,"event_name":"Lab","floor":10,"gold_loss":0},{"damage_healed":0,"gold_gain":0,"player_choice":"Fought Bandits","damage_taken":0,"max_hp_gain":0,"max_hp_loss":0,"event_name":"Masked Bandits","floor":19,"gold_loss":0},{"cards_removed":["Strike_R"],"damage_healed":0,"gold_gain":0,"player_choice":"Gave Gold","damage_taken":0,"max_hp_gain":0,"max_hp_loss":0,"event_name":"Beggar","floor":21,"gold_loss":75},{"damage_healed":0,"gold_gain":0,"player_choice":"Obtained Book","damage_taken":21,"max_hp_gain":0,"max_hp_loss":0,"event_name":"Cursed Tome","floor":29,"gold_loss":0},{"damage_healed":0,"gold_gain":0,"player_choice":"Ignored","damage_taken":0,"max_hp_gain":0,"max_hp_loss":0,"event_name":"Vampires","floor":31,"gold_loss":0},{"damage_healed":0,"gold_gain":0,"player_choice":"Memory 1","damage_taken":0,"max_hp_gain":0,"max_hp_loss":0,"event_name":"SensoryStone","floor":36,"gold_loss":0},{"damage_healed":0,"gold_gain":222,"player_choice":"Wore Mask","damage_taken":0,"max_hp_gain":0,"max_hp_loss":0,"event_name":"Tomb of Lord Red Mask","floor":37,"gold_loss":0},{"damage_healed":0,"gold_gain":0,"player_choice":"Fight","damage_taken":0,"max_hp_gain":0,"max_hp_loss":0,"event_name":"Mysterious Sphere","floor":42,"gold_loss":0}],"is_beta":false,"boss_relics":[{"not_picked":["Pandora\u0027s Box","Velvet Choker"],"picked":"Cursed Key"},{"not_picked":["Coffee Dripper","Lizard Tail"],"picked":"Astrolabe"}],"items_purged_floors":[28],"is_endless":false,"potions_floor_spawned":[3,16,19,24,27,35,39],"killed_by":"Transient","ascension_level":19}