{"gold_per_floor":[15,29,47,126,126,126,144,144,144,156,156,174,194,51,51,51],"floor_reached":16,"playtime":495,"items_purged":[],"score":146,"play_id":"56f12add-be53-42fd-8798-ecc0fa3fd51d","local_time":"20190116182345","is_ascension_mode":true,"campfire_choices":[{"data":"Skewer","floor":6,"key":"SMITH"},{"floor":8,"key":"REST"},{"floor":15,"key":"REST"}],"neow_cost":"NO_GOLD","seed_source_timestamp":1904839305435686,"circlet_count":0,"master_deck":["AscendersBane","Defend_G","Defend_G","Defend_G+1","Defend_G","Defend_G+1","Strike_G","Strike_G","Strike_G","Strike_G","Strike_G","Survivor","Neutralize","Malaise","Dagger Spray","Skewer+1","All Out Attack","Dash","Predator","Dagger Spray"],"relics":["Ring of the Snake","Mercury Hourglass","Matryoshka","War Paint"],"potions_floor_usage":[7,16,16],"damage_taken":[{"damage":8,"enemies":"Jaw Worm","floor":1,"turns":7},{"damage":7,"enemies":"Small Slimes","floor":2,"turns":5},{"damage":2,"enemies":"Cultist","floor":3,"turns":5},{"damage":27,"enemies":"Exordium Wildlife","floor":7,"turns":5},{"damage":6,"enemies":"Red Slaver","floor":10,"turns":3},{"damage":0,"enemies":"2 Fungi Beasts","floor":12,"turns":2},{"damage":6,"enemies":"Large Slime","floor":13,"turns":5},{"damage":61,"enemies":"Slime Boss","floor":16,"turns":7}],"seed_played":"-4405940203548397942","potions_obtained":[{"floor":1,"key":"SneckoOil"},{"floor":2,"key":"EssenceOfSteel"},{"floor":12,"key":"SpeedPotion"}],"is_trial":false,"path_per_floor":["M","M","M","?","?","R","M","R","T","M","T","M","M","$","R","B"],"character_chosen":"THE_SILENT","items_purchased":["War Paint"],"campfire_rested":2,"item_purchase_floors":[14],"current_hp_per_floor":[55,48,46,46,46,46,19,40,40,34,34,34,28,28,49,0],"gold":51,"neow_bonus":"THREE_RARE_CARDS","is_prod":false,"is_daily":false,"chose_seed":false,"campfire_upgraded":1,"win_rate":0,"timestamp":1547663025,"path_taken":["M","M","M","?","?","R","?","R","T","?","?","M","M","$","R","BOSS"],"build_version":"2019-01-10","purchased_purges":0,"victory":false,"max_hp_per_floor":[70,70,70,70,70,70,70,70,70,70,70,70,70,70,70,70],"card_choices":[{"not_picked":["Storm of Steel","A Thousand Cuts"],"picked":"Malaise","floor":0},{"not_picked":["Flechettes","PiercingWail"],"picked":"Dagger Spray","floor":1},{"not_picked":["Distraction","Heel Hook"],"picked":"Skewer","floor":2},{"not_picked":["Prepared","Bouncing Flask"],"picked":"All Out Attack","floor":3},{"not_picked":["Tactician","Outmaneuver","Bane"],"picked":"SKIP","floor":7},{"not_picked":["Skewer","Dodge and Roll"],"picked":"Dash","floor":10},{"not_picked":["Crippling Poison","Acrobatics"],"picked":"Predator","floor":12},{"not_picked":["Reflex","Choke"],"picked":"Dagger Spray","floor":13}],"player_experience":369389,"relics_obtained":[{"floor":9,"key":"Mercury Hourglass"},{"floor":11,"key":"Matryoshka"}],"event_choices":[{"damage_healed":0,"gold_gain":79,"player_choice":"Gained Gold","damage_taken":0,"max_hp_gain":0,"max_hp_loss":0,"event_name":"Golden Wing","floor":4,"gold_loss":0},{"damage_healed":0,"gold_gain":0,"player_choice":"Ignored","damage_taken":0,"max_hp_gain":0,"max_hp_loss":0,"event_name":"Liars Game","floor":5,"gold_loss":0}],"is_beta":false,"boss_relics":[],"items_purged_floors":[],"is_endless":false,"potions_floor_spawned":[1,2,12],"killed_by":"Slime Boss","ascension_level":11}