{"path_per_floor":["M","?","M","M","R","E","R","T","M","M","E","?","M","R","B",null,"M","?","$","M","M","R","E","R","T","?","M","R","$","M","R","B",null,"M","?","M","?","T","R","M","R","T","M","M","M","R","M","R"],"character_chosen":"IRONCLAD","items_purchased":["Toolbox","Flex"],"gold_per_floor":[114,289,306,326,326,352,352,407,425,440,471,422,438,438,538,538,556,556,186,200,219,219,253,253,253,168,186,186,86,96,96,194,224,235,283,299,299,299,299,318,318,318,331,343,356,356,372,372],"floor_reached":49,"campfire_rested":9,"playtime":2568,"current_hp_per_floor":[87,87,88,76,76,53,79,79,82,74,38,38,32,58,12,88,80,80,80,86,45,71,37,63,63,63,50,76,76,74,74,37,93,81,32,22,45,45,72,53,80,80,74,61,23,50,45,72],"items_purged":["Defend_R","Strike_R"],"gold":372,"score":486,"play_id":"b726badd-60d3-4bb1-a2f7-7baa18e75fde","is_prod":false,"is_daily":false,"is_ascension_mode":true,"campfire_upgraded":2,"path_taken":["M","?","M","?","M","R","E","R","T","?","?","E","?","M","R","BOSS","M","?","$","M","M","R","E","R","T","?","?","R","?","M","R","BOSS","M","?","M","?","?","R","M","R","T","?","M","M","R","?","R","BOSS"],"build_version":"2018-02-15-PROD1","purchased_purges":2,"victory":false,"master_deck":["Strike_R","Strike_R","Strike_R+1","Strike_R","Defend_R","Defend_R","Defend_R","Bash+1","Heavy Blade","Dropkick","Flex+1","Spot Weakness+1","Flex+1","Heavy Blade+1","Double Tap+1","Double Tap","Twin Strike+1","Writhe","Shrug It Off+1","Flex+1"],"max_hp_per_floor":[88,88,88,88,88,88,88,88,88,88,88,88,88,88,88,88,88,88,88,88,88,88,88,88,88,88,88,88,88,88,88,88,93,93,93,93,93,93,93,93,93,93,93,93,93,93,93,93],"relics":["Burning Blood","Paper Frog","Prayer Wheel","Sundial","Runic Dome","Toolbox","Matryoshka","Pen Nib","Letter Opener","Champion Belt","Tiny House","Thread and Needle","Whetstone","War Paint","Shuriken"],"card_choices":[{"not_picked":["Cleave","Perfected Strike"],"picked":"Heavy Blade"},{"not_picked":["Twin Strike","Sword Boomerang"],"picked":"Dropkick"},{"not_picked":["True Grit","Pommel Strike"],"picked":"Flex"},{"not_picked":["Perfected Strike","Shrug It Off"],"picked":"Heavy Blade"},{"not_picked":["Iron Wave","Hemokinesis"],"picked":"Double Tap"},{"not_picked":["Brutality","Barricade"],"picked":"Double Tap"},{"not_picked":["Anger","Havoc"],"picked":"Twin Strike"},{"not_picked":["Anger","Warcry"],"picked":"Shrug It Off"},{"not_picked":["Thunderclap","Pummel"],"picked":"Flex"}],"player_experience":91255,"potions_floor_usage":[15,17,32,32,35,36,40,49],"damage_taken":[{"damage":7.0,"enemies":"Jaw Worm","floor":1.0,"turns":3.0},{"damage":2.0,"enemies":"2 Louse","floor":3.0,"turns":3.0},{"damage":5.0,"enemies":"Cultist","floor":4.0,"turns":4.0},{"damage":18.0,"enemies":"Red Slaver","floor":4.0,"turns":3.0},{"damage":29.0,"enemies":"Gremlin Nob","floor":6.0,"turns":4.0},{"damage":3.0,"enemies":"2 Fungi Beasts","floor":9.0,"turns":4.0},{"damage":14.0,"enemies":"Exordium Thugs","floor":10.0,"turns":5.0},{"damage":42.0,"enemies":"3 Sentries","floor":11.0,"turns":10.0},{"damage":12.0,"enemies":"Lots of Slimes","floor":13.0,"turns":5.0},{"damage":52,"enemies":"Hexaghost","floor":15,"turns":7},{"damage":14,"enemies":"3 Byrds","floor":17,"turns":4},{"damage":0,"enemies":"Chosen","floor":20,"turns":2},{"damage":47,"enemies":"Centurion and Healer","floor":21,"turns":4},{"damage":40,"enemies":"Gremlin Leader","floor":23,"turns":5},{"damage":19,"enemies":"Snake Plant","floor":27,"turns":2},{"damage":8,"enemies":"3 Cultists","floor":30,"turns":4},{"damage":43,"enemies":"Collector","floor":32,"turns":5},{"damage":18,"enemies":"3 Shapes","floor":34,"turns":4},{"damage":55,"enemies":"Mysterious Sphere","floor":35,"turns":5},{"damage":16,"enemies":"3 Darklings","floor":36,"turns":3},{"damage":25,"enemies":"Maw","floor":40,"turns":4},{"damage":12,"enemies":"Sphere and 2 Shapes","floor":43,"turns":5},{"damage":19,"enemies":"4 Shapes","floor":44,"turns":4},{"damage":44,"enemies":"3 Darklings","floor":45,"turns":4},{"damage":11,"enemies":"Sphere and 2 Shapes","floor":47,"turns":4},{"damage":76,"enemies":"Donu and Deca","floor":49,"turns":6}],"event_choices":[{"event_name":"Liars Game","player_choice":"agreed","floor":2.0,"damage_taken":0.0},{"event_name":"Fountain of Cleansing","player_choice":"Removed Curse","floor":4.0,"damage_taken":0.0},{"event_name":"World of Goop","player_choice":"Left","floor":12.0,"damage_taken":0.0},{"event_name":"The Library","player_choice":"Read","floor":18,"damage_taken":0},{"event_name":"Addict","player_choice":"Obtained Relic","floor":26,"damage_taken":0},{"event_name":"Mysterious Sphere","player_choice":"Fight","floor":35,"damage_taken":0},{"event_name":"Winding Halls","player_choice":"Writhe","floor":37,"damage_taken":0}],"boss_relics":[{"not_picked":["Runic Cube","Calling Bell"],"picked":"Runic Dome"},{"not_picked":["Snecko Eye","Philosopher\u0027s Stone"],"picked":"Tiny House"}],"potions_floor_spawned":[3,6,11,13,21,27,30,35,43,47],"seed_played":"2568929578869166375","killed_by":"Donu and Deca","ascension_level":3,"is_trial":false}