{"gold_per_floor":[119,133,133,149,165,165,191,191,217,21,38,65,65,90,90,90],"floor_reached":16,"playtime":809,"items_purged":["Defend_R"],"score":236,"play_id":"743e86ff-d779-485b-b2e2-2ca86f206e59","local_time":"20180823175656","is_ascension_mode":true,"campfire_choices":[{"data":"Rampage","floor":6,"key":"SMITH"},{"floor":8,"key":"REST"},{"data":"Battle Trance","floor":13,"key":"SMITH"},{"data":"Perfected Strike","floor":15,"key":"SMITH"}],"neow_cost":"NONE","seed_source_timestamp":703561765686562,"circlet_count":0,"master_deck":["Strike_R","Strike_R","Strike_R","Strike_R","Strike_R+1","Defend_R","Defend_R","Bash","AscendersBane","Blood for Blood+1","Perfected Strike+1","Cleave","Rampage+1","Thunderclap","Battle Trance+1","Shrug It Off","Limit Break"],"relics":["Burning Blood","Regal Pillow","Bag of Preparation","Tiny Chest","Odd Mushroom","Omamori"],"potions_floor_usage":[7,12,14,14],"damage_taken":[{"damage":6,"enemies":"Cultist","floor":1,"turns":3},{"damage":3,"enemies":"2 Louse","floor":2,"turns":3},{"damage":0,"enemies":"Small Slimes","floor":4,"turns":3},{"damage":4,"enemies":"3 Louse","floor":5,"turns":3},{"damage":40,"enemies":"Lagavulin","floor":7,"turns":5},{"damage":24,"enemies":"Lots of Slimes","floor":11,"turns":3},{"damage":18,"floor":12,"turns":3},{"damage":0,"enemies":"Gremlin Nob","floor":14,"turns":2},{"damage":59,"enemies":"Slime Boss","floor":16,"turns":9}],"seed_played":"7229043245412604821","potions_obtained":[{"floor":4,"key":"SteroidPotion"},{"floor":5,"key":"BloodPotion"},{"floor":7,"key":"Regen Potion"},{"floor":12,"key":"AttackPotion"}],"is_trial":false,"path_per_floor":["M","M","?","M","M","R","E","R","T","$","M","?","R","E","R"],"character_chosen":"IRONCLAD","items_purchased":["Tiny Chest"],"campfire_rested":1,"item_purchase_floors":[10],"current_hp_per_floor":[68,71,48,54,56,56,29,66,66,66,48,45,45,51,51,0],"gold":90,"neow_bonus":"REMOVE_CARD","is_prod":false,"is_daily":false,"chose_seed":false,"campfire_upgraded":3,"win_rate":0,"timestamp":1535043416,"path_taken":["M","M","?","M","M","R","E","R","T","$","M","?","R","E","R","BOSS"],"build_version":"2018-08-16","purchased_purges":1,"victory":false,"max_hp_per_floor":[75,75,75,75,75,75,75,75,75,75,75,75,75,75,75,75],"card_choices":[{"not_picked":["Clothesline","Sever Soul"],"picked":"Blood for Blood","floor":1},{"not_picked":["Searing Blow","Pommel Strike"],"picked":"Perfected Strike","floor":2},{"not_picked":["Rampage","Wild Strike"],"picked":"Cleave","floor":4},{"not_picked":["True Grit","Thunderclap"],"picked":"Rampage","floor":5},{"not_picked":["Impervious","Cleave"],"picked":"Thunderclap","floor":7},{"not_picked":["Searing Blow","Blood for Blood"],"picked":"Battle Trance","floor":11},{"not_picked":["Headbutt","Wild Strike"],"picked":"Shrug It Off","floor":12},{"not_picked":["Hemokinesis","Iron Wave"],"picked":"Limit Break","floor":14}],"player_experience":307704,"relics_obtained":[{"floor":7,"key":"Regal Pillow"},{"floor":9,"key":"Bag of Preparation"},{"floor":12,"key":"Odd Mushroom"},{"floor":14,"key":"Omamori"}],"event_choices":[{"event_name":"Shining Light","player_choice":"Entered Light","floor":3,"damage_taken":0},{"event_name":"Mushrooms","player_choice":"Fought Mushrooms","floor":12,"damage_taken":0}],"is_beta":false,"boss_relics":[],"items_purged_floors":[10],"is_endless":false,"potions_floor_spawned":[4,5,7,12],"killed_by":"Slime Boss","ascension_level":15}