{"path_per_floor":["M","?","$","M","?","E","R","M","T","M","$","M","R","E","R","B",null,"M","M","$","M","M","R","E","R","T","?","?","M","M","?","R","B",null,"M","T","M","M","M","R","E"],"character_chosen":"THE_SILENT","items_purchased":["Mummified Hand"],"gold_per_floor":[118,368,38,55,55,81,81,101,125,144,44,62,62,91,91,193,193,193,193,68,68,68,68,68,68,68,68,0,0,0,0,0,0,0,0,0,0,0,0,0,0],"floor_reached":42,"campfire_rested":5,"playtime":2598,"current_hp_per_floor":[70,70,70,70,58,33,56,56,56,49,49,47,47,32,55,31,77,77,77,77,52,34,57,41,41,41,41,41,33,25,9,32,10,77,75,75,53,17,5,28,16],"items_purged":["Regret","Strike_G","Strike_G"],"gold":0,"play_id":"7af53940-6c80-4ac2-b840-ab96d6485ef0","is_prod":false,"is_daily":false,"is_ascension_mode":false,"campfire_upgraded":2,"path_taken":["M","?","$","M","?","E","R","?","T","M","$","M","R","E","R","BOSS","M","M","$","M","M","R","E","R","T","?","?","?","M","?","R","BOSS","M","?","?","M","M","R","E","M"],"build_version":"2018-01-26-BETA1","purchased_purges":3,"victory":false,"master_deck":["Defend_G","Defend_G","Defend_G","Defend_G","Defend_G","Strike_G","Strike_G","Strike_G","Survivor","Neutralize+1","Poisoned Stab","Tools of the Trade","Bouncing Flask+1","Well Laid Plans","Night Terror","Catalyst+1","Noxious Fumes+1","Footwork","Outmaneuver+1","Deadly Poison","Adrenaline","PiercingWail+1","Footwork+1","Backflip"],"max_hp_per_floor":[70,70,70,70,70,77,77,77,77,77,77,77,77,77,77,77,77,77,77,77,77,77,77,77,77,77,77,77,77,77,77,77,77,77,77,77,77,77,77,77,77],"relics":["Ring of the Snake","Snake Skull","Mummified Hand","Omamori","Strawberry","Molten Egg","Lantern","Ectoplasm","Bronze Scales","Art of War","Necronomicon","Question Card","Pantograph","Orichalcum"],"card_choices":[{"not_picked":["Reflex","Blade Dance"],"picked":"Poisoned Stab"},{"not_picked":["Deadly Poison","PiercingWail"],"picked":"Tools of the Trade"},{"not_picked":["Dagger Spray","Deflect"],"picked":"Bouncing Flask"},{"not_picked":["Reflex","Flying Knee"],"picked":"Well Laid Plans"},{"not_picked":["Tools of the Trade","Wraith Form"],"picked":"Night Terror"},{"not_picked":["Cloak And Dagger","Outmaneuver"],"picked":"Catalyst"},{"not_picked":["Escape Plan","Burst"],"picked":"Noxious Fumes"},{"not_picked":["Underhanded Strike","Dagger Throw"],"picked":"Outmaneuver"},{"not_picked":["Acrobatics","Dagger Spray"],"picked":"Deadly Poison"},{"not_picked":["Glass Knife","Tactician"],"picked":"Adrenaline"},{"not_picked":["Sucker Punch","Dagger Throw","Flechettes"],"picked":"PiercingWail"},{"not_picked":["Flechettes","Flying Knee","Slice"],"picked":"Footwork"},{"not_picked":["Flying Knee","Expertise","Cloak And Dagger"],"picked":"Backflip"}],"player_experience":113627,"potions_floor_usage":[],"damage_taken":[{"damage":0.0,"enemies":"Small Slimes","floor":1.0,"turns":3.0},{"damage":0.0,"enemies":"Blue Slaver","floor":4.0,"turns":3.0},{"damage":32.0,"enemies":"Gremlin Nob","floor":6.0,"turns":5.0},{"damage":0.0,"enemies":"Jaw Worm","floor":8.0,"turns":3.0},{"damage":7.0,"enemies":"Exordium Wildlife","floor":10.0,"turns":3.0},{"damage":2.0,"enemies":"2 Fungi Beasts","floor":12.0,"turns":3.0},{"damage":15.0,"enemies":"3 Sentries","floor":14.0,"turns":6.0},{"damage":24.0,"enemies":"Hexaghost","floor":16.0,"turns":7.0},{"damage":0.0,"enemies":"Spheric Guardian","floor":18.0,"turns":3.0},{"damage":0.0,"enemies":"Chosen","floor":19.0,"turns":4.0},{"damage":25.0,"enemies":"Sentry and Sphere","floor":21.0,"turns":4.0},{"damage":18.0,"enemies":"Slaver and Parasite","floor":22.0,"turns":4.0},{"damage":16.0,"enemies":"Book of Stabbing","floor":24.0,"turns":4.0},{"damage":8.0,"enemies":"Centurion and Healer","floor":29.0,"turns":6.0},{"damage":8.0,"enemies":"3 Cultists","floor":30.0,"turns":5.0},{"damage":22.0,"enemies":"Champ","floor":33.0,"turns":4.0},{"damage":2.0,"enemies":"Orb Walker","floor":35.0,"turns":2.0},{"damage":22.0,"enemies":"Flame Bruiser 1 Orb","floor":37.0,"turns":3.0},{"damage":36.0,"enemies":"4 Shapes","floor":38.0,"turns":5.0},{"damage":12,"enemies":"Sphere and 2 Shapes","floor":39,"turns":4},{"damage":12,"enemies":"Giant Head","floor":41,"turns":6},{"damage":19,"enemies":"Maw","floor":42,"turns":2}],"event_choices":[{"event_name":"Golden Shrine","player_choice":"Desecrate","floor":2.0,"damage_taken":0.0},{"event_name":"Scrap Ooze","player_choice":"success","floor":5.0,"damage_taken":12.0},{"event_name":"The Library","player_choice":"Read","floor":27.0,"damage_taken":0.0},{"event_name":"Masked Bandits","player_choice":"Paid Bandits 68 gold","floor":28.0,"damage_taken":0.0},{"event_name":"Cursed Tome","player_choice":"Obtained Book","floor":31.0,"damage_taken":0.0}],"boss_relics":[],"potions_floor_spawned":[1,4,6,16,21,22,24,33,35,41],"seed_played":"820977703907633225","killed_by":"Maw","ascension_level":0,"is_trial":false}