{"gold_per_floor":[109,126,51,68,83,83,118,118,118,152,152,177,191,220,220,325,325,340,351,364,364,399,433,433,445,468,468,79,110,127,158,158,258,258,268,287,300,58,58,58,85,120,146,178,178,206,225,83,83,83],"floor_reached":51,"playtime":2326,"items_purged":["Cold Snap","Decay"],"score":1273,"play_id":"615b9afe-d6ed-4678-ab21-071cdd821c2d","local_time":"20190126203151","daily_mods":["SealedDeck","DeadlyEvents","Elite Swarm","Uncertain Future","Binary"],"is_ascension_mode":false,"campfire_choices":[{"data":"Hologram","floor":8,"key":"SMITH"},{"data":"Gash","floor":11,"key":"SMITH"},{"data":"Hologram","floor":15,"key":"SMITH"},{"data":"Coolheaded","floor":24,"key":"SMITH"},{"data":"Steam","floor":27,"key":"SMITH"},{"floor":32,"key":"REST"},{"floor":40,"key":"REST"},{"floor":45,"key":"REST"},{"data":"Coolheaded","floor":49,"key":"SMITH"}],"neow_cost":"","seed_source_timestamp":0,"circlet_count":0,"master_deck":["Steam+1","Rebound+1","Hologram+1","Sweeping Beam+1","BootSequence+1","Auto Shields+1","Gash+1","Coolheaded+1","Hologram+1","Coolheaded+1","Capacitor"],"relics":["FrozenCore","Busted Crown","Darkstone Periapt","Mercury Hourglass","Matryoshka","Oddly Smooth Stone","Whetstone","Emotion Chip","Boot","Bronze Scales","Omamori","Orichalcum","Pen Nib","War Paint","Centennial Puzzle","Black Star","Dodecahedron","Blood Vial","Regal Pillow","Bird Faced Urn","Bag of Preparation","Meat on the Bone","Happy Flower","Turnip","Bag of Marbles","Potion Belt","Sundial"],"potions_floor_usage":[7,12,14,50,50],"damage_taken":[{"damage":0,"enemies":"Cultist","floor":1,"turns":2},{"damage":0,"enemies":"Jaw Worm","floor":2,"turns":3},{"damage":0,"enemies":"Small Slimes","floor":4,"turns":2},{"damage":0,"enemies":"Red Slaver","floor":5,"turns":2},{"damage":12,"enemies":"Gremlin Nob","floor":7,"turns":5},{"damage":7,"enemies":"3 Sentries","floor":10,"turns":5},{"damage":0,"enemies":"Gremlin Nob","floor":12,"turns":3},{"damage":0,"enemies":"Exordium Wildlife","floor":13,"turns":3},{"damage":0,"enemies":"3 Sentries","floor":14,"turns":5},{"damage":0,"enemies":"The Guardian","floor":16,"turns":7},{"damage":14,"enemies":"Chosen","floor":18,"turns":5},{"damage":0,"enemies":"2 Thieves","floor":19,"turns":4},{"damage":0,"enemies":"Shelled Parasite and Fungi","floor":20,"turns":4},{"damage":1,"enemies":"Book of Stabbing","floor":22,"turns":5},{"damage":0,"enemies":"Gremlin Leader","floor":23,"turns":5},{"damage":0,"enemies":"Cultist and Chosen","floor":25,"turns":6},{"damage":0,"enemies":"Book of Stabbing","floor":29,"turns":4},{"damage":0,"enemies":"Snake Plant","floor":30,"turns":3},{"damage":0,"enemies":"Slavers","floor":31,"turns":4},{"damage":0,"enemies":"Automaton","floor":33,"turns":7},{"damage":0,"enemies":"3 Shapes","floor":35,"turns":3},{"damage":0,"enemies":"3 Darklings","floor":36,"turns":3},{"damage":0,"enemies":"4 Shapes","floor":37,"turns":4},{"damage":0,"enemies":"Giant Head","floor":41,"turns":7},{"damage":5,"enemies":"Reptomancer","floor":42,"turns":6},{"damage":0,"enemies":"Nemesis","floor":44,"turns":6},{"damage":0,"enemies":"Giant Head","floor":46,"turns":5},{"damage":0,"enemies":"Writhing Mass","floor":47,"turns":3},{"damage":26,"enemies":"Time Eater","floor":50,"turns":9}],"seed_played":"33708863","potions_obtained":[{"floor":1,"key":"PowerPotion"},{"floor":4,"key":"Swift Potion"},{"floor":5,"key":"SneckoOil"},{"floor":7,"key":"SteroidPotion"},{"floor":12,"key":"SpeedPotion"},{"floor":14,"key":"LiquidBronze"},{"floor":46,"key":"Poison Potion"}],"is_trial":true,"path_per_floor":["M","M","$","M","M","?","E","R","T","E","R","E","M","E","R","B",null,"M","M","M","?","E","E","R","M","T","R","$","E","M","E","R","B",null,"M","M","M","$","?","R","E","E","T","E","R","E","M","$","R","B",null],"character_chosen":"DEFECT","items_purchased":["Orichalcum","Pen Nib","Dodecahedron","Coolheaded","Capacitor","Fire Potion"],"campfire_rested":3,"item_purchase_floors":[28,28,38,48,48,48],"current_hp_per_floor":[75,75,75,75,75,75,63,63,63,56,56,56,56,56,56,56,75,61,61,61,61,60,60,60,60,60,60,60,60,60,60,75,75,75,75,75,75,75,75,75,75,70,70,72,75,75,75,75,75,49],"gold":83,"neow_bonus":"","is_prod":false,"is_daily":false,"chose_seed":true,"campfire_upgraded":6,"win_rate":0,"timestamp":1548534711,"path_taken":["M","M","$","?","M","?","?","R","T","E","R","E","M","E","R","BOSS","M","M","M","?","?","E","R","M","T","R","$","E","?","E","R","BOSS","M","M","M","$","?","R","?","E","T","E","R","E","M","?","R","BOSS"],"build_version":"2019-01-23","purchased_purges":2,"victory":true,"max_hp_per_floor":[75,75,75,75,75,75,75,75,75,75,75,75,75,75,75,75,75,75,75,75,75,75,75,75,75,75,75,75,75,75,75,75,75,75,75,75,75,75,75,75,75,75,75,75,75,75,75,75,75,75],"card_choices":[],"player_experience":476457,"relics_obtained":[{"floor":7,"key":"Darkstone Periapt"},{"floor":9,"key":"Mercury Hourglass"},{"floor":10,"key":"Matryoshka"},{"floor":12,"key":"Oddly Smooth Stone"},{"floor":14,"key":"Whetstone"},{"floor":22,"key":"Emotion Chip"},{"floor":23,"key":"Boot"},{"floor":26,"key":"Bronze Scales"},{"floor":26,"key":"Omamori"},{"floor":29,"key":"War Paint"},{"floor":31,"key":"Centennial Puzzle"},{"floor":41,"key":"Blood Vial"},{"floor":41,"key":"Regal Pillow"},{"floor":42,"key":"Bird Faced Urn"},{"floor":42,"key":"Bag of Preparation"},{"floor":43,"key":"Meat on the Bone"},{"floor":43,"key":"Happy Flower"},{"floor":44,"key":"Turnip"},{"floor":44,"key":"Bag of Marbles"},{"floor":46,"key":"Potion Belt"},{"floor":46,"key":"Sundial"}],"event_choices":[{"damage_healed":0,"gold_gain":0,"player_choice":"Cursed","damage_taken":0,"max_hp_gain":0,"max_hp_loss":0,"event_name":"Wheel of Change","floor":6,"gold_loss":0,"cards_obtained":["Decay"]},{"damage_healed":0,"gold_gain":0,"player_choice":"Bought 0 Potions","damage_taken":0,"max_hp_gain":0,"max_hp_loss":0,"event_name":"The Woman in Blue","floor":21,"gold_loss":0},{"damage_healed":0,"gold_gain":0,"player_choice":"Got Potions","damage_taken":0,"max_hp_gain":0,"max_hp_loss":0,"event_name":"Lab","floor":39,"gold_loss":0}],"is_beta":false,"boss_relics":[{"not_picked":["Calling Bell","White Beast Statue"],"picked":"FrozenCore"},{"not_picked":["Velvet Choker","Lizard Tail"],"picked":"Black Star"}],"items_purged_floors":[3,28],"is_endless":false,"potions_floor_spawned":[1,4,5,7,12,14,18,22,23,29,33,35,42,46],"ascension_level":0}