{"path_per_floor":["M","?","M","?","?","R","E","?","T","?","$","R","$","?","R","B",null,"M","$","?","?","?","E","M","R","T","M"],"character_chosen":"THE_SILENT","items_purchased":["Infinite Blades","Infinite Blades"],"gold_per_floor":[114,114,129,129,129,129,158,158,158,158,44,44,44,44,44,146,146,159,103,103,103,103,132,148,148,148,160],"floor_reached":28,"campfire_rested":2,"playtime":1382,"current_hp_per_floor":[69,62,47,47,57,57,26,52,52,36,36,60,60,60,60,3,80,80,80,80,80,65,22,5,45,45,12],"items_purged":["Normality"],"gold":160,"score":327,"play_id":"1bb46ecf-c46b-44a1-b042-3a82aabd925c","is_prod":false,"is_daily":false,"is_ascension_mode":true,"campfire_upgraded":1,"path_taken":["M","?","M","?","?","R","E","?","T","?","$","R","?","?","R","BOSS","M","$","?","?","?","E","M","R","T","M","E"],"build_version":"2018-02-23-BETA1","purchased_purges":1,"victory":false,"master_deck":["Defend_G","Defend_G+1","Defend_G","Defend_G","Defend_G","Strike_G","Strike_G","Strike_G","Strike_G","Strike_G+1","Survivor","Neutralize+1","Injury","Decay","Infinite Blades+1","Accuracy+1","Infinite Blades","After Image","Finisher+1","Infinite Blades","Infinite Blades","Slice","Blade Dance"],"max_hp_per_floor":[70,70,70,70,80,80,80,80,80,80,80,80,80,80,80,80,80,80,80,80,80,85,85,85,85,85,85],"relics":["Calling Bell","The Courier","Ancient Tea Set","Juzu Bracelet","Pear","Dream Catcher","Shovel","Omamori","Orichalcum","Cursed Key","Regal Pillow","Calipers"],"card_choices":[{"not_picked":["Reflex","Backflip"],"picked":"Infinite Blades"},{"not_picked":["Dagger Spray","Cloak And Dagger"],"picked":"Accuracy"},{"not_picked":["Tools of the Trade","A Thousand Cuts"],"picked":"After Image"},{"not_picked":["Dodge and Roll","Quick Slash"],"picked":"Finisher"},{"not_picked":["Quick Slash","Backflip"],"picked":"Slice"},{"not_picked":["Bane","Dagger Throw"],"picked":"Blade Dance"}],"player_experience":175946,"potions_floor_usage":[7,18,27,28],"damage_taken":[{"damage":1,"enemies":"2 Louse","floor":1,"turns":5},{"damage":15,"enemies":"Cultist","floor":3,"turns":6},{"damage":31,"enemies":"Gremlin Nob","floor":7,"turns":5},{"damage":57,"enemies":"Slime Boss","floor":16,"turns":11},{"damage":0,"enemies":"3 Byrds","floor":18,"turns":7},{"damage":43,"enemies":"Book of Stabbing","floor":23,"turns":6},{"damage":17,"enemies":"Spheric Guardian","floor":24,"turns":5},{"damage":33,"enemies":"Snake Plant","floor":27,"turns":5},{"damage":12,"enemies":"Slavers","floor":28,"turns":1}],"event_choices":[{"event_name":"Golden Wing","player_choice":"Card Removal","floor":2,"damage_taken":0},{"event_name":"Upgrade Shrine","player_choice":"Upgraded","floor":4,"damage_taken":0},{"event_name":"Accursed Blacksmith","player_choice":"Rummage","floor":5,"damage_taken":0},{"event_name":"Big Fish","player_choice":"Banana","floor":8,"damage_taken":0},{"event_name":"Shining Light","player_choice":"Entered Light","floor":10,"damage_taken":0},{"event_name":"Wheel of Change","player_choice":"Relic","floor":14,"damage_taken":0},{"event_name":"Upgrade Shrine","player_choice":"Upgraded","floor":20,"damage_taken":0},{"event_name":"The Library","player_choice":"Read","floor":21,"damage_taken":0},{"event_name":"Forgotten Altar","player_choice":"Shed Blood","floor":22,"damage_taken":0}],"boss_relics":[{"not_picked":["Philosopher\u0027s Stone","Orrery"],"picked":"Cursed Key"}],"potions_floor_spawned":[1,16,18,23,24],"seed_played":"-5476498049990079451","killed_by":"Slavers","ascension_level":4,"is_trial":false}