{"gold_per_floor":[119,136,150,120,131,131,156,156,235,235,250,174,208,79,79,176,176,161,191,210,29,29,29],"floor_reached":23,"playtime":2152,"items_purged":["Strike_G","Strike_G"],"score":244,"play_id":"4c50db7b-31f5-44ca-8866-25c038d0d9e5","local_time":"20180815010639","is_ascension_mode":true,"campfire_choices":[{"data":"Neutralize","floor":6,"key":"SMITH"},{"data":"Prepared","floor":8,"key":"SMITH"},{"data":"Footwork","floor":10,"key":"SMITH"},{"floor":15,"key":"REST"}],"neow_cost":"NONE","seed_source_timestamp":1570622389725002,"circlet_count":0,"master_deck":["Defend_G","Defend_G","Defend_G","Defend_G","Defend_G","Strike_G","Strike_G","Strike_G","Survivor","Neutralize+1","Underhanded Strike","Footwork+1","Prepared+1","Underhanded Strike","Acrobatics","All Out Attack","Reflex","Acrobatics","After Image","Prepared+1","Prepared","Prepared+1","Backstab","Writhe"],"relics":["Ring of the Snake","Du-Vu Doll","Bottled Tornado","Bronze Scales","Pear","Black Star","Red Mask","Blood Vial"],"potions_floor_usage":[3,7,18,19],"damage_taken":[{"damage":0,"enemies":"Jaw Worm","floor":1,"turns":3},{"damage":0,"enemies":"Cultist","floor":2,"turns":4},{"damage":0,"enemies":"Small Slimes","floor":3,"turns":4},{"damage":0,"enemies":"Looter","floor":4,"turns":4},{"damage":28,"enemies":"Gremlin Gang","floor":5,"turns":8},{"damage":13,"enemies":"3 Sentries","floor":7,"turns":11},{"damage":0,"enemies":"3 Louse","floor":11,"turns":2},{"damage":16,"enemies":"Lagavulin","floor":13,"turns":7},{"damage":24,"enemies":"The Guardian","floor":16,"turns":13},{"damage":8,"enemies":"2 Thieves","floor":18,"turns":4},{"damage":31,"floor":19,"turns":5},{"damage":1,"enemies":"3 Byrds","floor":20,"turns":3},{"damage":47,"enemies":"Gremlin Leader","floor":23,"turns":5}],"seed_played":"-769644075403658341","potions_obtained":[{"floor":1,"key":"AttackPotion"},{"floor":5,"key":"Explosive Potion"},{"floor":11,"key":"GhostInAJar"},{"floor":16,"key":"AttackPotion"}],"is_trial":false,"path_per_floor":["M","M","M","M","M","R","E","R","T","R","M","?","E","$","R","B",null,"M","?","M","$","?"],"character_chosen":"THE_SILENT","items_purchased":["Acrobatics","Backstab"],"campfire_rested":1,"item_purchase_floors":[14,21],"current_hp_per_floor":[70,70,70,70,42,42,29,29,29,29,29,29,23,23,47,23,80,72,41,40,40,40,0],"gold":29,"neow_bonus":"THREE_CARDS","is_prod":false,"is_daily":false,"chose_seed":false,"campfire_upgraded":3,"win_rate":0,"timestamp":1534266399,"path_taken":["M","M","M","M","M","R","E","R","T","R","M","?","E","$","R","BOSS","M","?","M","$","?","E"],"build_version":"2018-08-09","purchased_purges":2,"victory":false,"max_hp_per_floor":[70,70,70,70,70,70,70,70,70,70,70,70,80,80,80,80,80,80,80,80,80,80,80],"card_choices":[{"not_picked":["Terror","PiercingWail"],"picked":"Underhanded Strike","floor":0},{"not_picked":["Outmaneuver","Sucker Punch"],"picked":"Footwork","floor":1},{"not_picked":["Terror","Sucker Punch"],"picked":"Prepared","floor":2},{"not_picked":["All Out Attack","Blur","Riddle With Holes"],"picked":"SKIP","floor":3},{"not_picked":["Backflip","Poisoned Stab"],"picked":"Underhanded Strike","floor":4},{"not_picked":["Outmaneuver","Bane"],"picked":"Acrobatics","floor":5},{"not_picked":["Venomology","Caltrops"],"picked":"All Out Attack","floor":7},{"not_picked":["Setup","Blade Dance","Deflect"],"picked":"SKIP","floor":11},{"not_picked":["All Out Attack","Dodge and Roll"],"picked":"Reflex","floor":13},{"not_picked":["Malaise","Glass Knife"],"picked":"After Image","floor":16},{"not_picked":["Heel Hook","Deadly Poison"],"picked":"Prepared+1","floor":18},{"not_picked":["Deadly Poison+1","Dodge and Roll"],"picked":"Prepared","floor":19},{"not_picked":["Bouncing Flask","Sucker Punch"],"picked":"Prepared+1","floor":20}],"player_experience":260107,"relics_obtained":[{"floor":7,"key":"Du-Vu Doll"},{"floor":9,"key":"Bottled Tornado"},{"floor":13,"key":"Pear"},{"floor":19,"key":"Red Mask"}],"event_choices":[{"event_name":"WeMeetAgain","player_choice":"Gold","floor":12,"damage_taken":0},{"event_name":"Masked Bandits","player_choice":"Fought Bandits","floor":19,"damage_taken":0},{"event_name":"The Mausoleum","player_choice":"Yes","floor":22,"damage_taken":0}],"is_beta":false,"boss_relics":[{"not_picked":["Tiny House","WristBlade"],"picked":"Black Star"}],"items_purged_floors":[14,21],"is_endless":false,"potions_floor_spawned":[1,5,11,16],"killed_by":"Gremlin Leader","ascension_level":2}