{"gold_per_floor":[13,32,32,43,61,87,87,106,106,106,106,139,139],"floor_reached":13,"playtime":692,"items_purged":[],"score":152,"play_id":"93e76f64-7db2-4b97-abc6-729a4a05e107","local_time":"20190117152727","is_ascension_mode":true,"campfire_choices":[{"floor":7,"key":"REST"}],"neow_cost":"NO_GOLD","seed_source_timestamp":0,"circlet_count":0,"master_deck":["AscendersBane","Strike_B","Strike_B","Strike_B","Strike_B","Defend_B","Defend_B","Zap","Dualcast","Gash","Sweeping Beam","Steam","Steam","Reprogram"],"special_seed":0,"relics":["Cracked Core","Bottled Lightning","Mummified Hand","Dodecahedron","Meat on the Bone"],"potions_floor_usage":[6,8,12],"damage_taken":[{"damage":12,"enemies":"Small Slimes","floor":1,"turns":3},{"damage":0,"enemies":"2 Louse","floor":2,"turns":2},{"damage":9,"enemies":"Jaw Worm","floor":4,"turns":3},{"damage":7,"enemies":"Gremlin Gang","floor":5,"turns":4},{"damage":38,"enemies":"Gremlin Nob","floor":6,"turns":5},{"damage":8,"enemies":"2 Fungi Beasts","floor":8,"turns":2},{"damage":24,"enemies":"Lagavulin","floor":12,"turns":5},{"damage":6,"enemies":"Exordium Thugs","floor":13,"turns":1}],"seed_played":"-5211860001994679000","potions_obtained":[{"floor":4,"key":"SpeedPotion"},{"floor":6,"key":"SkillPotion"},{"floor":8,"key":"PowerPotion"}],"is_trial":false,"path_per_floor":["M","M","?","M","M","E","R","M","T","?","?","E","M"],"character_chosen":"DEFECT","items_purchased":[],"campfire_rested":1,"item_purchase_floors":[],"current_hp_per_floor":[56,56,56,47,40,2,24,16,16,41,29,5,0],"gold":139,"neow_bonus":"REMOVE_TWO","is_prod":false,"is_daily":false,"chose_seed":false,"campfire_upgraded":0,"win_rate":0,"timestamp":1547738847,"path_taken":["M","M","?","M","M","E","R","M","T","?","?","E","?"],"build_version":"2019-01-10","purchased_purges":0,"victory":false,"max_hp_per_floor":[75,75,75,75,75,75,75,75,75,75,75,75,75],"card_choices":[{"not_picked":["Tempest","Rebound"],"picked":"Gash","floor":1},{"not_picked":["Heatsinks","Go for the Eyes","Ball Lightning"],"picked":"SKIP","floor":2},{"not_picked":["Static Discharge","Recycle"],"picked":"Sweeping Beam","floor":4},{"not_picked":["Multi-Cast","Beam Cell"],"picked":"Steam","floor":5},{"not_picked":["Machine Learning","Go for the Eyes"],"picked":"Steam","floor":6},{"not_picked":["Blizzard","Redo"],"picked":"Reprogram","floor":8},{"not_picked":["Beam Cell","Chaos","Darkness"],"picked":"SKIP","floor":12}],"player_experience":385102,"relics_obtained":[{"floor":6,"key":"Bottled Lightning"},{"floor":9,"key":"Mummified Hand"},{"floor":12,"key":"Meat on the Bone"}],"event_choices":[{"damage_healed":0,"gold_gain":0,"player_choice":"Ignored","damage_taken":0,"max_hp_gain":0,"max_hp_loss":0,"event_name":"Liars Game","floor":3,"gold_loss":0},{"damage_healed":25,"gold_gain":0,"player_choice":"Banana","damage_taken":0,"max_hp_gain":0,"max_hp_loss":0,"event_name":"Big Fish","floor":10,"gold_loss":0},{"damage_healed":0,"gold_gain":0,"player_choice":"Success","damage_taken":12,"relics_obtained":["Dodecahedron"],"max_hp_gain":0,"max_hp_loss":0,"event_name":"Scrap Ooze","floor":11,"gold_loss":0}],"is_beta":false,"boss_relics":[],"items_purged_floors":[],"is_endless":false,"potions_floor_spawned":[4,6,8],"killed_by":"Exordium Thugs","ascension_level":12}