{"gold_per_floor":[114,128,128,138,103,135,135,164,189,189,189],"floor_reached":11,"playtime":392,"items_purged":[],"score":130,"play_id":"c06c4dd3-08d2-492f-80d3-ee2c5ba5aa5d","local_time":"20190117153414","is_ascension_mode":true,"campfire_choices":[{"floor":7,"key":"REST"},{"floor":10,"key":"REST"}],"neow_cost":"NONE","seed_source_timestamp":1981174816640831,"circlet_count":0,"master_deck":["AscendersBane","Strike_R","Strike_R","Strike_R","Strike_R","Defend_R","Defend_R","Defend_R","Defend_R","Bash","Limit Break","Seeing Red+1","Flex","Headbutt","Anger"],"relics":["Burning Blood","Boot","Potion Belt","Juzu Bracelet"],"potions_floor_usage":[8,8,11],"damage_taken":[{"damage":2,"enemies":"2 Louse","floor":1,"turns":3},{"damage":11,"enemies":"Cultist","floor":2,"turns":4},{"damage":18,"enemies":"Jaw Worm","floor":4,"turns":4},{"damage":65,"enemies":"Gremlin Nob","floor":6,"turns":5},{"damage":37,"enemies":"Lagavulin","floor":8,"turns":6},{"damage":40,"enemies":"3 Sentries","floor":11,"turns":6}],"seed_played":"-8939710920216473997","potions_obtained":[{"floor":4,"key":"Strength Potion"},{"floor":6,"key":"SpeedPotion"},{"floor":8,"key":"SteroidPotion"}],"is_trial":false,"path_per_floor":["M","M","?","M","?","E","R","E","T","R","E"],"character_chosen":"IRONCLAD","items_purchased":[],"campfire_rested":2,"item_purchase_floors":[],"current_hp_per_floor":[76,71,71,59,79,20,44,13,13,37,0],"gold":189,"neow_bonus":"TRANSFORM_CARD","is_prod":false,"is_daily":false,"chose_seed":false,"campfire_upgraded":0,"win_rate":0,"timestamp":1547739254,"path_taken":["M","M","?","?","?","E","R","E","T","R","E"],"build_version":"2019-01-10","purchased_purges":0,"victory":false,"max_hp_per_floor":[80,80,80,80,80,80,80,80,80,80,80],"card_choices":[{"not_picked":["Havoc","Feel No Pain","Sentinel"],"picked":"SKIP","floor":1},{"not_picked":["Combust","Clothesline"],"picked":"Seeing Red","floor":2},{"not_picked":["Cleave","Clothesline"],"picked":"Flex","floor":4},{"not_picked":["Combust","Blood for Blood"],"picked":"Headbutt","floor":6},{"not_picked":["Reckless Charge","Sword Boomerang"],"picked":"Anger","floor":8}],"player_experience":385794,"relics_obtained":[{"floor":6,"key":"Boot"},{"floor":8,"key":"Potion Belt"},{"floor":9,"key":"Juzu Bracelet"}],"event_choices":[{"damage_healed":0,"gold_gain":0,"player_choice":"Forge","damage_taken":0,"max_hp_gain":0,"max_hp_loss":0,"event_name":"Accursed Blacksmith","floor":3,"gold_loss":0,"cards_upgraded":["Seeing Red"]},{"damage_healed":20,"gold_gain":0,"player_choice":"Healed","damage_taken":0,"max_hp_gain":0,"max_hp_loss":0,"event_name":"The Cleric","floor":5,"gold_loss":35}],"is_beta":false,"boss_relics":[],"items_purged_floors":[],"is_endless":false,"potions_floor_spawned":[4,6,8],"killed_by":"3 Sentries","ascension_level":12}