{"gold_per_floor":[111,122,122,122,140,170,170,196,196,211,228,228,228,251,251,348,348,368,368,368,177,189,221,239,239,262,279,279,298,124,124,124,223,223,241,241,252,252,270,270,283,313,313,313,325,325,65,65,65,65],"floor_reached":51,"playtime":1454,"items_purged":[],"score":830,"play_id":"19acfeb7-8c61-4155-a33f-7e1853dc26ed","local_time":"20190427135333","is_ascension_mode":false,"campfire_choices":[{"floor":7,"key":"REST"},{"data":"Seek","floor":13,"key":"SMITH"},{"floor":15,"key":"REST"},{"data":"Gash","floor":25,"key":"SMITH"},{"data":"Turbo","floor":28,"key":"SMITH"},{"floor":32,"key":"REST"},{"data":"Core Surge","floor":40,"key":"SMITH"},{"data":"Cold Snap","floor":44,"key":"SMITH"},{"floor":46,"key":"REST"},{"floor":49,"key":"REST"}],"neow_cost":"NONE","seed_source_timestamp":3458892044488385,"circlet_count":0,"master_deck":["Strike_B","Strike_B","Strike_B","Defend_B","Defend_B","Defend_B","Defend_B+1","Zap","Dualcast","Coolheaded","White Noise+1","Gash+1","Core Surge+1","Turbo+1","Seek+1","Biased Cognition+1","Heatsinks+1","Strike_R","Defragment+1","Finesse+1","Conserve Battery","Heatsinks+1","Defragment+1","Coolheaded","Cold Snap+1","Gash","Coolheaded+1","Turbo+1"],"relics":["Cracked Core","PreservedInsect","Bag of Marbles","Thread and Needle","Mercury Hourglass","Frozen Egg 2","Bag of Preparation","Inserter","Nilry\u0027s Codex","Potion Belt","Ancient Tea Set","Bronze Scales","MutagenicStrength","Busted Crown","Smiling Mask","War Paint","Dodecahedron"],"potions_floor_usage":[6,16,33,50,50,50,50,50],"damage_taken":[{"damage":6,"enemies":"Cultist","floor":1,"turns":3},{"damage":3,"enemies":"2 Louse","floor":2,"turns":2},{"damage":10,"enemies":"Jaw Worm","floor":5,"turns":4},{"damage":10,"enemies":"Gremlin Nob","floor":6,"turns":3},{"damage":28,"enemies":"Lagavulin","floor":8,"turns":6},{"damage":0,"enemies":"Large Slime","floor":10,"turns":3},{"damage":0,"enemies":"Red Slaver","floor":11,"turns":3},{"damage":23,"enemies":"Hexaghost","floor":16,"turns":8},{"damage":0,"enemies":"3 Byrds","floor":18,"turns":3},{"damage":6,"enemies":"Chosen","floor":22,"turns":3},{"damage":0,"enemies":"Gremlin Leader","floor":23,"turns":3},{"damage":0,"enemies":"Centurion and Healer","floor":24,"turns":6},{"damage":9,"enemies":"Snake Plant","floor":27,"turns":4},{"damage":11,"enemies":"Snecko","floor":29,"turns":5},{"damage":16,"enemies":"Champ","floor":33,"turns":9},{"damage":18,"enemies":"3 Shapes","floor":35,"turns":4},{"damage":3,"enemies":"3 Darklings","floor":37,"turns":4},{"damage":0,"enemies":"Writhing Mass","floor":39,"turns":5},{"damage":16,"enemies":"Jaw Worm Horde","floor":41,"turns":3},{"damage":0,"enemies":"Nemesis","floor":42,"turns":5},{"damage":14,"enemies":"Spire Growth","floor":45,"turns":4},{"damage":0,"enemies":"Awakened One","floor":50,"turns":13}],"seed_played":"-350513141233742820","potions_obtained":[{"floor":2,"key":"Weak Potion"},{"floor":5,"key":"Swift Potion"},{"floor":10,"key":"Dexterity Potion"},{"floor":18,"key":"FocusPotion"},{"floor":24,"key":"Block Potion"},{"floor":27,"key":"Fire Potion"},{"floor":35,"key":"SteroidPotion"},{"floor":39,"key":"Dexterity Potion"},{"floor":45,"key":"Poison Potion"}],"is_trial":false,"path_per_floor":["M","M","?","?","M","E","R","E","T","M","M","?","R","T","R","B",null,"M","?","?","$","M","E","M","R","T","M","R","M","$","?","R","B",null,"M","?","M","$","M","R","M","E","T","R","M","R","$","?","R","B",null],"character_chosen":"DEFECT","items_purchased":["Defragment+1","Finesse","Conserve Battery","Bronze Scales","Gash","Dodecahedron"],"campfire_rested":5,"item_purchase_floors":[21,21,21,30,30,47],"current_hp_per_floor":[69,66,51,51,41,31,53,25,25,25,25,22,22,22,44,21,75,75,59,59,59,53,53,53,53,53,44,44,33,33,33,55,39,75,57,75,72,72,72,72,56,56,56,56,42,64,64,64,75,75],"gold":65,"neow_bonus":"RANDOM_COMMON_RELIC","is_prod":false,"is_daily":false,"chose_seed":false,"campfire_upgraded":5,"win_rate":0,"timestamp":1556369613,"path_taken":["M","?","?","?","M","E","R","E","T","M","?","?","R","?","R","BOSS","M","?","?","$","M","E","M","R","T","M","R","?","$","?","R","BOSS","M","?","?","$","M","R","M","E","T","R","?","R","$","?","R","BOSS"],"build_version":"2019-01-23","purchased_purges":0,"victory":true,"max_hp_per_floor":[75,75,75,75,75,75,75,75,75,75,75,75,75,75,75,75,75,75,75,75,75,75,75,75,75,75,75,75,75,75,75,75,75,75,75,75,75,75,75,75,75,75,75,75,75,75,75,75,75,75],"card_choices":[{"not_picked":["Steam","Fusion"],"picked":"Coolheaded","floor":1},{"not_picked":["Compile Driver","Turbo"],"picked":"White Noise","floor":2},{"not_picked":["Ball Lightning","Streamline"],"picked":"Melter","floor":5},{"not_picked":["Sweeping Beam","Melter"],"picked":"Gash","floor":6},{"not_picked":["Reprogram","Beam Cell"],"picked":"Core Surge","floor":8},{"not_picked":["Redo","Steam"],"picked":"Turbo","floor":10},{"not_picked":["Ball Lightning","BootSequence"],"picked":"Seek","floor":11},{"not_picked":["Echo Form+1","Creative AI+1"],"picked":"Biased Cognition+1","floor":16},{"not_picked":["Streamline","Self Repair+1"],"picked":"Heatsinks+1","floor":18},{"not_picked":["Redo","Gash"],"picked":"Heatsinks+1","floor":22},{"not_picked":["Echo Form+1","Melter","Thunder Strike"],"picked":"SKIP","floor":23},{"not_picked":["Melter","Hologram"],"picked":"Defragment+1","floor":24},{"not_picked":["Streamline","Rip and Tear+1"],"picked":"Coolheaded","floor":27},{"not_picked":["Barrage+1","Go for the Eyes+1"],"picked":"Cold Snap","floor":29},{"not_picked":[],"picked":"Coolheaded+1","floor":35},{"not_picked":["Doom and Gloom"],"picked":"SKIP","floor":37},{"not_picked":["Stack+1"],"picked":"SKIP","floor":39},{"not_picked":[],"picked":"Turbo","floor":41},{"not_picked":["Beam Cell"],"picked":"SKIP","floor":42},{"not_picked":["Rebound"],"picked":"SKIP","floor":45}],"player_experience":697414,"relics_obtained":[{"floor":6,"key":"Bag of Marbles"},{"floor":8,"key":"Thread and Needle"},{"floor":9,"key":"Mercury Hourglass"},{"floor":14,"key":"Bag of Preparation"},{"floor":19,"key":"Nilry\u0027s Codex"},{"floor":23,"key":"Potion Belt"},{"floor":26,"key":"Ancient Tea Set"},{"floor":42,"key":"Smiling Mask"},{"floor":43,"key":"War Paint"}],"event_choices":[{"damage_healed":0,"gold_gain":0,"player_choice":"Entered Light","damage_taken":15,"max_hp_gain":0,"max_hp_loss":0,"event_name":"Shining Light","floor":3,"gold_loss":0,"cards_upgraded":["Defend_B","Strike_B"]},{"damage_healed":0,"gold_gain":0,"player_choice":"Upgraded","damage_taken":0,"max_hp_gain":0,"max_hp_loss":0,"event_name":"Upgrade Shrine","floor":4,"gold_loss":0,"cards_upgraded":["White Noise"]},{"damage_healed":0,"gold_gain":0,"player_choice":"Success","damage_taken":3,"relics_obtained":["Frozen Egg 2"],"max_hp_gain":0,"max_hp_loss":0,"event_name":"Scrap Ooze","floor":12,"gold_loss":0},{"damage_healed":0,"gold_gain":0,"player_choice":"Obtained Book","damage_taken":16,"max_hp_gain":0,"max_hp_loss":0,"event_name":"Cursed Tome","floor":19,"gold_loss":0},{"cards_removed":["Strike_B"],"damage_healed":0,"gold_gain":0,"player_choice":"Took Card","damage_taken":0,"max_hp_gain":0,"max_hp_loss":0,"event_name":"NoteForYourself","floor":20,"gold_loss":0,"cards_obtained":["Strike_R"]},{"damage_healed":0,"gold_gain":0,"player_choice":"Inject Mutagens","damage_taken":0,"relics_obtained":["MutagenicStrength"],"max_hp_gain":0,"max_hp_loss":0,"event_name":"Drug Dealer","floor":31,"gold_loss":0},{"cards_removed":["Melter"],"damage_healed":18,"gold_gain":0,"player_choice":"Offered Uncommon","damage_taken":0,"max_hp_gain":0,"max_hp_loss":0,"event_name":"Bonfire Elementals","floor":36,"gold_loss":0},{"damage_healed":0,"gold_gain":0,"player_choice":"Memory 1","damage_taken":0,"max_hp_gain":0,"max_hp_loss":0,"event_name":"SensoryStone","floor":48,"gold_loss":0}],"is_beta":false,"boss_relics":[{"not_picked":["Philosopher\u0027s Stone","Tiny House"],"picked":"Inserter"},{"not_picked":["Orrery","Eternal Feather"],"picked":"Busted Crown"}],"items_purged_floors":[],"is_endless":false,"potions_floor_spawned":[2,5,10,18,24,27,35,39,45],"ascension_level":0}