{"gold_per_floor":[159,4,23,23,33,33,49,80,80,94,19,19,34,54,54,156,156,173,183,10,20,30,30,30],"floor_reached":24,"playtime":875,"items_purged":["Pain"],"score":338,"play_id":"908d30aa-e246-4503-8229-3c5060779057","local_time":"20190116163706","is_ascension_mode":true,"campfire_choices":[{"data":"Dagger Spray","floor":6,"key":"SMITH"},{"floor":12,"key":"REST"},{"data":"Neutralize","floor":15,"key":"SMITH"},{"floor":23,"key":"REST"}],"neow_cost":"NONE","seed_source_timestamp":1898059149587595,"circlet_count":0,"master_deck":["AscendersBane","Defend_G","Defend_G","Defend_G","Defend_G","Defend_G","Strike_G","Strike_G+1","Strike_G","Strike_G","Strike_G","Survivor","Neutralize+1","Dagger Spray","Sucker Punch","Dagger Spray+1","Dagger Throw","Heel Hook","Dagger Spray","Unload","Envenom","All Out Attack","Master of Strategy","Deflect"],"relics":["Tiny House","Bronze Scales","WarpedTongs","Ornamental Fan","Paper Crane","Black Star"],"potions_floor_usage":[0,8,10,21,22,22,24],"damage_taken":[{"damage":0,"enemies":"Cultist","floor":1,"turns":3},{"damage":7,"enemies":"Jaw Worm","floor":3,"turns":4},{"damage":3,"enemies":"2 Louse","floor":5,"turns":2},{"damage":15,"enemies":"Exordium Thugs","floor":7,"turns":3},{"damage":23,"enemies":"Lagavulin","floor":8,"turns":6},{"damage":0,"enemies":"3 Louse","floor":10,"turns":2},{"damage":0,"enemies":"Blue Slaver","floor":13,"turns":2},{"damage":0,"enemies":"Large Slime","floor":14,"turns":3},{"damage":14,"enemies":"Slime Boss","floor":16,"turns":6},{"damage":4,"enemies":"Chosen","floor":18,"turns":4},{"damage":25,"enemies":"Spheric Guardian","floor":19,"turns":4},{"damage":20,"enemies":"Snake Plant","floor":21,"turns":3},{"damage":18,"enemies":"Snecko","floor":22,"turns":6},{"damage":35,"enemies":"Gremlin Leader","floor":24,"turns":7}],"seed_played":"5573632165452373040","potions_obtained":[{"floor":0,"key":"Fruit Juice"},{"floor":1,"key":"Weak Potion"},{"floor":7,"key":"Block Potion"},{"floor":8,"key":"LiquidBronze"},{"floor":10,"key":"Strength Potion"},{"floor":21,"key":"Energy Potion"},{"floor":22,"key":"Fruit Juice"}],"is_trial":false,"path_per_floor":["M","$","M","?","M","R","M","E","T","M","$","R","M","M","R","B",null,"M","M","$","M","M","R","E"],"character_chosen":"THE_SILENT","items_purchased":["Bronze Scales","Master of Strategy"],"campfire_rested":2,"item_purchase_floors":[2,20],"current_hp_per_floor":[73,73,66,66,63,63,48,25,25,25,25,49,49,49,49,35,69,65,40,40,20,7,32,0],"gold":30,"neow_bonus":"BOSS_RELIC","is_prod":false,"is_daily":false,"chose_seed":false,"campfire_upgraded":2,"win_rate":0,"timestamp":1547656626,"path_taken":["M","$","?","?","M","R","M","E","T","?","$","R","M","M","R","BOSS","M","?","$","?","M","R","E"],"build_version":"2019-01-10","purchased_purges":1,"victory":false,"max_hp_per_floor":[80,80,80,80,80,80,80,80,80,80,80,80,80,80,80,80,80,80,80,80,80,85,85,85],"card_choices":[{"not_picked":["Quick Slash","Dagger Throw"],"picked":"Dagger Spray","floor":0},{"not_picked":["Underhanded Strike","Quick Slash"],"picked":"Sucker Punch","floor":1},{"not_picked":["Flechettes","Reflex"],"picked":"Dagger Spray","floor":3},{"not_picked":["Deflect","Blade Dance"],"picked":"Dagger Throw","floor":5},{"not_picked":["Sucker Punch","Bouncing Flask"],"picked":"Heel Hook","floor":7},{"not_picked":["Setup","Skewer"],"picked":"Dagger Spray","floor":8},{"not_picked":["Cloak And Dagger","Tactician","Well Laid Plans"],"picked":"SKIP","floor":10},{"not_picked":["Backflip","Eviscerate"],"picked":"Unload","floor":13},{"not_picked":["Noxious Fumes","Eviscerate","Terror"],"picked":"SKIP","floor":14},{"not_picked":["Wraith Form v2","Phantasmal Killer"],"picked":"Envenom","floor":16},{"not_picked":["Cloak And Dagger","Infinite Blades","Endless Agony+1"],"picked":"SKIP","floor":18},{"not_picked":["Underhanded Strike","Outmaneuver"],"picked":"All Out Attack","floor":19},{"not_picked":["Sucker Punch","Bane"],"picked":"Deflect","floor":21},{"not_picked":["Tactician","Deadly Poison","Flying Knee+1"],"picked":"SKIP","floor":22}],"player_experience":362850,"relics_obtained":[{"floor":8,"key":"Ornamental Fan"},{"floor":9,"key":"Paper Crane"}],"event_choices":[{"damage_healed":0,"gold_gain":0,"player_choice":"Rummage","damage_taken":0,"relics_obtained":["WarpedTongs"],"max_hp_gain":0,"max_hp_loss":0,"event_name":"Accursed Blacksmith","floor":4,"gold_loss":0,"cards_obtained":["Pain"]}],"is_beta":false,"boss_relics":[{"not_picked":["Astrolabe","Calling Bell"],"picked":"Black Star"}],"items_purged_floors":[11],"is_endless":false,"potions_floor_spawned":[1,7,8,10,21,22],"killed_by":"Gremlin Leader","ascension_level":11}