{"gold_per_floor":[117,134,150,225,252,252,252,252,278,278,299,314,314,349,349,349],"floor_reached":16,"playtime":375,"items_purged":[],"score":200,"play_id":"5bc5e9de-28b1-43bf-97ad-99f284db11d4","local_time":"20190429152949","is_ascension_mode":true,"campfire_choices":[{"data":"Cold Snap","floor":6,"key":"SMITH"},{"floor":8,"key":"REST"},{"data":"Hologram","floor":10,"key":"SMITH"},{"data":"Defend_B","floor":15,"key":"SMITH"}],"neow_cost":"NONE","seed_source_timestamp":3638562509651519,"circlet_count":0,"master_deck":["AscendersBane","Strike_B","Strike_B","Strike_B","Strike_B","Defend_B","Defend_B","Defend_B","Defend_B+1","Zap","Dualcast","Hologram+1","Cold Snap+1","Reinforced Body","Gash","Sunder","Gash"],"relics":["Cracked Core","NeowsBlessing","Strawberry","Golden Idol","Omamori","Vajra"],"potions_floor_usage":[14,16],"damage_taken":[{"damage":0,"enemies":"Cultist","floor":1,"turns":1},{"damage":0,"enemies":"2 Louse","floor":2,"turns":1},{"damage":0,"enemies":"Jaw Worm","floor":3,"turns":1},{"damage":3,"enemies":"Looter","floor":11,"turns":4},{"damage":15,"enemies":"3 Louse","floor":12,"turns":3},{"damage":13,"enemies":"3 Sentries","floor":14,"turns":10},{"damage":28,"enemies":"Hexaghost","floor":16,"turns":9}],"seed_played":"-5861877774527567624","potions_obtained":[{"floor":1,"key":"PowerPotion"},{"floor":2,"key":"SteroidPotion"},{"floor":3,"key":"Dexterity Potion"}],"is_trial":false,"path_per_floor":["M","M","M","?","T","R","?","R","T","R","M","M","?","E","R","B"],"character_chosen":"DEFECT","items_purchased":[],"campfire_rested":1,"item_purchase_floors":[],"current_hp_per_floor":[64,64,64,53,60,60,33,56,56,56,53,38,38,25,25,0],"gold":349,"neow_bonus":"THREE_ENEMY_KILL","is_prod":false,"is_daily":false,"chose_seed":false,"campfire_upgraded":3,"win_rate":0,"timestamp":1556548189,"path_taken":["M","M","?","?","?","R","?","R","T","R","M","M","?","E","R","BOSS"],"build_version":"2019-01-23","purchased_purges":0,"victory":false,"max_hp_per_floor":[71,71,71,71,78,78,78,78,78,78,78,78,78,78,78,78],"card_choices":[{"not_picked":["Static Discharge","Darkness"],"picked":"Hologram","floor":1},{"not_picked":["Tempest","Fusion"],"picked":"Cold Snap","floor":2},{"not_picked":["White Noise","Chaos"],"picked":"Reinforced Body","floor":3},{"not_picked":["Hello World","Storm"],"picked":"Gash","floor":11},{"not_picked":["Go for the Eyes","BootSequence"],"picked":"Sunder","floor":12},{"not_picked":["Redo","Hello World"],"picked":"Gash","floor":14}],"player_experience":728893,"relics_obtained":[{"floor":5,"key":"Strawberry"},{"floor":9,"key":"Omamori"},{"floor":14,"key":"Vajra"}],"event_choices":[{"damage_healed":0,"gold_gain":75,"player_choice":"Gather Gold","damage_taken":11,"max_hp_gain":0,"max_hp_loss":0,"event_name":"World of Goop","floor":4,"gold_loss":0},{"damage_healed":0,"gold_gain":0,"player_choice":"Take Damage","damage_taken":27,"relics_obtained":["Golden Idol"],"max_hp_gain":0,"max_hp_loss":0,"event_name":"Golden Idol","floor":7,"gold_loss":0},{"damage_healed":0,"gold_gain":0,"player_choice":"Ignored","damage_taken":0,"max_hp_gain":0,"max_hp_loss":0,"event_name":"Liars Game","floor":13,"gold_loss":0}],"is_beta":false,"boss_relics":[],"items_purged_floors":[],"is_endless":false,"potions_floor_spawned":[1,2,3],"killed_by":"Hexaghost","ascension_level":20}