{"path_per_floor":["M","M","M","M","M","E","$","R","T","$","M","M","M","E","R","B",null,"M","?","?","M","M","E","R","M","T","$","?","R","$","M","R"],"character_chosen":"DEFECT","items_purchased":["Anchor","Chill"],"gold_per_floor":[111,131,141,151,168,200,54,54,54,54,68,82,92,126,126,221,221,221,221,221,221,221,221,221,221,221,221,221,221,90,90,90,90],"floor_reached":33,"campfire_rested":4,"playtime":1962,"current_hp_per_floor":[74,73,63,55,43,50,50,72,82,82,85,76,69,50,75,81,85,80,80,73,73,80,12,37,39,46,46,46,73,73,72,72,8],"items_purged":["Defend_B"],"gold":90,"score":281,"play_id":"6cce2568-abf8-48fe-b6c5-0d1e13cbde8f","local_time":"20180426235528","is_prod":false,"is_daily":false,"chose_seed":false,"is_ascension_mode":false,"campfire_upgraded":1,"timestamp":1524808528,"path_taken":["M","?","M","?","M","E","?","R","T","?","M","M","M","E","R","BOSS","M","?","?","?","M","E","R","M","T","$","?","R","$","M","R","BOSS"],"build_version":"2018-04-26v2","seed_source_timestamp":100132641515843,"purchased_purges":1,"victory":false,"master_deck":["Strike_B","Strike_B","Strike_B","Defend_B","Defend_B","Defend_B","Zap","Dualcast","Sweeping Beam","Cold Snap","White Noise","Cold Snap","Self Repair","Reboot","Biased Cognition+1","Cold Snap+1","Chill","Chill","Glacier"],"max_hp_per_floor":[75,75,75,75,75,75,75,75,85,85,85,85,85,85,85,85,85,85,85,85,85,85,85,85,85,92,92,92,92,92,92,92,92],"relics":["Cracked Core","Happy Flower","Anchor","Pear","Smiling Mask","Ectoplasm","Red Mask","Bag of Marbles","Strawberry"],"card_choices":[{"not_picked":["Hologram","Skim"],"picked":"Sweeping Beam","floor":1},{"not_picked":["Rip and Tear","Beam Cell"],"picked":"Cold Snap","floor":2},{"not_picked":["Buffer","Coolheaded"],"picked":"White Noise","floor":3},{"not_picked":["Rainbow","Auto Shields"],"picked":"Cold Snap","floor":5},{"not_picked":["Leap","Double Energy"],"picked":"Self Repair","floor":6},{"not_picked":["Stack","Rip and Tear"],"picked":"Reboot","floor":13},{"not_picked":["Machine Learning","Fusion"],"picked":"Biased Cognition","floor":16},{"not_picked":["Sunder","Storm"],"picked":"Cold Snap","floor":20},{"not_picked":["Turbo","Cold Snap"],"picked":"Chill","floor":23},{"not_picked":["Self Repair","Skim"],"picked":"Glacier","floor":31}],"player_experience":340938,"potions_floor_usage":[6,14,16,20,23,33],"damage_taken":[{"damage":1,"enemies":"Cultist","floor":1,"turns":3},{"damage":1,"enemies":"Jaw Worm","floor":2,"turns":3},{"damage":10,"enemies":"Small Slimes","floor":3,"turns":3},{"damage":8,"enemies":"Looter","floor":4,"turns":4},{"damage":12,"enemies":"2 Fungi Beasts","floor":5,"turns":4},{"damage":8,"enemies":"3 Sentries","floor":6,"turns":9},{"damage":0,"enemies":"Blue Slaver","floor":11,"turns":3},{"damage":16,"enemies":"Exordium Thugs","floor":12,"turns":5},{"damage":14,"enemies":"Exordium Wildlife","floor":13,"turns":5},{"damage":26,"enemies":"Lagavulin","floor":14,"turns":9},{"damage":45,"enemies":"Hexaghost","floor":16,"turns":19},{"damage":5,"enemies":"Spheric Guardian","floor":18,"turns":5},{"damage":14,"enemies":"Masked Bandits","floor":20,"turns":4},{"damage":0,"enemies":"Chosen","floor":21,"turns":4},{"damage":0,"enemies":"Centurion and Healer","floor":22,"turns":7},{"damage":75,"enemies":"Book of Stabbing","floor":23,"turns":9},{"damage":5,"enemies":"Snake Plant","floor":25,"turns":4},{"damage":15,"enemies":"Slaver and Parasite","floor":31,"turns":9},{"damage":64,"enemies":"Automaton","floor":33,"turns":14}],"event_choices":[{"event_name":"The Lab","player_choice":"Got Potions","floor":19,"damage_taken":0},{"event_name":"Masked Bandits","player_choice":"Fought over 221 gold","floor":20,"damage_taken":0},{"event_name":"Bonfire Elementals","player_choice":"BASIC","floor":28,"damage_taken":0}],"boss_relics":[{"not_picked":["Runic Pyramid","Calling Bell"],"picked":"Ectoplasm"}],"potions_floor_spawned":[2,4,6,13,14,22,23,31],"seed_played":"7238032759172434877","killed_by":"Automaton","ascension_level":0,"is_trial":false}