{"gold_per_floor":[111,211,225,245,245,245,274,38,38,51,61,61,61,72,72,173,173,189,189,189,201,214,214,234,247,247,282,292,149,179,179],"floor_reached":31,"playtime":4204,"items_purged":["Hologram"],"score":269,"play_id":"87a7d897-6f58-4129-8b1b-0ce0318912d7","local_time":"20190106180200","is_ascension_mode":false,"campfire_choices":[{"data":"Redo","floor":6,"key":"SMITH"},{"data":"Static Discharge","floor":12,"key":"SMITH"},{"floor":15,"key":"REST"},{"floor":23,"key":"REST"}],"neow_cost":"NONE","seed_source_timestamp":1035784833894366,"circlet_count":0,"master_deck":["Strike_B","Strike_B","Strike_B","Strike_B+1","Defend_B+1","Defend_B","Defend_B","Defend_B","Zap","Dualcast","Stack","Redo+1","Rip and Tear","Self Repair","Static Discharge+1","Capacitor","Machine Learning","Barrage+1","Defragment","Coolheaded+1","Ball Lightning","Sweeping Beam","Storm","Static Discharge","Reprogram+1"],"relics":["Cracked Core","NeowsBlessing","Odd Mushroom","Blood Vial","Ornamental Fan","Velvet Choker","MutagenicStrength","Centennial Puzzle","Gambling Chip","Dream Catcher"],"potions_floor_usage":[25,27,27,31],"damage_taken":[{"damage":0,"enemies":"Small Slimes","floor":1,"turns":1},{"damage":0,"enemies":"Cultist","floor":3,"turns":1},{"damage":0,"enemies":"Jaw Worm","floor":4,"turns":1},{"damage":12,"enemies":"The Mushroom Lair","floor":7,"turns":3},{"damage":0,"enemies":"Large Slime","floor":10,"turns":4},{"damage":14,"enemies":"2 Fungi Beasts","floor":11,"turns":3},{"damage":18,"enemies":"Gremlin Gang","floor":14,"turns":3},{"damage":23,"enemies":"Slime Boss","floor":16,"turns":11},{"damage":43,"enemies":"2 Thieves","floor":18,"turns":4},{"damage":7,"enemies":"3 Byrds","floor":21,"turns":1},{"damage":13,"enemies":"3 Cultists","floor":22,"turns":4},{"damage":8,"enemies":"Snecko","floor":24,"turns":5},{"damage":7,"enemies":"Snake Plant","floor":25,"turns":3},{"damage":16,"enemies":"Book of Stabbing","floor":27,"turns":4},{"damage":10,"enemies":"Centurion and Healer","floor":28,"turns":5},{"damage":37,"enemies":"Slavers","floor":30,"turns":3},{"damage":11,"enemies":"Snecko","floor":31,"turns":2}],"seed_played":"-7130928301495942475","potions_obtained":[{"floor":4,"key":"SpeedPotion"},{"floor":14,"key":"Block Potion"},{"floor":16,"key":"Weak Potion"},{"floor":25,"key":"Energy Potion"},{"floor":27,"key":"LiquidBronze"},{"floor":30,"key":"SkillPotion"}],"is_trial":false,"path_per_floor":["M","?","M","M","?","R","?","$","T","M","M","R","?","M","R","B",null,"M","?","?","M","M","R","M","M","T","E","M","$","E","M"],"character_chosen":"DEFECT","items_purchased":["Blood Vial","Self Repair","Static Discharge"],"campfire_rested":2,"item_purchase_floors":[8,8,29],"current_hp_per_floor":[75,75,75,75,60,60,48,48,48,57,52,52,45,36,58,37,75,39,39,32,27,23,45,46,48,48,41,40,40,5,0],"gold":179,"neow_bonus":"THREE_ENEMY_KILL","is_prod":false,"is_daily":false,"chose_seed":false,"campfire_upgraded":2,"win_rate":0.0,"timestamp":1546797720,"path_taken":["M","?","?","M","?","R","?","$","T","M","M","R","?","?","R","BOSS","M","?","?","?","M","R","M","M","T","E","M","$","E","M"],"build_version":"2019-01-03v4","purchased_purges":1,"victory":false,"max_hp_per_floor":[75,75,75,75,75,75,75,75,75,75,75,75,75,75,75,75,75,75,75,75,75,75,75,75,75,75,75,75,75,75,75],"card_choices":[{"not_picked":["Reinforced Body","Cold Snap"],"picked":"Stack","floor":1},{"not_picked":["Barrage","Go for the Eyes"],"picked":"Redo","floor":3},{"not_picked":["Go for the Eyes","Static Discharge"],"picked":"Rip and Tear","floor":4},{"not_picked":["Coolheaded","Hello World"],"picked":"Static Discharge","floor":10},{"not_picked":["Chill","Glacier"],"picked":"Capacitor","floor":11},{"not_picked":["Beam Cell","Gash","Heatsinks"],"picked":"SKIP","floor":14},{"not_picked":["Beam Cell","Gash","Heatsinks"],"picked":"SKIP","floor":14},{"not_picked":["All For One","Reboot"],"picked":"Machine Learning","floor":16},{"not_picked":["Beam Cell","FTL+1"],"picked":"Barrage+1","floor":18},{"not_picked":["Doom and Gloom","Genetic Algorithm"],"picked":"Defragment","floor":21},{"not_picked":["Leap","Cold Snap"],"picked":"Coolheaded+1","floor":22},{"not_picked":["Steam","Hello World"],"picked":"Hologram","floor":24},{"not_picked":["Darkness+1","Hologram"],"picked":"Ball Lightning","floor":25},{"not_picked":["Streamline","Genetic Algorithm"],"picked":"Sweeping Beam","floor":27},{"not_picked":["Loop","Conserve Battery"],"picked":"Storm","floor":28},{"not_picked":["Static Discharge","Lockon+1"],"picked":"Reprogram+1","floor":30}],"player_experience":9016,"relics_obtained":[{"floor":7,"key":"Odd Mushroom"},{"floor":9,"key":"Ornamental Fan"},{"floor":26,"key":"Centennial Puzzle"},{"floor":27,"key":"Gambling Chip"},{"floor":30,"key":"Dream Catcher"}],"event_choices":[{"damage_healed":0,"gold_gain":100,"player_choice":"Pray","damage_taken":0,"max_hp_gain":0,"max_hp_loss":0,"event_name":"Golden Shrine","floor":2,"gold_loss":0},{"damage_healed":0,"gold_gain":0,"player_choice":"Entered Light","damage_taken":15,"max_hp_gain":0,"max_hp_loss":0,"event_name":"Shining Light","floor":5,"gold_loss":0,"cards_upgraded":["Defend_B","Strike_B"]},{"damage_healed":0,"gold_gain":0,"player_choice":"Fought Mushrooms","damage_taken":0,"max_hp_gain":0,"max_hp_loss":0,"event_name":"Mushrooms","floor":7,"gold_loss":0},{"damage_healed":0,"gold_gain":0,"player_choice":"Damaged","damage_taken":7,"max_hp_gain":0,"max_hp_loss":0,"event_name":"Wheel of Change","floor":13,"gold_loss":0},{"damage_healed":0,"gold_gain":0,"player_choice":"Inject Mutagens","damage_taken":0,"relics_obtained":["MutagenicStrength"],"max_hp_gain":0,"max_hp_loss":0,"event_name":"Drug Dealer","floor":19,"gold_loss":0},{"damage_healed":0,"gold_gain":0,"player_choice":"Damaged","damage_taken":7,"max_hp_gain":0,"max_hp_loss":0,"event_name":"Wheel of Change","floor":20,"gold_loss":0}],"is_beta":false,"boss_relics":[{"not_picked":["Empty Cage","Lizard Tail"],"picked":"Velvet Choker"}],"items_purged_floors":[29],"is_endless":false,"potions_floor_spawned":[4,14,16,21,25,27,30],"killed_by":"Snecko","ascension_level":0}