{"gold_per_floor":[211,226,127,202,214,214,227,227,227,227,257,275,300,2,2,2],"floor_reached":16,"playtime":1514,"items_purged":["Strike_R","Strike_R"],"score":138,"play_id":"ce57755c-46d5-40b1-b3cc-4f04413c9ac3","local_time":"20190422225117","is_ascension_mode":true,"campfire_choices":[{"data":"Armaments","floor":6,"key":"SMITH"},{"data":"Metallicize","floor":8,"key":"SMITH"},{"data":"Flame Barrier","floor":10,"key":"SMITH"},{"data":"Searing Blow","floor":15,"key":"SMITH"}],"neow_cost":"NONE","seed_source_timestamp":186928956531053,"circlet_count":0,"master_deck":["Strike_R","Strike_R","Strike_R","Defend_R","Defend_R","Defend_R","Defend_R","Bash","Flame Barrier+1","Armaments+1","Shockwave","Metallicize+1","Searing Blow+1"],"relics":["Burning Blood","Kunai","Thread and Needle","Peace Pipe","HandDrill"],"potions_floor_usage":[11,16,16],"damage_taken":[{"damage":6,"enemies":"Cultist","floor":1,"turns":4},{"damage":0,"enemies":"Jaw Worm","floor":2,"turns":5},{"damage":0,"enemies":"2 Louse","floor":5,"turns":4},{"damage":12,"enemies":"Looter","floor":7,"turns":3},{"damage":18,"enemies":"Gremlin Nob","floor":11,"turns":5},{"damage":7,"enemies":"Gremlin Gang","floor":12,"turns":6},{"damage":18,"enemies":"Lagavulin","floor":13,"turns":16},{"damage":47,"enemies":"Hexaghost","floor":16,"turns":15}],"seed_played":"-481794254139453200","potions_obtained":[{"floor":5,"key":"LiquidBronze"},{"floor":7,"key":"Fire Potion"},{"floor":13,"key":"Swift Potion"}],"is_trial":false,"path_per_floor":["M","M","$","?","M","R","M","R","T","R","E","M","E","$","R","B"],"character_chosen":"IRONCLAD","items_purchased":["Armaments","HandDrill"],"campfire_rested":0,"item_purchase_floors":[3,14],"current_hp_per_floor":[80,80,80,72,78,78,72,72,72,72,60,59,47,47,47,0],"gold":2,"neow_bonus":"HUNDRED_GOLD","is_prod":false,"is_daily":false,"chose_seed":false,"campfire_upgraded":4,"win_rate":0,"timestamp":1555995077,"path_taken":["M","M","$","?","M","R","M","R","T","R","E","M","E","?","R","BOSS"],"build_version":"2019-01-23","purchased_purges":2,"victory":false,"max_hp_per_floor":[80,80,80,80,80,80,80,80,80,80,80,80,80,80,80,80],"card_choices":[{"not_picked":["Thunderclap","Iron Wave"],"picked":"Flame Barrier","floor":1},{"not_picked":["Clash","Iron Wave","Twin Strike"],"picked":"SKIP","floor":2},{"not_picked":["Bloodletting","Spot Weakness"],"picked":"Shockwave","floor":5},{"not_picked":["Armaments","Twin Strike"],"picked":"Metallicize","floor":7},{"not_picked":["Seeing Red","Evolve","Dark Embrace"],"picked":"SKIP","floor":11},{"not_picked":["Thunderclap","Sever Soul","Perfected Strike"],"picked":"SKIP","floor":12},{"not_picked":["Thunderclap","Sever Soul","Perfected Strike"],"picked":"SKIP","floor":12},{"not_picked":["Pummel","Bloodletting"],"picked":"Searing Blow","floor":13}],"player_experience":448320,"relics_obtained":[{"floor":9,"key":"Kunai"},{"floor":11,"key":"Thread and Needle"},{"floor":13,"key":"Peace Pipe"}],"event_choices":[{"damage_healed":0,"gold_gain":75,"player_choice":"Touch","damage_taken":8,"max_hp_gain":0,"max_hp_loss":0,"event_name":"FaceTrader","floor":4,"gold_loss":0}],"is_beta":false,"boss_relics":[],"items_purged_floors":[3,14],"is_endless":false,"potions_floor_spawned":[5,7,13],"killed_by":"Hexaghost","ascension_level":5}