{"path_per_floor":["M","?","?","M","?","R","E","R","T","E","?","M","$","M","R","B",null,"M","?","$","M","M","E","M","?","T","?","M","E","M","?","R","B",null,"M","?","M","$","T","R","E","R","T","M","M","R","?","M","R","B"],"character_chosen":"IRONCLAD","items_purchased":["Paper Frog"],"gold_per_floor":[111,111,111,123,198,198,225,225,255,284,284,301,45,56,56,159,159,159,74,24,24,24,24,24,24,24,0,0,0,0,0,0,0,0,0,0,0,0,0,0,0,0,0,0,0,0,0,0,0,0],"floor_reached":51,"campfire_rested":3,"playtime":2212,"current_hp_per_floor":[80,80,64,69,58,58,34,58,58,43,43,42,42,40,64,52,80,78,78,78,80,79,52,44,44,44,44,46,44,42,42,66,40,80,80,80,74,74,74,80,74,80,80,80,78,80,80,74,80,26],"items_purged":["Defend_R"],"gold":0,"score":885,"play_id":"5b593dc5-711e-47df-8ec6-1393faa2f014","local_time":"20180320163054","is_prod":false,"is_daily":false,"is_ascension_mode":true,"campfire_upgraded":5,"timestamp":1521585054,"path_taken":["M","?","?","?","?","R","E","R","T","E","?","?","$","M","R","BOSS","M","?","$","M","M","E","M","?","T","?","M","E","M","?","R","BOSS","M","?","?","?","?","R","E","R","T","?","?","R","?","M","R","BOSS"],"build_version":"2018-03-19","purchased_purges":1,"victory":true,"master_deck":["Strike_R+1","Strike_R+1","Strike_R+1","Defend_R+1","Defend_R","Defend_R+1","Bash+1","Rampage+1","Exhume+1","Headbutt","Headbutt","Offering+1","Shrug It Off+1","Rage+1","Warcry","Thunderclap+1","Offering+1","Clash","Juggernaut+1","Clash","Rampage+1","Pommel Strike+1","Dropkick+1"],"max_hp_per_floor":[80,80,80,80,80,80,80,80,80,80,80,80,80,80,80,80,80,80,80,80,80,80,80,80,80,80,80,80,80,80,80,80,80,80,80,80,80,80,80,80,80,80,80,80,80,80,80,80,80,80],"relics":["Burning Blood","Smiling Mask","Tiny Chest","Whetstone","Paper Frog","Ectoplasm","Lantern","Bag of Preparation","Omamori","Vajra","Eternal Feather","Ancient Tea Set","War Paint","Regal Pillow"],"card_choices":[{"not_picked":["Wild Strike","Shockwave"],"picked":"Rampage","floor":1},{"not_picked":["Dropkick","Body Slam"],"picked":"Headbutt","floor":4},{"not_picked":["Whirlwind","Rampage"],"picked":"Headbutt","floor":10},{"not_picked":["Twin Strike","Cleave"],"picked":"Offering","floor":12},{"not_picked":["Heavy Blade","Body Slam"],"picked":"Shrug It Off","floor":18},{"not_picked":["Pummel","Wild Strike"],"picked":"Rage","floor":22},{"not_picked":["Shockwave","Flex"],"picked":"Warcry","floor":23},{"not_picked":["Clothesline","Carnage"],"picked":"Thunderclap","floor":24},{"not_picked":["Whirlwind","Metallicize"],"picked":"Offering","floor":28},{"not_picked":["Pommel Strike","Warcry"],"picked":"Clash","floor":30},{"not_picked":["Fiend Fire","Limit Break"],"picked":"Juggernaut","floor":33},{"not_picked":["Intimidate","True Grit"],"picked":"Clash","floor":37},{"not_picked":["Second Wind","Rupture"],"picked":"Rampage","floor":41},{"not_picked":["Infernal Blade","Clash"],"picked":"Pommel Strike","floor":44},{"not_picked":["Iron Wave","Shrug It Off"],"picked":"Dropkick","floor":48}],"player_experience":243907,"potions_floor_usage":[10,22,22,28,29,29,33,50,50,50],"damage_taken":[{"damage":4,"enemies":"2 Louse","floor":1,"turns":3},{"damage":1,"enemies":"Cultist","floor":4,"turns":3},{"damage":30,"enemies":"Lagavulin","floor":7,"turns":5},{"damage":21,"enemies":"3 Sentries","floor":10,"turns":7},{"damage":7,"enemies":"Jaw Worm","floor":12,"turns":2},{"damage":8,"enemies":"Blue Slaver","floor":14,"turns":2},{"damage":18,"enemies":"Slime Boss","floor":16,"turns":5},{"damage":8,"enemies":"Chosen","floor":18,"turns":2},{"damage":4,"enemies":"Spheric Guardian","floor":21,"turns":3},{"damage":7,"enemies":"Slaver and Parasite","floor":22,"turns":3},{"damage":33,"enemies":"Gremlin Leader","floor":23,"turns":6},{"damage":14,"enemies":"Snake Plant","floor":24,"turns":3},{"damage":4,"enemies":"Sentry and Sphere","floor":28,"turns":3},{"damage":8,"enemies":"Slavers","floor":29,"turns":3},{"damage":8,"enemies":"Snecko","floor":30,"turns":2},{"damage":32,"enemies":"Collector","floor":33,"turns":7},{"damage":2,"enemies":"Orb Walker","floor":35,"turns":3},{"damage":12,"enemies":"Flame Bruiser 1 Orb","floor":37,"turns":2},{"damage":12,"enemies":"Giant Head","floor":41,"turns":4},{"damage":4,"enemies":"Spire Growth","floor":44,"turns":2},{"damage":8,"enemies":"Flame Bruiser 2 Orb","floor":45,"turns":1},{"damage":12,"enemies":"Maw","floor":48,"turns":6},{"damage":60,"enemies":"Donu and Deca","floor":50,"turns":7}],"event_choices":[{"event_name":"Transmorgrifier","player_choice":"Transform","floor":2,"damage_taken":0},{"event_name":"Shining Light","player_choice":"Entered Light","floor":3,"damage_taken":0},{"event_name":"World of Goop","player_choice":"Gather Gold","floor":5,"damage_taken":0},{"event_name":"Living Wall","player_choice":"Forget","floor":11,"damage_taken":0},{"event_name":"Addict","player_choice":"Obtained Relic","floor":19,"damage_taken":0},{"event_name":"The Lab","player_choice":"Got Potions","floor":25,"damage_taken":0},{"event_name":"Masked Bandits","player_choice":"Paid Bandits 24 gold","floor":27,"damage_taken":0},{"event_name":"Transmorgrifier","player_choice":"Skipped","floor":31,"damage_taken":0},{"event_name":"Golden Shrine","player_choice":"Skipped","floor":36,"damage_taken":0},{"event_name":"Transmorgrifier","player_choice":"Skipped","floor":47,"damage_taken":0}],"boss_relics":[{"not_picked":["White Beast Statue","Astrolabe"],"picked":"Ectoplasm"},{"not_picked":["Velvet Choker","Runic Pyramid"],"picked":"Eternal Feather"}],"potions_floor_spawned":[7,10,12,21,24,28,35,37,45],"seed_played":"-5667934008785134603","ascension_level":4,"is_trial":false}