{"gold_per_floor":[109,109,109,125,18,48,65,65,92,127,127,146,164,2,2,2],"floor_reached":16,"playtime":351,"items_purged":[],"score":270,"play_id":"c43bd948-2050-4884-8f9b-5559b2e717e4","local_time":"20190430192949","is_ascension_mode":true,"campfire_choices":[{"data":"Dash","floor":8,"key":"SMITH"},{"floor":15,"key":"REST"}],"neow_cost":"NONE","seed_source_timestamp":3739389507468212,"circlet_count":0,"master_deck":["AscendersBane","Defend_G","Defend_G","Defend_G","Defend_G","Defend_G","Strike_G","Strike_G","Strike_G","Strike_G","Survivor","Neutralize","Quick Slash","Poisoned Stab","Cloak And Dagger","Dash+1","Terror+1","Deflect","Predator"],"relics":["Ring of the Snake","NeowsBlessing","Letter Opener","Potion Belt","Lantern","Anchor","Bag of Preparation"],"potions_floor_usage":[10,16,16],"damage_taken":[{"damage":0,"enemies":"Cultist","floor":1,"turns":1},{"damage":0,"enemies":"Jaw Worm","floor":4,"turns":1},{"damage":0,"enemies":"Gremlin Nob","floor":6,"turns":1},{"damage":0,"enemies":"Small Slimes","floor":7,"turns":3},{"damage":32,"enemies":"Lagavulin","floor":10,"turns":8},{"damage":7,"enemies":"Exordium Thugs","floor":12,"turns":4},{"damage":1,"enemies":"Large Slime","floor":13,"turns":5},{"damage":48,"enemies":"Slime Boss","floor":16,"turns":7}],"seed_played":"-2595458874413959892","potions_obtained":[{"floor":1,"key":"SkillPotion"},{"floor":12,"key":"GamblersBrew"}],"is_trial":false,"path_per_floor":["M","?","T","M","$","E","M","R","T","E","?","M","M","$","R","B"],"character_chosen":"THE_SILENT","items_purchased":["Poisoned Stab","Strength Potion","Bag of Preparation"],"campfire_rested":1,"item_purchase_floors":[5,5,14],"current_hp_per_floor":[59,52,52,52,52,52,52,52,52,20,20,13,12,12,31,0],"gold":2,"neow_bonus":"THREE_ENEMY_KILL","is_prod":false,"is_daily":false,"chose_seed":false,"campfire_upgraded":1,"win_rate":0,"timestamp":1556648989,"path_taken":["M","?","?","?","?","E","M","R","T","E","?","M","M","$","R","BOSS"],"build_version":"2019-01-23","purchased_purges":0,"victory":false,"max_hp_per_floor":[66,66,66,66,66,66,66,66,66,66,66,66,66,66,66,66],"card_choices":[{"not_picked":["Endless Agony","Blur"],"picked":"Quick Slash","floor":1},{"not_picked":["Bane","Caltrops","Underhanded Strike"],"picked":"SKIP","floor":4},{"not_picked":["Backflip","Sucker Punch"],"picked":"Cloak And Dagger","floor":6},{"not_picked":["Underhanded Strike","Caltrops"],"picked":"Dash","floor":7},{"not_picked":["A Thousand Cuts","Choke"],"picked":"Terror","floor":10},{"not_picked":["Slice","Quick Slash"],"picked":"Deflect","floor":12},{"not_picked":["Deflect","Bane"],"picked":"Predator","floor":13}],"player_experience":746513,"relics_obtained":[{"floor":3,"key":"Letter Opener"},{"floor":6,"key":"Potion Belt"},{"floor":9,"key":"Lantern"},{"floor":10,"key":"Anchor"}],"event_choices":[{"cards_removed":["Strike_G"],"damage_healed":0,"gold_gain":0,"player_choice":"Card Removal","damage_taken":7,"max_hp_gain":0,"max_hp_loss":0,"event_name":"Golden Wing","floor":2,"gold_loss":0},{"damage_healed":0,"gold_gain":0,"player_choice":"Upgraded","damage_taken":0,"max_hp_gain":0,"max_hp_loss":0,"event_name":"Upgrade Shrine","floor":11,"gold_loss":0,"cards_upgraded":["Terror"]}],"is_beta":false,"boss_relics":[],"items_purged_floors":[],"is_endless":false,"potions_floor_spawned":[1,12],"killed_by":"Slime Boss","ascension_level":20}