{"path_per_floor":["M","?","$","M","?","R","M","M","T","?","R","M","?","M","R","B",null,"M","?","$","M","M","R","?","M","T","?","R","E","M","M","R"],"character_chosen":"IRONCLAD","items_purchased":["Apotheosis","True Grit"],"gold_per_floor":[118,118,43,53,53,53,63,82,134,84,84,103,159,170,170,274,274,285,285,70,86,104,104,104,115,192,192,192,225,241,258,258],"floor_reached":33,"campfire_rested":2,"playtime":2705,"current_hp_per_floor":[80,64,64,68,68,68,72,75,75,75,75,75,72,78,78,80,80,69,53,53,55,40,67,67,72,72,72,72,47,44,7,38],"items_purged":["Defend_R"],"gold":258,"score":365,"play_id":"9067081f-3094-4e93-a8d4-3a49a9a3cdea","local_time":"20180315005346","is_prod":false,"is_daily":false,"is_ascension_mode":true,"campfire_upgraded":4,"timestamp":1521071626,"path_taken":["M","?","?","M","?","R","M","M","T","?","R","M","?","M","R","BOSS","M","?","$","M","M","R","?","M","T","?","R","E","?","M","R","BOSS"],"build_version":"2018-03-09","purchased_purges":2,"victory":false,"master_deck":["Strike_R","Strike_R","Strike_R+1","Defend_R","Defend_R","Defend_R+1","Bash+1","Clash+1","Warcry+1","Spot Weakness","Armaments+1","Fiend Fire","Rage+1","Headbutt","Feed","True Grit","Apotheosis+1","True Grit+1","Flex+1","Body Slam","Writhe","Flex+1"],"max_hp_per_floor":[80,80,80,80,80,80,80,80,80,80,80,80,80,80,80,80,80,83,88,88,88,92,92,92,96,96,96,96,96,100,104,104],"relics":["Burning Blood","Ancient Tea Set","Blood Vial","Velvet Choker","Mummified Hand","War Paint","Sundial"],"card_choices":[{"not_picked":["Anger","Wild Strike"],"picked":"Clash"},{"not_picked":["Wild Strike","Anger"],"picked":"Warcry"},{"not_picked":["Pommel Strike","Carnage"],"picked":"Spot Weakness"},{"not_picked":["Battle Trance","Entrench"],"picked":"Armaments"},{"not_picked":["Sever Soul","Clothesline"],"picked":"Fiend Fire"},{"not_picked":["Twin Strike","Evolve"],"picked":"Rage"},{"not_picked":["Battle Trance","Searing Blow"],"picked":"Headbutt"},{"not_picked":["Brutality","Exhume"],"picked":"Feed"},{"not_picked":["Shockwave","Wild Strike"],"picked":"True Grit"},{"not_picked":["Evolve","Shrug It Off"],"picked":"Flex"},{"not_picked":["Battle Trance","Armaments"],"picked":"Body Slam"},{"not_picked":["Armaments","Burning Pact"],"picked":"Flex"}],"player_experience":161562,"potions_floor_usage":[29,30,31,33],"damage_taken":[{"damage":3.0,"enemies":"Small Slimes","floor":1.0,"turns":5.0},{"damage":2.0,"enemies":"Jaw Worm","floor":4.0,"turns":2.0},{"damage":2.0,"enemies":"2 Louse","floor":7.0,"turns":2.0},{"damage":3.0,"enemies":"2 Fungi Beasts","floor":8.0,"turns":4.0},{"damage":6.0,"enemies":"Looter","floor":12.0,"turns":2.0},{"damage":11.0,"enemies":"3 Sentries","floor":13.0,"turns":6.0},{"damage":2.0,"enemies":"3 Louse","floor":14.0,"turns":3.0},{"damage":0.0,"enemies":"Slime Boss","floor":16.0,"turns":7.0},{"damage":20.0,"enemies":"3 Byrds","floor":18.0,"turns":5.0},{"damage":9.0,"enemies":"Spheric Guardian","floor":21.0,"turns":5.0},{"damage":27,"enemies":"Snake Plant","floor":22,"turns":4},{"damage":7,"enemies":"Centurion and Healer","floor":25,"turns":7},{"damage":33,"enemies":"Book of Stabbing","floor":29,"turns":6},{"damage":15,"enemies":"3 Cultists","floor":30,"turns":6},{"damage":49,"enemies":"Slaver and Parasite","floor":31,"turns":6},{"damage":53,"enemies":"Automaton","floor":33,"turns":6}],"event_choices":[{"event_name":"Shining Light","player_choice":"Entered Light","floor":2.0,"damage_taken":0.0},{"event_name":"Liars Game","player_choice":"disagreed","floor":5.0,"damage_taken":0.0},{"event_name":"The Cleric","player_choice":"Card Removal","floor":10.0,"damage_taken":0.0},{"event_name":"Dead Adventurer","player_choice":"Searched \u00272\u0027 times","floor":13.0,"damage_taken":0.0},{"event_name":"Forgotten Altar","player_choice":"Shed Blood","floor":19.0,"damage_taken":0.0},{"event_name":"Back to Basics","player_choice":"Elegance","floor":24,"damage_taken":0},{"event_name":"The Mausoleum","player_choice":"Yes","floor":27,"damage_taken":0}],"boss_relics":[],"potions_floor_spawned":[7,12,13,13,16,22,25,29],"seed_played":"7390326023231593443","killed_by":"Automaton","ascension_level":2,"is_trial":false}