{"path_per_floor":["M","?","?","M","M","E","M","$","T","M","$","M","E","M","R","B",null,"M","$","M","?","?","R","M","R","T","T","$","M","M","?","R","B",null,"M","M","$"],"character_chosen":"THE_SILENT","items_purchased":["Ice Cream","Apotheosis","Outmaneuver","Terror","Bag of Marbles","Oddly Smooth Stone","Footwork","Bottled Lightning"],"gold_per_floor":[144,144,144,189,234,324,369,69,144,189,7,52,142,187,187,487,487,532,357,402,402,402,402,447,447,447,447,64,109,154,154,154,454,454,499,544,244,244],"floor_reached":38,"campfire_rested":4,"playtime":1270,"current_hp_per_floor":[69,69,69,69,69,49,48,48,48,48,48,34,33,33,54,60,70,30,30,1,1,1,30,25,54,54,54,54,41,35,58,70,63,70,68,4,4,0],"items_purged":["Strike_G","Writhe","Strike_G"],"gold":244,"score":413,"play_id":"e599e74b-2eef-4a69-a6db-2213c316d07d","local_time":"20180320122737","daily_mods":["Allstar","Midas","Lethality"],"is_prod":false,"is_daily":true,"is_ascension_mode":false,"campfire_upgraded":0,"timestamp":1521570457,"path_taken":["M","?","?","M","M","E","M","$","T","?","?","M","E","M","R","BOSS","M","$","M","?","?","R","M","R","T","?","$","M","M","?","R","BOSS","M","M","$","M"],"build_version":"2018-03-19","purchased_purges":3,"victory":false,"master_deck":["Defend_G","Defend_G","Defend_G","Defend_G","Strike_G","Survivor","Neutralize","Mind Blast","Sadistic Nature","Poisoned Stab","Backflip","Blur","Cloak And Dagger","Dagger Spray","Sucker Punch","Apotheosis","Infinite Blades+1","Flying Knee","A Thousand Cuts+1","Outmaneuver","Terror","Footwork+1","Finisher","Choke+1","Riddle With Holes+1"],"max_hp_per_floor":[70,70,70,70,70,70,70,70,70,70,70,70,70,70,70,70,70,70,70,70,70,70,70,70,70,70,70,70,70,70,70,70,70,70,70,70,70,70],"relics":["Ring of the Snake","Frozen Egg 2","Ice Cream","Pantograph","Paper Crane","Eternal Feather","Letter Opener","Smiling Mask","Ancient Tea Set","Bag of Marbles","Oddly Smooth Stone","Philosopher\u0027s Stone","Bottled Lightning"],"card_choices":[{"not_picked":["Acrobatics","Riddle With Holes"],"picked":"Poisoned Stab","floor":1},{"not_picked":["Acrobatics","Concentrate"],"picked":"Backflip","floor":4},{"not_picked":["Accuracy","Acrobatics"],"picked":"Blur","floor":5},{"not_picked":["Concentrate","Flechettes"],"picked":"Cloak And Dagger","floor":6},{"not_picked":["Deflect","Dagger Throw"],"picked":"Dagger Spray","floor":7},{"not_picked":["Footwork","PiercingWail"],"picked":"Sucker Punch","floor":10},{"not_picked":["Cloak And Dagger","Outmaneuver"],"picked":"Infinite Blades","floor":12},{"not_picked":["Slice","Infinite Blades"],"picked":"Flying Knee","floor":14},{"not_picked":["Grand Finale","Night Terror"],"picked":"A Thousand Cuts","floor":16},{"not_picked":["Caltrops","Cloak And Dagger"],"picked":"Finisher","floor":30},{"not_picked":["Prepared","Catalyst"],"picked":"Choke","floor":35},{"not_picked":["Backflip","Dodge and Roll"],"picked":"Riddle With Holes","floor":36}],"player_experience":242637,"potions_floor_usage":[12,18,18,18,29,30,33,38],"damage_taken":[{"damage":1,"enemies":"2 Louse","floor":1,"turns":2},{"damage":0,"enemies":"Small Slimes","floor":4,"turns":3},{"damage":0,"enemies":"Cultist","floor":5,"turns":2},{"damage":20,"enemies":"Lagavulin","floor":6,"turns":7},{"damage":1,"enemies":"3 Louse","floor":7,"turns":3},{"damage":0,"enemies":"Exordium Thugs","floor":10,"turns":2},{"damage":14,"enemies":"Lots of Slimes","floor":12,"turns":2},{"damage":1,"enemies":"Gremlin Nob","floor":13,"turns":3},{"damage":0,"enemies":"3 Louse","floor":14,"turns":3},{"damage":10,"enemies":"The Guardian","floor":16,"turns":8},{"damage":46,"enemies":"3 Byrds","floor":18,"turns":4},{"damage":29,"enemies":"2 Thieves","floor":20,"turns":3},{"damage":5,"enemies":"Centurion and Healer","floor":24,"turns":5},{"damage":13,"enemies":"Cultist and Chosen","floor":29,"turns":5},{"damage":6,"enemies":"3 Cultists","floor":30,"turns":5},{"damage":7,"enemies":"Automaton","floor":33,"turns":9},{"damage":2,"enemies":"Orb Walker","floor":35,"turns":3},{"damage":64,"enemies":"3 Darklings","floor":36,"turns":4},{"damage":6,"enemies":"4 Shapes","floor":38,"turns":3}],"event_choices":[{"event_name":"Living Wall","player_choice":"Forget","floor":2,"damage_taken":0},{"event_name":"Bonfire Elementals","player_choice":"BASIC","floor":3,"damage_taken":0},{"event_name":"Purifier","player_choice":"One Purge","floor":21,"damage_taken":0},{"event_name":"The Mausoleum","player_choice":"Yes","floor":22,"damage_taken":0},{"event_name":"The Library","player_choice":"Heal","floor":31,"damage_taken":0}],"boss_relics":[{"not_picked":["The Specimen","Runic Pyramid"],"picked":"Eternal Feather"},{"not_picked":["Calling Bell","Velvet Choker"],"picked":"Philosopher\u0027s Stone"}],"potions_floor_spawned":[4,6,13,14,16,20,29,30,33,35],"seed_played":"-7629097336603244972","killed_by":"4 Shapes","ascension_level":0,"is_trial":false}