{"gold_per_floor":[117,192,12,31,206,240,240,57,357,376,376,391,411,438,438,542,542,554,653,334,334,352,352,381,381,381,11,38,49,63,63,63,167,167,178,198,216,227,243,271,271,304,329,354,354,365,103,117,117,117],"floor_reached":51,"playtime":9245,"items_purged":["Doubt","Strike_G"],"score":1203,"play_id":"b096b473-8200-4bdb-a373-0b31a99f2a24","local_time":"20190426004820","is_ascension_mode":true,"campfire_choices":[{"data":"Neutralize","floor":7,"key":"SMITH"},{"data":"Backstab","floor":15,"key":"SMITH"},{"data":"Concentrate","floor":23,"key":"SMITH"},{"data":"Burst","floor":25,"key":"SMITH"},{"floor":32,"key":"REST"},{"floor":41,"key":"REST"},{"floor":49,"key":"REST"}],"neow_cost":"NONE","seed_source_timestamp":439391822764729,"circlet_count":0,"master_deck":["Defend_G","Defend_G","Defend_G","Defend_G","Defend_G","Strike_G","Strike_G","Strike_G","Strike_G","Survivor","Neutralize+1","Underhanded Strike","Dodge and Roll","Backflip","Dash","Escape Plan","Backstab+1","Concentrate+1","Envenom+1","Escape Plan","Footwork+1","Footwork+1","Backflip+1","Burst+1","Dramatic Entrance","Noxious Fumes+1","Calculated Gamble","Acrobatics","Adrenaline","Footwork+1","PiercingWail+1","Footwork+1","Prepared+1","Escape Plan","Acrobatics","After Image+1","Acrobatics+1","Reflex+1","Concentrate","Blur","Escape Plan+1"],"relics":["Ring of the Serpent","NeowsBlessing","Oddly Smooth Stone","Pen Nib","Old Coin","Frozen Egg 2","WristBlade","Happy Flower","Prayer Wheel","Potion Belt","Tingsha","Tough Bandages","Kunai","StoneCalendar","Anchor","Centennial Puzzle","Ninja Scroll"],"potions_floor_usage":[14,16,30,31,39,50,50,50,50,50],"damage_taken":[{"damage":0,"enemies":"2 Louse","floor":1,"turns":1},{"damage":0,"enemies":"Jaw Worm","floor":4,"turns":1},{"damage":0,"enemies":"Gremlin Nob","floor":6,"turns":1},{"damage":0,"enemies":"Small Slimes","floor":10,"turns":3},{"damage":0,"enemies":"Red Slaver","floor":12,"turns":3},{"damage":0,"enemies":"Gremlin Gang","floor":13,"turns":2},{"damage":6,"enemies":"Lagavulin","floor":14,"turns":6},{"damage":11,"enemies":"Slime Boss","floor":16,"turns":13},{"damage":1,"enemies":"Chosen","floor":18,"turns":4},{"damage":1,"enemies":"3 Byrds","floor":22,"turns":7},{"damage":17,"enemies":"Gremlin Leader","floor":24,"turns":8},{"damage":23,"enemies":"Slavers","floor":28,"turns":10},{"damage":0,"enemies":"Centurion and Healer","floor":29,"turns":8},{"damage":0,"enemies":"Snecko","floor":30,"turns":4},{"damage":6,"enemies":"Gremlin Leader","floor":31,"turns":4},{"damage":12,"enemies":"Champ","floor":33,"turns":14},{"damage":0,"enemies":"3 Shapes","floor":35,"turns":4},{"damage":0,"enemies":"3 Darklings","floor":36,"turns":7},{"damage":8,"enemies":"Transient","floor":37,"turns":5},{"damage":0,"enemies":"Writhing Mass","floor":38,"turns":8},{"damage":17,"enemies":"3 Darklings","floor":39,"turns":5},{"damage":8,"enemies":"Reptomancer","floor":40,"turns":9},{"damage":1,"enemies":"Nemesis","floor":42,"turns":10},{"damage":0,"enemies":"Reptomancer","floor":44,"turns":7},{"damage":0,"enemies":"4 Shapes","floor":46,"turns":6},{"damage":0,"enemies":"Sphere and 2 Shapes","floor":48,"turns":4},{"damage":0,"enemies":"Awakened One","floor":50,"turns":17}],"seed_played":"-5584448233865691192","potions_obtained":[{"floor":10,"key":"Explosive Potion"},{"floor":12,"key":"Swift Potion"},{"floor":14,"key":"SmokeBomb"},{"floor":24,"key":"Poison Potion"},{"floor":29,"key":"Dexterity Potion"},{"floor":30,"key":"PowerPotion"},{"floor":35,"key":"Swift Potion"},{"floor":37,"key":"Poison Potion"},{"floor":39,"key":"Ancient Potion"},{"floor":42,"key":"PowerPotion"}],"is_trial":false,"path_per_floor":["M","?","$","M","?","E","R","$","T","M","?","M","M","E","R","B",null,"M","?","$","?","M","R","E","R","T","$","E","M","M","E","R","B",null,"M","M","M","M","M","E","R","E","T","E","?","M","$","M","R","B",null],"character_chosen":"THE_SILENT","items_purchased":["Oddly Smooth Stone","Underhanded Strike","Dash","Escape Plan","Footwork+1","Happy Flower","Tingsha","Dramatic Entrance","Ninja Scroll"],"campfire_rested":3,"item_purchase_floors":[3,3,8,8,20,20,27,27,47],"current_hp_per_floor":[70,59,59,59,59,59,59,59,59,59,64,64,64,58,58,47,68,67,67,67,67,66,66,49,49,49,49,26,26,26,20,42,30,64,64,64,56,56,39,31,53,52,52,52,52,52,52,52,74,74],"gold":117,"neow_bonus":"THREE_ENEMY_KILL","is_prod":false,"is_daily":false,"chose_seed":false,"campfire_upgraded":4,"win_rate":0,"timestamp":1556261300,"path_taken":["M","?","$","M","?","E","R","$","T","M","?","M","M","E","R","BOSS","M","?","$","?","?","R","E","R","T","$","E","M","?","E","R","BOSS","M","M","M","M","M","E","R","E","T","E","?","M","$","M","R","BOSS"],"build_version":"2019-01-23","purchased_purges":2,"victory":true,"max_hp_per_floor":[70,70,70,70,70,70,70,70,70,70,75,75,75,75,75,75,75,75,75,75,75,75,75,75,75,75,75,75,75,75,75,75,75,75,75,75,75,75,75,75,75,75,75,75,75,75,75,75,75,75],"card_choices":[{"not_picked":["Sucker Punch","Dagger Spray"],"picked":"All Out Attack","floor":1},{"not_picked":["Accuracy","Catalyst"],"picked":"Dodge and Roll","floor":4},{"not_picked":["Choke","Blade Dance"],"picked":"Backflip","floor":6},{"not_picked":["Dagger Spray","Distraction"],"picked":"Backstab","floor":10},{"not_picked":["Calculated Gamble","Sucker Punch"],"picked":"Concentrate","floor":12},{"not_picked":["Cloak And Dagger","Deflect","Finisher"],"picked":"SKIP","floor":13},{"not_picked":["Deflect","Slice","Endless Agony"],"picked":"SKIP","floor":14},{"not_picked":["Glass Knife","Bullet Time"],"picked":"Envenom+1","floor":16},{"not_picked":["Poisoned Stab","Underhanded Strike"],"picked":"Escape Plan","floor":18},{"not_picked":["Bane+1","Reflex+1"],"picked":"Backflip+1","floor":22},{"not_picked":["Underhanded Strike","Terror"],"picked":"Burst","floor":24},{"not_picked":["Quick Slash","Bouncing Flask","Concentrate"],"picked":"SKIP","floor":28},{"not_picked":["Blade Dance","Slice+1"],"picked":"Noxious Fumes+1","floor":29},{"not_picked":["Bouncing Flask","Accuracy+1"],"picked":"Calculated Gamble","floor":29},{"not_picked":["Flying Knee+1","All Out Attack"],"picked":"Acrobatics","floor":30},{"not_picked":["Backstab","Dash","Endless Agony+1"],"picked":"SKIP","floor":30},{"not_picked":["Corpse Explosion","Grand Finale"],"picked":"Adrenaline","floor":33},{"not_picked":["Bane+1","Tactician+1"],"picked":"Footwork+1","floor":35},{"not_picked":["Quick Slash+1","Deflect"],"picked":"PiercingWail+1","floor":35},{"not_picked":["Slice+1","Expertise+1"],"picked":"Footwork+1","floor":36},{"not_picked":["Deflect+1","Dash"],"picked":"Prepared+1","floor":36},{"not_picked":["Setup","Bouncing Flask+1"],"picked":"Escape Plan","floor":37},{"not_picked":["Dagger Throw","Finisher+1"],"picked":"Acrobatics","floor":37},{"not_picked":["Outmaneuver+1","Poisoned Stab+1"],"picked":"After Image+1","floor":38},{"not_picked":["Calculated Gamble+1","Underhanded Strike"],"picked":"Acrobatics+1","floor":38},{"not_picked":["Dodge and Roll","Quick Slash"],"picked":"Reflex+1","floor":39},{"not_picked":["Cloak And Dagger","Dagger Throw","A Thousand Cuts+1"],"picked":"SKIP","floor":39},{"not_picked":["After Image+1","Dagger Spray+1","Deadly Poison+1"],"picked":"SKIP","floor":40},{"not_picked":["Predator","Terror","Expertise+1"],"picked":"SKIP","floor":42},{"not_picked":["Flying Knee+1","Slice"],"picked":"Concentrate","floor":44},{"not_picked":["Outmaneuver+1","Dodge and Roll+1"],"picked":"Blur","floor":46},{"not_picked":["Flying Knee+1","Wraith Form v2+1","Poisoned Stab"],"picked":"SKIP","floor":46},{"not_picked":["PiercingWail+1","Deflect+1"],"picked":"Escape Plan+1","floor":48},{"not_picked":["Underhanded Strike","Heel Hook","Backflip"],"picked":"SKIP","floor":48}],"player_experience":473404,"relics_obtained":[{"floor":6,"key":"Pen Nib"},{"floor":9,"key":"Old Coin"},{"floor":14,"key":"Frozen Egg 2"},{"floor":24,"key":"Prayer Wheel"},{"floor":26,"key":"Potion Belt"},{"floor":28,"key":"Tough Bandages"},{"floor":40,"key":"Kunai"},{"floor":42,"key":"StoneCalendar"},{"floor":43,"key":"Anchor"},{"floor":44,"key":"Centennial Puzzle"}],"event_choices":[{"damage_healed":0,"gold_gain":75,"player_choice":"Gather Gold","damage_taken":11,"max_hp_gain":0,"max_hp_loss":0,"event_name":"World of Goop","floor":2,"gold_loss":0},{"damage_healed":0,"gold_gain":175,"player_choice":"AGREE","damage_taken":0,"max_hp_gain":0,"max_hp_loss":0,"event_name":"Liars Game","floor":5,"gold_loss":0,"cards_obtained":["Doubt"]},{"damage_healed":0,"gold_gain":0,"player_choice":"Donut","damage_taken":0,"max_hp_gain":5,"max_hp_loss":0,"event_name":"Big Fish","floor":11,"gold_loss":0},{"damage_healed":0,"gold_gain":99,"player_choice":"Stole From Cult","damage_taken":0,"max_hp_gain":0,"max_hp_loss":0,"event_name":"Nest","floor":19,"gold_loss":0},{"damage_healed":0,"gold_gain":0,"player_choice":"Copied","damage_taken":0,"max_hp_gain":0,"max_hp_loss":0,"event_name":"Duplicator","floor":21,"gold_loss":0,"cards_obtained":["Footwork"]},{"cards_removed":["All Out Attack"],"damage_healed":0,"gold_gain":0,"player_choice":"Removed Attack","damage_taken":0,"max_hp_gain":0,"max_hp_loss":0,"event_name":"Falling","floor":45,"gold_loss":0}],"is_beta":false,"boss_relics":[{"not_picked":["Cursed Key","Orrery"],"picked":"WristBlade"},{"not_picked":["Lizard Tail","Sozu"],"picked":"Ring of the Serpent"}],"items_purged_floors":[8,20],"is_endless":false,"potions_floor_spawned":[10,12,14,24,29,30,31,35,37,39,42,48],"ascension_level":5}