{"gold_per_floor":[113,113,113,113,113,113,133,58,82,118,134,134,34,52,52,52],"floor_reached":16,"playtime":476,"items_purged":["Strike_R","Clash+1"],"score":191,"play_id":"46808301-dda5-49e8-ac8f-5a3d208356a0","local_time":"20190429130036","is_ascension_mode":true,"campfire_choices":[{"data":"Defend_R","floor":6,"key":"SMITH"},{"data":"Shrug It Off","floor":12,"key":"SMITH"},{"data":"Shrug It Off","floor":15,"key":"SMITH"}],"neow_cost":"NONE","seed_source_timestamp":3629508279145964,"circlet_count":0,"master_deck":["AscendersBane","Strike_R","Strike_R","Strike_R","Strike_R","Defend_R+1","Defend_R","Defend_R","Defend_R+1","Bash","Body Slam+1","Shrug It Off+1","Shrug It Off+1"],"relics":["Burning Blood","Golden Idol","Red Skull","Bag of Preparation"],"potions_floor_usage":[10,10,16],"damage_taken":[{"damage":14,"enemies":"Jaw Worm","floor":1,"turns":4},{"damage":0,"enemies":"2 Louse","floor":7,"turns":2},{"damage":6,"enemies":"3 Sentries","floor":10,"turns":9},{"damage":0,"enemies":"Small Slimes","floor":11,"turns":3},{"damage":0,"enemies":"3 Louse","floor":14,"turns":5},{"damage":65,"enemies":"Hexaghost","floor":16,"turns":11}],"seed_played":"-4467286352984726680","potions_obtained":[{"floor":5,"key":"AttackPotion"},{"floor":5,"key":"Strength Potion"},{"floor":10,"key":"FearPotion"}],"is_trial":false,"path_per_floor":["M","?","?","?","?","R","M","$","T","E","M","R","$","M","R","B"],"character_chosen":"IRONCLAD","items_purchased":[],"campfire_rested":0,"item_purchase_floors":[],"current_hp_per_floor":[60,60,40,40,40,40,46,46,46,46,52,52,52,58,58,0],"gold":52,"neow_bonus":"THREE_CARDS","is_prod":false,"is_daily":false,"chose_seed":false,"campfire_upgraded":3,"win_rate":0,"timestamp":1556539236,"path_taken":["M","?","?","?","?","R","M","$","T","E","?","R","?","M","R","BOSS"],"build_version":"2019-01-23","purchased_purges":2,"victory":false,"max_hp_per_floor":[75,68,68,68,68,68,68,68,68,68,68,68,68,68,68,68],"card_choices":[{"not_picked":["Reckless Charge","Dual Wield"],"picked":"Clash","floor":0},{"not_picked":["Havoc","Intimidate"],"picked":"Body Slam","floor":1},{"not_picked":["Thunderclap","Havoc"],"picked":"Shrug It Off","floor":7},{"not_picked":["Clothesline","Sword Boomerang"],"picked":"Shrug It Off","floor":10},{"not_picked":["Flex","Headbutt","Pommel Strike"],"picked":"SKIP","floor":11},{"not_picked":["Bludgeon","Dropkick","Searing Blow"],"picked":"SKIP","floor":14}],"player_experience":721738,"relics_obtained":[{"floor":9,"key":"Red Skull"},{"floor":10,"key":"Bag of Preparation"}],"event_choices":[{"damage_healed":0,"gold_gain":0,"player_choice":"Lose Max HP","damage_taken":0,"relics_obtained":["Golden Idol"],"max_hp_gain":0,"max_hp_loss":7,"event_name":"Golden Idol","floor":2,"gold_loss":0},{"damage_healed":0,"gold_gain":0,"player_choice":"Entered Light","damage_taken":20,"max_hp_gain":0,"max_hp_loss":0,"event_name":"Shining Light","floor":3,"gold_loss":0,"cards_upgraded":["Defend_R","Clash"]},{"damage_healed":0,"gold_gain":0,"player_choice":"Grow","damage_taken":0,"max_hp_gain":0,"max_hp_loss":0,"event_name":"Living Wall","floor":4,"gold_loss":0,"cards_upgraded":["Body Slam"]},{"damage_healed":0,"gold_gain":0,"player_choice":"Got Potions","damage_taken":0,"max_hp_gain":0,"max_hp_loss":0,"event_name":"Lab","floor":5,"gold_loss":0}],"is_beta":false,"boss_relics":[],"items_purged_floors":[8,13],"is_endless":false,"potions_floor_spawned":[7,10],"killed_by":"Hexaghost","ascension_level":19}