{"path_per_floor":["M","?","?","?","?","E","?","E","T","R","M","?","$","E","R","B",null,"M","?","$","?","M"],"character_chosen":"IRONCLAD","items_purchased":["Apotheosis","Heavy Blade"],"gold_per_floor":[109,109,109,109,184,219,219,251,251,251,261,226,30,56,56,130,130,143,143,20,20,35,35],"floor_reached":23,"campfire_rested":0,"playtime":804,"current_hp_per_floor":[78,78,71,55,44,50,38,48,48,48,52,72,72,66,66,48,72,61,61,61,61,51,0],"items_purged":["Strike_R"],"gold":35,"score":417,"play_id":"51ada6ee-6346-4df0-840f-136efeebda11","local_time":"20180524171326","is_prod":false,"is_daily":false,"chose_seed":false,"is_ascension_mode":true,"campfire_upgraded":2,"timestamp":1527178406,"campfire_choices":[{"data":"Hemokinesis","floor":10,"key":"SMITH"},{"data":"Apotheosis","floor":15,"key":"SMITH"}],"path_taken":["M","?","?","?","?","E","?","E","T","R","?","?","$","E","R","BOSS","M","?","$","?","M","E"],"build_version":"2018-05-17","seed_source_timestamp":110413581887843,"purchased_purges":1,"victory":false,"master_deck":["Strike_R","Strike_R","Strike_R","Defend_R","Defend_R+1","Defend_R+1","Bash+1","AscendersBane","Shrug It Off","Seeing Red","Hemokinesis+1","Clash","Apotheosis+1","Burning Pact","Demon Form","Body Slam+1","Brutality","Heavy Blade","Dual Wield+1"],"max_hp_per_floor":[80,80,80,80,80,80,80,80,80,80,80,80,80,80,80,80,80,80,80,80,80,80,80],"relics":["Burning Blood","NeowsBlessing","Toolbox","Meat on the Bone","Bottled Flame","Self Forming Clay","Mummified Hand","Philosopher\u0027s Stone"],"card_choices":[{"not_picked":["Armaments","Havoc"],"picked":"Shrug It Off","floor":1},{"not_picked":["Thunderclap","Heavy Blade"],"picked":"Seeing Red","floor":6},{"not_picked":["Inflame","True Grit"],"picked":"Hemokinesis","floor":8},{"not_picked":["Heavy Blade","Sword Boomerang"],"picked":"Clash","floor":11},{"not_picked":["Twin Strike","Corruption"],"picked":"Burning Pact","floor":14},{"not_picked":["Exhume","Barricade"],"picked":"Demon Form","floor":16},{"not_picked":["Ghostly Armor","Dual Wield"],"picked":"Body Slam+1","floor":18},{"not_picked":["Twin Strike","Infernal Blade"],"picked":"Dual Wield+1","floor":22}],"player_experience":245095,"potions_floor_usage":[16,22],"damage_taken":[{"damage":0,"enemies":"Jaw Worm","floor":1,"turns":1},{"damage":0,"enemies":"Lagavulin","floor":6,"turns":1},{"damage":0,"enemies":"Gremlin Nob","floor":8,"turns":1},{"damage":2,"enemies":"Small Slimes","floor":11,"turns":2},{"damage":12,"enemies":"Lagavulin","floor":14,"turns":5},{"damage":24,"enemies":"Hexaghost","floor":16,"turns":8},{"damage":17,"enemies":"Shell Parasite","floor":18,"turns":4},{"damage":16,"enemies":"2 Thieves","floor":22,"turns":4},{"damage":61,"enemies":"Slavers","floor":23,"turns":3}],"relics_obtained":[{"floor":6,"key":"Toolbox"},{"floor":8,"key":"Bottled Flame"},{"floor":9,"key":"Self Forming Clay"},{"floor":14,"key":"Mummified Hand"}],"event_choices":[{"event_name":"Living Wall","player_choice":"Grow","floor":2,"damage_taken":0},{"event_name":"Golden Wing","player_choice":"Card Removal","floor":3,"damage_taken":0},{"event_name":"Shining Light","player_choice":"Entered Light","floor":4,"damage_taken":0},{"event_name":"World of Goop","player_choice":"Gather Gold","floor":5,"damage_taken":0},{"event_name":"Scrap Ooze","player_choice":"success","floor":7,"damage_taken":12},{"event_name":"The Cleric","player_choice":"Healed","floor":12,"damage_taken":0},{"event_name":"Match and Keep!","player_choice":"1 cards matched","floor":19,"damage_taken":0},{"event_name":"Bonfire Elementals","player_choice":"BASIC","floor":21,"damage_taken":0}],"boss_relics":[{"not_picked":["Pandora\u0027s Box","Calling Bell"],"picked":"Philosopher\u0027s Stone"}],"potions_floor_spawned":[6,16],"seed_played":"1305088841152031995","killed_by":"Slavers","ascension_level":13,"potions_obtained":[{"floor":6,"key":"EssenceOfSteel"},{"floor":16,"key":"Energy Potion"}],"is_trial":false}