{"gold_per_floor":[114,128,128,29,39,39,53,85,85,85,101,55,55,66,66,142,142,155,9,25,25,42,42,42,42,42,52,52,65,85,47,47,121,121,140,94,94,143,160,160,188,55,80,92,122,134,156,193,205,217],"floor_reached":51,"playtime":2107,"items_purged":[],"score":1329,"play_id":"33d7e6dc-87cc-4796-8285-996da43ef60f","local_time":"20190201173839","is_ascension_mode":true,"campfire_choices":[{"data":"Cloak And Dagger","floor":6,"key":"SMITH"},{"floor":15,"key":"REST"},{"data":"Cloak And Dagger","floor":23,"key":"SMITH"},{"data":"Cloak And Dagger","floor":25,"key":"SMITH"},{"data":"Footwork","floor":28,"key":"SMITH"},{"floor":32,"key":"REST"},{"data":"Cloak And Dagger","floor":40,"key":"SMITH"},{"data":"Adrenaline","floor":44,"key":"SMITH"},{"data":"Neutralize","floor":46,"key":"SMITH"},{"data":"Dodge and Roll","floor":49,"key":"SMITH"}],"neow_cost":"NONE","seed_source_timestamp":82930799451540,"circlet_count":0,"master_deck":["AscendersBane","Defend_G+1","Defend_G+1","Defend_G+1","Defend_G+1","Strike_G+1","Strike_G+1","Strike_G+1","Strike_G+1","Strike_G+1","Survivor","Neutralize+1","Dagger Spray","Backflip","Cloak And Dagger+1","Dodge and Roll+1","Cloak And Dagger+1","Footwork+1","Cloak And Dagger+1","Cloak And Dagger+1","Envenom+1","Quick Slash","Accuracy+1","Leg Sweep","Slice","Leg Sweep","PiercingWail+1","Accuracy+1","Adrenaline+1","Acrobatics+1","Cloak And Dagger+1","Footwork+1","Cloak And Dagger+1","Dodge and Roll+1","Cloak And Dagger+1"],"relics":["WristBlade","Mummified Hand","Frozen Egg 2","Busted Crown","Gremlin Horn","Eternal Feather","Incense Burner","Toxic Egg 2","MawBank","Lantern"],"potions_floor_usage":[8,14,16,50],"damage_taken":[{"damage":8,"enemies":"Small Slimes","floor":1,"turns":5},{"damage":5,"enemies":"Cultist","floor":2,"turns":4},{"damage":6,"enemies":"Jaw Worm","floor":5,"turns":4},{"damage":0,"enemies":"2 Fungi Beasts","floor":7,"turns":3},{"damage":27,"enemies":"Lagavulin","floor":8,"turns":8},{"damage":2,"enemies":"Exordium Wildlife","floor":11,"turns":5},{"damage":0,"enemies":"Exordium Thugs","floor":14,"turns":5},{"damage":0,"enemies":"Hexaghost","floor":16,"turns":8},{"damage":21,"enemies":"Chosen","floor":18,"turns":5},{"damage":2,"enemies":"Shell Parasite","floor":20,"turns":5},{"damage":0,"enemies":"Cultist and Chosen","floor":22,"turns":5},{"damage":0,"enemies":"Centurion and Healer","floor":27,"turns":4},{"damage":0,"enemies":"Chosen and Byrds","floor":29,"turns":6},{"damage":0,"enemies":"Cultist and Chosen","floor":30,"turns":5},{"damage":35,"enemies":"Collector","floor":33,"turns":11},{"damage":0,"enemies":"3 Shapes","floor":35,"turns":2},{"damage":0,"enemies":"2 Orb Walkers","floor":38,"turns":4},{"damage":0,"enemies":"Orb Walker","floor":39,"turns":4},{"damage":22,"enemies":"Nemesis","floor":41,"turns":7},{"damage":14,"enemies":"Transient","floor":45,"turns":5},{"damage":20,"enemies":"4 Shapes","floor":47,"turns":4},{"damage":40,"enemies":"Awakened One","floor":50,"turns":13}],"seed_played":"-4662360408710692791","potions_obtained":[{"floor":1,"key":"Block Potion"},{"floor":8,"key":"SkillPotion"},{"floor":22,"key":"Energy Potion"},{"floor":27,"key":"Ancient Potion"}],"is_trial":false,"path_per_floor":["M","M","?","$","M","R","M","E","T","?","M","$","?","M","R","B",null,"M","$","M","?","M","R","?","R","T","M","R","M","M","$","R","B",null,"M","$","?","?","M","R","E","$","T","R","M","R","M","T","R","B",null],"character_chosen":"THE_SILENT","items_purchased":["Cloak And Dagger","PowerPotion","Cloak And Dagger","Accuracy+1","Leg Sweep","Accuracy+1","Cloak And Dagger","Footwork+1","Cloak And Dagger+1","Dodge and Roll+1"],"campfire_rested":2,"item_purchase_floors":[4,4,12,19,19,31,36,42,42,42],"current_hp_per_floor":[51,46,46,46,40,40,40,13,13,13,11,11,11,11,30,30,57,36,36,34,34,34,34,34,34,34,34,34,34,34,34,53,18,54,54,54,54,54,54,66,44,44,44,62,48,66,46,46,66,26],"gold":229,"neow_bonus":"BOSS_RELIC","is_prod":false,"is_daily":false,"chose_seed":false,"campfire_upgraded":8,"win_rate":0,"timestamp":1549042719,"path_taken":["M","M","?","$","?","R","M","E","T","?","M","$","?","M","R","BOSS","M","$","M","?","M","R","?","R","T","M","R","M","M","?","R","BOSS","M","$","?","?","M","R","E","?","T","R","M","R","?","?","R","BOSS"],"build_version":"2019-01-23","purchased_purges":0,"victory":true,"max_hp_per_floor":[66,66,66,66,66,66,66,66,66,66,66,66,66,66,66,66,66,66,66,66,66,66,66,66,66,66,66,66,66,66,66,66,66,66,66,66,66,66,66,66,66,66,66,66,66,66,66,66,66,66],"card_choices":[{"not_picked":["Expertise","PiercingWail"],"picked":"Dagger Spray","floor":1},{"not_picked":["Heel Hook","Deflect"],"picked":"Backflip","floor":2},{"not_picked":["Quick Slash","Tactician"],"picked":"Dodge and Roll","floor":5},{"not_picked":["Burst","Quick Slash"],"picked":"Cloak And Dagger","floor":7},{"not_picked":["Acrobatics","Slice"],"picked":"Footwork","floor":8},{"not_picked":["Underhanded Strike","Flying Knee","Deadly Poison"],"picked":"SKIP","floor":11},{"not_picked":["Quick Slash","Deflect"],"picked":"Cloak And Dagger","floor":14},{"not_picked":["Malaise","Phantasmal Killer"],"picked":"Envenom+1","floor":16},{"not_picked":[],"picked":"Quick Slash","floor":18},{"not_picked":["Prepared"],"picked":"SKIP","floor":20},{"not_picked":[],"picked":"Slice","floor":22},{"not_picked":[],"picked":"Leg Sweep","floor":27},{"not_picked":["Tactician+1"],"picked":"SKIP","floor":29},{"not_picked":[],"picked":"PiercingWail+1","floor":30},{"not_picked":[],"picked":"Adrenaline","floor":33},{"not_picked":[],"picked":"Acrobatics+1","floor":35},{"not_picked":["Distraction+1"],"picked":"SKIP","floor":39},{"not_picked":["Distraction+1"],"picked":"SKIP","floor":39},{"not_picked":["Underhanded Strike"],"picked":"SKIP","floor":41},{"not_picked":[],"picked":"Cloak And Dagger+1","floor":45},{"not_picked":["All Out Attack"],"picked":"SKIP","floor":47}],"player_experience":503086,"relics_obtained":[{"floor":8,"key":"Mummified Hand"},{"floor":9,"key":"Frozen Egg 2"},{"floor":26,"key":"Gremlin Horn"},{"floor":38,"key":"Incense Burner"},{"floor":41,"key":"Toxic Egg 2"},{"floor":43,"key":"MawBank"},{"floor":48,"key":"Lantern"}],"event_choices":[{"cards_removed":["Defend_G"],"damage_healed":0,"gold_gain":0,"player_choice":"Purged","damage_taken":0,"max_hp_gain":0,"max_hp_loss":0,"event_name":"Purifier","floor":3,"gold_loss":0},{"damage_healed":0,"gold_gain":0,"player_choice":"Grow","damage_taken":0,"max_hp_gain":0,"max_hp_loss":0,"event_name":"Living Wall","floor":10,"gold_loss":0,"cards_upgraded":["Cloak And Dagger"]},{"damage_healed":0,"gold_gain":0,"player_choice":"Ignored","damage_taken":0,"max_hp_gain":0,"max_hp_loss":0,"event_name":"Golden Wing","floor":13,"gold_loss":0},{"damage_healed":0,"gold_gain":0,"player_choice":"Simplicity","damage_taken":0,"max_hp_gain":0,"max_hp_loss":0,"event_name":"Back to Basics","floor":21,"gold_loss":0,"cards_upgraded":["Defend_G","Defend_G","Defend_G","Defend_G","Strike_G","Strike_G","Strike_G","Strike_G","Strike_G"]},{"damage_healed":0,"gold_gain":0,"player_choice":"Ignored","damage_taken":0,"max_hp_gain":0,"max_hp_loss":0,"event_name":"Cursed Tome","floor":24,"gold_loss":0},{"damage_healed":0,"gold_gain":0,"player_choice":"Memory 1","damage_taken":0,"max_hp_gain":0,"max_hp_loss":0,"event_name":"SensoryStone","floor":37,"gold_loss":0},{"damage_healed":0,"gold_gain":0,"player_choice":"Fight","damage_taken":0,"max_hp_gain":0,"max_hp_loss":0,"event_name":"Mysterious Sphere","floor":38,"gold_loss":0}],"is_beta":false,"boss_relics":[{"not_picked":["Sozu","Black Star"],"picked":"Busted Crown"},{"not_picked":["White Beast Statue","Coffee Dripper"],"picked":"Eternal Feather"}],"items_purged_floors":[],"is_endless":false,"potions_floor_spawned":[1,5,8,22,27,30,33,35,38,45],"ascension_level":15}