{"path_per_floor":["M","$","?","M","?","R","E","M","T","R","?","M","M","$","R","B",null,"M","?","M","?","M"],"character_chosen":"THE_SILENT","items_purchased":["After Image"],"gold_per_floor":[99,23,23,23,23,23,23,23,23,23,23,23,0,0,0,0,0,0,0,0,0,0,0],"floor_reached":23,"campfire_rested":3,"playtime":1285,"current_hp_per_floor":[59,59,45,39,28,49,5,5,5,26,26,26,26,26,47,16,57,56,56,54,54,15,15],"items_purged":[],"gold":0,"score":258,"play_id":"b7748caa-c3ef-4576-a8b0-e561bdb7a9eb","local_time":"20180322163828","is_prod":false,"is_daily":false,"is_ascension_mode":true,"campfire_upgraded":0,"timestamp":1521758308,"path_taken":["M","$","?","M","?","R","E","M","T","R","?","?","M","?","R","BOSS","M","?","M","?","M","E"],"build_version":"2018-03-22","purchased_purges":0,"victory":false,"master_deck":["Defend_G","Defend_G","Defend_G+1","Defend_G","Defend_G","Strike_G","Strike_G","Strike_G","Strike_G","Strike_G","Survivor","Neutralize","After Image+1","Calculated Gamble","Distraction","Cloak And Dagger","Burst","Cloak And Dagger+1","Dagger Spray"],"max_hp_per_floor":[70,70,70,70,70,70,70,70,70,70,70,70,70,70,70,70,70,70,70,70,70,70,70],"relics":["Ectoplasm","Letter Opener","Anchor","Sozu"],"card_choices":[{"not_picked":["Backstab","Terror"],"picked":"Calculated Gamble","floor":7},{"not_picked":["Predator","Poisoned Stab"],"picked":"Distraction","floor":12},{"not_picked":["Bouncing Flask","Choke"],"picked":"Cloak And Dagger","floor":13},{"not_picked":["Envenom","Glass Knife"],"picked":"Burst","floor":16},{"not_picked":["Deflect","Quick Slash"],"picked":"Cloak And Dagger","floor":18},{"not_picked":["Underhanded Strike","Endless Agony"],"picked":"Dagger Spray","floor":20}],"player_experience":253530,"potions_floor_usage":[16,16],"damage_taken":[{"damage":4,"enemies":"Cultist","floor":1,"turns":5},{"damage":6,"enemies":"2 Louse","floor":4,"turns":3},{"damage":44,"enemies":"Gremlin Nob","floor":7,"turns":7},{"damage":0,"enemies":"Small Slimes","floor":8,"turns":5},{"damage":0,"enemies":"2 Fungi Beasts","floor":12,"turns":5},{"damage":0,"enemies":"Looter","floor":13,"turns":5},{"damage":31,"enemies":"The Guardian","floor":16,"turns":20},{"damage":1,"enemies":"Shell Parasite","floor":18,"turns":12},{"damage":2,"enemies":"3 Byrds","floor":20,"turns":5},{"damage":39,"enemies":"Snecko","floor":22,"turns":10},{"damage":0,"enemies":"Slavers","floor":23,"turns":1}],"event_choices":[{"event_name":"Shining Light","player_choice":"Entered Light","floor":3,"damage_taken":0},{"event_name":"World of Goop","player_choice":"Gather Gold","floor":5,"damage_taken":0},{"event_name":"The Cleric","player_choice":"Leave","floor":11,"damage_taken":0},{"event_name":"Upgrade Shrine","player_choice":"Upgraded","floor":19,"damage_taken":0},{"event_name":"Addict","player_choice":"Ignored","floor":21,"damage_taken":0}],"boss_relics":[{"not_picked":["Pandora\u0027s Box","Tiny House"],"picked":"Sozu"}],"potions_floor_spawned":[1,7,12,20],"seed_played":"7872485604980988436","killed_by":"Slavers","ascension_level":7,"is_trial":false}