{"gold_per_floor":[113,34,34,34,34,34,51,84,120,148,235,259,271,294,306,421,433,456,9,21,34,34],"floor_reached":22,"playtime":789,"items_purged":["Regret"],"score":327,"play_id":"bbd95322-3ad1-48ae-9b58-d1d9c3b0efe2","local_time":"20190115213441","is_ascension_mode":true,"campfire_choices":[{"data":"Spot Weakness","floor":6,"key":"SMITH"},{"data":"True Grit","floor":13,"key":"SMITH"},{"data":"Defend_R","floor":15,"key":"SMITH"}],"neow_cost":"NONE","seed_source_timestamp":1829596862684697,"circlet_count":0,"master_deck":["AscendersBane","Strike_R","Strike_R+1","Strike_R","Strike_R","Strike_R","Defend_R","Defend_R","Defend_R+1","Defend_R+1","Bash","Spot Weakness+1","Spot Weakness","True Grit+1","Armaments","PanicButton"],"relics":["Burning Blood","NeowsBlessing","Anchor","MawBank","Regal Pillow","Runic Cube","Membership Card","Girya"],"potions_floor_usage":[16,21],"damage_taken":[{"damage":0,"enemies":"2 Louse","floor":1,"turns":1},{"damage":0,"enemies":"Jaw Worm","floor":7,"turns":1},{"damage":2,"enemies":"3 Sentries","floor":8,"turns":2},{"damage":2,"enemies":"Small Slimes","floor":10,"turns":3},{"damage":1,"enemies":"Looter","floor":12,"turns":2},{"damage":19,"enemies":"Exordium Thugs","floor":14,"turns":5},{"damage":56,"enemies":"Slime Boss","floor":16,"turns":17},{"damage":15,"enemies":"Chosen","floor":18,"turns":5},{"damage":4,"enemies":"2 Thieves","floor":20,"turns":4},{"damage":49,"enemies":"Chosen and Byrds","floor":21,"turns":9},{"damage":12,"enemies":"Colosseum Slavers","floor":22,"turns":2}],"seed_played":"7883750747836181010","potions_obtained":[{"floor":1,"key":"Block Potion"},{"floor":7,"key":"Poison Potion"},{"floor":16,"key":"FearPotion"},{"floor":20,"key":"GamblersBrew"}],"is_trial":false,"path_per_floor":["M","$","?","?","$","R","M","E","T","M","?","M","R","M","R","B",null,"M","$","M","M","?"],"character_chosen":"IRONCLAD","items_purchased":["Spot Weakness","Membership Card","Armaments","Girya","PanicButton"],"campfire_rested":0,"item_purchase_floors":[2,19,19,19,19],"current_hp_per_floor":[78,78,78,62,62,62,68,72,72,76,65,70,70,57,57,7,62,53,53,55,12,0],"gold":34,"neow_bonus":"THREE_ENEMY_KILL","is_prod":false,"is_daily":false,"chose_seed":false,"campfire_upgraded":3,"win_rate":0,"timestamp":1547588081,"path_taken":["M","$","?","?","$","R","M","E","T","M","?","M","R","M","R","BOSS","M","$","M","M","?"],"build_version":"2019-01-10","purchased_purges":1,"victory":false,"max_hp_per_floor":[80,80,80,80,80,80,80,80,80,80,80,80,80,80,80,80,80,80,80,80,80,80],"card_choices":[{"not_picked":["Evolve","Flex","Fire Breathing"],"picked":"SKIP","floor":1},{"not_picked":["Seeing Red","Wild Strike","Warcry"],"picked":"SKIP","floor":7},{"not_picked":["Armaments","Combust"],"picked":"Spot Weakness","floor":8},{"not_picked":["Infernal Blade","Flex","Thunderclap"],"picked":"SKIP","floor":10},{"not_picked":["Hemokinesis","Burning Pact"],"picked":"True Grit","floor":12},{"not_picked":["Bloodletting","Rupture","Iron Wave"],"picked":"SKIP","floor":14},{"not_picked":["Infernal Blade","Twin Strike","Entrench"],"picked":"SKIP","floor":18},{"not_picked":["Havoc","Feel No Pain","Sword Boomerang+1"],"picked":"SKIP","floor":20},{"not_picked":["Clash","Sword Boomerang+1","Burning Pact"],"picked":"SKIP","floor":21}],"player_experience":344068,"relics_obtained":[{"floor":8,"key":"MawBank"},{"floor":9,"key":"Regal Pillow"}],"event_choices":[{"damage_healed":0,"gold_gain":0,"player_choice":"Box","damage_taken":0,"relics_obtained":["Anchor"],"max_hp_gain":0,"max_hp_loss":0,"event_name":"Big Fish","floor":3,"gold_loss":0,"cards_obtained":["Regret"]},{"damage_healed":0,"gold_gain":0,"player_choice":"Entered Light","damage_taken":16,"max_hp_gain":0,"max_hp_loss":0,"event_name":"Shining Light","floor":4,"gold_loss":0,"cards_upgraded":["Defend_R","Strike_R"]},{"damage_healed":0,"gold_gain":75,"player_choice":"Gather Gold","damage_taken":11,"max_hp_gain":0,"max_hp_loss":0,"event_name":"World of Goop","floor":11,"gold_loss":0},{"damage_healed":0,"gold_gain":0,"player_choice":"Fight","damage_taken":0,"max_hp_gain":0,"max_hp_loss":0,"event_name":"Colosseum","floor":22,"gold_loss":0}],"is_beta":false,"boss_relics":[{"not_picked":["White Beast Statue","Coffee Dripper"],"picked":"Runic Cube"}],"items_purged_floors":[19],"is_endless":false,"potions_floor_spawned":[1,7,16,20],"killed_by":"Colosseum Slavers","ascension_level":11}