{"gold_per_floor":[113,132,145,159,173,173,173,173,248,19,47,60,60,74,74,146,196,206,221,238,250,250,250,269,295,295,313,327,242,261,261,261,337,337,353,353,372,372,387,387,397,417,440,460,477,477,477,527,527,527],"floor_reached":51,"playtime":3154,"items_purged":[],"score":1110,"play_id":"a6849bea-eb90-4b57-816d-63fb24509bad","local_time":"20190121011209","is_ascension_mode":true,"campfire_choices":[{"floor":6,"key":"REST"},{"data":"White Noise","floor":13,"key":"SMITH"},{"data":"Self Repair","floor":15,"key":"SMITH"},{"floor":23,"key":"REST"},{"floor":32,"key":"REST"},{"floor":40,"key":"REST"},{"data":"Defragment","floor":47,"key":"SMITH"},{"floor":49,"key":"REST"}],"neow_cost":"NONE","seed_source_timestamp":2272287280265878,"circlet_count":0,"master_deck":["AscendersBane","Strike_B","Strike_B+1","Strike_B","Defend_B","Defend_B","Defend_B","Defend_B","Turbo+1","Steam Power+1","Hello World+1","Cold Snap","Stack","Self Repair+1","Conserve Battery","Cold Snap","Rebound","White Noise+1","Compile Driver","Conserve Battery","Meteor Strike","Conserve Battery","Gash","Sweeping Beam","Defragment+1","Compile Driver","Cold Snap+1","Gash","Beam Cell+1","Scrape","All For One","Compile Driver","Impatience","Compile Driver+1","Parasite","Steam+1","Reinforced Body","Glacier+1"],"relics":["Astrolabe","Mummified Hand","Dodecahedron","Regal Pillow","Sundial","Tiny House","Nilry\u0027s Codex","DataDisk","Darkstone Periapt","Vajra","MutagenicStrength","Philosopher\u0027s Stone","Boot","War Paint"],"potions_floor_usage":[4,11,16,19,27,27,27,27,33,42],"damage_taken":[{"damage":12,"enemies":"Cultist","floor":1,"turns":4},{"damage":5,"enemies":"Jaw Worm","floor":2,"turns":4},{"damage":7,"enemies":"2 Louse","floor":3,"turns":3},{"damage":16,"enemies":"Looter","floor":4,"turns":5},{"damage":10,"enemies":"3 Louse","floor":5,"turns":6},{"damage":14,"enemies":"Gremlin Nob","floor":11,"turns":6},{"damage":4,"enemies":"2 Fungi Beasts","floor":12,"turns":3},{"damage":7,"enemies":"Looter","floor":14,"turns":3},{"damage":17,"enemies":"Hexaghost","floor":16,"turns":10},{"damage":2,"enemies":"Shell Parasite","floor":18,"turns":4},{"damage":3,"enemies":"Chosen","floor":19,"turns":4},{"damage":11,"enemies":"Centurion and Healer","floor":20,"turns":6},{"damage":30,"enemies":"Snake Plant","floor":21,"turns":4},{"damage":48,"enemies":"Cultist and Chosen","floor":24,"turns":8},{"damage":8,"enemies":"Chosen and Byrds","floor":27,"turns":4},{"damage":27,"enemies":"Shelled Parasite and Fungi","floor":28,"turns":8},{"damage":0,"enemies":"Cultist and Chosen","floor":30,"turns":4},{"damage":35,"enemies":"Champ","floor":33,"turns":12},{"damage":4,"enemies":"Orb Walker","floor":35,"turns":3},{"damage":32,"enemies":"3 Darklings","floor":37,"turns":5},{"damage":41,"enemies":"Writhing Mass","floor":39,"turns":8},{"damage":17,"enemies":"Maw","floor":41,"turns":7},{"damage":17,"enemies":"4 Shapes","floor":42,"turns":8},{"damage":2,"enemies":"3 Darklings","floor":44,"turns":7},{"damage":7,"enemies":"Spire Growth","floor":45,"turns":4},{"damage":41,"enemies":"Awakened One","floor":50,"turns":23}],"seed_played":"-6230655621239512117","potions_obtained":[{"floor":1,"key":"Strength Potion"},{"floor":2,"key":"FearPotion"},{"floor":5,"key":"Weak Potion"},{"floor":11,"key":"Explosive Potion"},{"floor":17,"key":"EntropicBrew"},{"floor":19,"key":"Dexterity Potion"},{"floor":28,"key":"Energy Potion"},{"floor":30,"key":"FocusPotion"},{"floor":37,"key":"Explosive Potion"},{"floor":42,"key":"Block Potion"}],"is_trial":false,"path_per_floor":["M","M","M","M","M","R","?","T","T","$","E","M","R","M","R","B",null,"M","M","M","M","?","R","M","T","T","M","M","?","M","?","R","B",null,"M","?","M","?","M","R","M","M","T","M","M","?","R","T","R","B",null],"character_chosen":"DEFECT","items_purchased":["Regal Pillow","PowerPotion","Rebound"],"campfire_rested":5,"item_purchase_floors":[10,10,10],"current_hp_per_floor":[52,47,40,31,28,49,49,49,49,49,42,45,45,45,45,38,68,76,76,75,55,39,76,38,38,38,40,23,23,33,33,70,45,68,74,74,42,42,17,56,49,42,42,50,53,53,53,53,82,51],"gold":527,"neow_bonus":"BOSS_RELIC","is_prod":false,"is_daily":false,"chose_seed":false,"campfire_upgraded":3,"win_rate":0,"timestamp":1548033129,"path_taken":["M","M","?","M","M","R","?","?","T","$","E","M","R","?","R","BOSS","M","M","M","M","?","R","M","?","T","M","M","?","M","?","R","BOSS","M","?","M","?","M","R","M","M","T","M","M","?","R","?","R","BOSS"],"build_version":"2019-01-17v2","purchased_purges":0,"victory":true,"max_hp_per_floor":[71,71,71,71,71,71,71,71,71,71,71,71,71,71,71,71,76,76,76,76,76,76,76,76,76,76,76,76,76,76,76,76,76,76,76,76,76,76,82,82,82,82,82,82,82,82,82,82,82,82],"card_choices":[{"not_picked":["Aggregate","Stack"],"picked":"Cold Snap","floor":1},{"not_picked":["Hello World","Redo"],"picked":"Stack","floor":2},{"not_picked":["Hologram","Streamline"],"picked":"Self Repair","floor":3},{"not_picked":["Aggregate","Chill"],"picked":"Conserve Battery","floor":4},{"not_picked":["Gash","Leap"],"picked":"Cold Snap","floor":5},{"not_picked":["Force Field","Reprogram"],"picked":"White Noise","floor":11},{"not_picked":["Gash","Sweeping Beam"],"picked":"Compile Driver","floor":12},{"not_picked":["Thunder Strike","Rebound"],"picked":"Conserve Battery","floor":14},{"not_picked":["Core Surge","Rainbow"],"picked":"Meteor Strike","floor":16},{"not_picked":["Self Repair","Turbo"],"picked":"Conserve Battery","floor":17},{"not_picked":["Stack","Fusion"],"picked":"Gash","floor":18},{"not_picked":["Hello World","Barrage"],"picked":"Sweeping Beam","floor":19},{"not_picked":["Conserve Battery","Scrape"],"picked":"Defragment","floor":20},{"not_picked":["Sweeping Beam","Seek"],"picked":"Compile Driver","floor":21},{"not_picked":["Rebound","Conserve Battery"],"picked":"Cold Snap+1","floor":24},{"not_picked":["Redo","Compile Driver"],"picked":"Gash","floor":27},{"not_picked":["Rainbow","Steam"],"picked":"Beam Cell+1","floor":28},{"not_picked":["Consume","Genetic Algorithm"],"picked":"Scrape","floor":30},{"not_picked":["Hyperbeam","Machine Learning"],"picked":"All For One","floor":33},{"not_picked":["Turbo","Redo"],"picked":"Compile Driver","floor":35},{"not_picked":["Swift Strike","Panacea"],"picked":"Impatience","floor":36},{"not_picked":["Stack","Undo"],"picked":"Compile Driver+1","floor":37},{"not_picked":["Rebound+1","Doom and Gloom","Ball Lightning"],"picked":"SKIP","floor":39},{"not_picked":["Barrage","Go for the Eyes"],"picked":"Steam","floor":41},{"not_picked":["Ball Lightning","Rebound"],"picked":"Reinforced Body","floor":42},{"not_picked":["Streamline","White Noise","Reprogram"],"picked":"SKIP","floor":44},{"not_picked":["Steam","Conserve Battery"],"picked":"Glacier","floor":45}],"player_experience":440659,"relics_obtained":[{"floor":8,"key":"Mummified Hand"},{"floor":9,"key":"Dodecahedron"},{"floor":11,"key":"Sundial"},{"floor":22,"key":"Nilry\u0027s Codex"},{"floor":25,"key":"DataDisk"},{"floor":26,"key":"Darkstone Periapt"},{"floor":43,"key":"Boot"},{"floor":48,"key":"War Paint"}],"event_choices":[{"damage_healed":0,"gold_gain":0,"player_choice":"Ignored","damage_taken":0,"max_hp_gain":0,"max_hp_loss":0,"event_name":"Golden Wing","floor":7,"gold_loss":0},{"damage_healed":0,"gold_gain":0,"player_choice":"Obtained Book","damage_taken":16,"max_hp_gain":0,"max_hp_loss":0,"event_name":"Cursed Tome","floor":22,"gold_loss":0},{"damage_healed":0,"gold_gain":0,"player_choice":"Obtained Relic","damage_taken":0,"relics_obtained":["Vajra"],"max_hp_gain":0,"max_hp_loss":0,"event_name":"Addict","floor":29,"gold_loss":85},{"damage_healed":0,"gold_gain":0,"player_choice":"Inject Mutagens","damage_taken":0,"relics_obtained":["MutagenicStrength"],"max_hp_gain":0,"max_hp_loss":0,"event_name":"Drug Dealer","floor":31,"gold_loss":0},{"damage_healed":0,"gold_gain":0,"player_choice":"Memory 1","damage_taken":0,"max_hp_gain":0,"max_hp_loss":0,"event_name":"SensoryStone","floor":36,"gold_loss":0},{"damage_healed":0,"gold_gain":0,"player_choice":"Ignored","damage_taken":0,"max_hp_gain":0,"max_hp_loss":0,"event_name":"Tomb of Lord Red Mask","floor":38,"gold_loss":0},{"damage_healed":0,"gold_gain":0,"player_choice":"Ignored","damage_taken":0,"max_hp_gain":0,"max_hp_loss":0,"event_name":"Mysterious Sphere","floor":46,"gold_loss":0}],"is_beta":false,"boss_relics":[{"not_picked":["Black Star","Eternal Feather"],"picked":"Tiny House"},{"not_picked":["Velvet Choker","Runic Dome"],"picked":"Philosopher\u0027s Stone"}],"items_purged_floors":[],"is_endless":false,"potions_floor_spawned":[1,2,5,11,19,20,28,30,37,42,44],"ascension_level":14}