{"gold_per_floor":[118,128,143,143,161,195,195,223,305,305,338,358,358,372,372,372],"floor_reached":16,"playtime":1150,"items_purged":[],"score":134,"play_id":"005574c1-b1d4-4ee4-9de7-dbb9dfd2092b","local_time":"20180729130530","is_ascension_mode":true,"campfire_choices":[{"data":"Zap","floor":7,"key":"SMITH"},{"data":"Chaos","floor":10,"key":"SMITH"},{"floor":15,"key":"REST"}],"neow_cost":"","seed_source_timestamp":145836572263590,"circlet_count":0,"master_deck":["Strike_B","Strike_B","Strike_B","Defend_B","Defend_B","Defend_B","Defend_B","Zap+1","Dualcast","Ball Lightning","Darkness","Auto Shields","Chaos+1","Echo Form","Redo","Conserve Battery"],"relics":["Cracked Core","Torii","Odd Mushroom","Gremlin Horn","Potion Belt","NlothsMask"],"potions_floor_usage":[12],"damage_taken":[{"damage":2,"enemies":"Jaw Worm","floor":1,"turns":3},{"damage":7,"enemies":"Small Slimes","floor":2,"turns":2},{"damage":0,"enemies":"Cultist","floor":3,"turns":3},{"damage":0,"enemies":"2 Fungi Beasts","floor":5,"turns":4},{"damage":19,"enemies":"3 Sentries","floor":6,"turns":6},{"damage":14,"floor":8,"turns":4},{"damage":9,"enemies":"Gremlin Nob","floor":11,"turns":4},{"damage":1,"enemies":"Gremlin Gang","floor":12,"turns":3},{"damage":0,"enemies":"3 Louse","floor":14,"turns":2},{"damage":44,"enemies":"The Guardian","floor":16,"turns":8}],"seed_played":"7908645838051269889","potions_obtained":[{"floor":5,"key":"Fire Potion"},{"floor":6,"key":"FearPotion"},{"floor":11,"key":"Strength Potion"},{"floor":12,"key":"FearPotion"}],"is_trial":false,"path_per_floor":["M","M","M","?","M","E","R","?","T","R","E","M","?","M","R"],"character_chosen":"DEFECT","items_purchased":[],"campfire_rested":1,"item_purchase_floors":[],"current_hp_per_floor":[73,66,66,59,59,40,40,26,26,26,17,16,16,16,38,0],"gold":372,"neow_bonus":"","is_prod":false,"is_daily":false,"chose_seed":false,"campfire_upgraded":2,"win_rate":0,"timestamp":1532840730,"path_taken":["M","M","M","?","?","E","R","?","T","R","E","M","?","M","R","BOSS"],"build_version":"2018-07-26","purchased_purges":0,"victory":false,"max_hp_per_floor":[75,75,75,75,75,75,75,75,75,75,75,75,75,75,75,75],"card_choices":[{"not_picked":["Beam Cell","Doom and Gloom"],"picked":"Ball Lightning","floor":1},{"not_picked":["Turbo","Consume"],"picked":"Darkness","floor":2},{"not_picked":["Streamline","Steam"],"picked":"Auto Shields","floor":3},{"not_picked":["Go for the Eyes","Gash","Reprogram"],"picked":"SKIP","floor":5},{"not_picked":["Barrage","Reinforced Body"],"picked":"Chaos","floor":6},{"not_picked":["Streamline","Static Discharge"],"picked":"Echo Form","floor":11},{"not_picked":["Go for the Eyes","Loop"],"picked":"Redo","floor":12},{"not_picked":["Blizzard","Sweeping Beam"],"picked":"Conserve Battery","floor":14}],"player_experience":216428,"relics_obtained":[{"floor":6,"key":"Torii"},{"floor":8,"key":"Odd Mushroom"},{"floor":9,"key":"Gremlin Horn"},{"floor":11,"key":"Potion Belt"}],"event_choices":[{"event_name":"Golden Wing","player_choice":"Card Removal","floor":4,"damage_taken":0},{"event_name":"Mushrooms","player_choice":"Fought Mushrooms","floor":8,"damage_taken":0},{"event_name":"FaceTrader","player_choice":"Trade","floor":13,"damage_taken":0}],"is_beta":false,"boss_relics":[],"items_purged_floors":[],"is_endless":false,"potions_floor_spawned":[5,6,11,12],"killed_by":"The Guardian","ascension_level":4}