{"gold_per_floor":[119,119,39,39,55,55,86,104,104,137,137,137,154,173,173,247,247,257,182,182,397,415,415,440,440,517,517,542,556,582,36,36,110,110,128,78,78,97,113,113,144,144,171,0,11,21,33,44,44,44],"floor_reached":51,"playtime":2708,"items_purged":["Hyperbeam","Zap"],"score":1649,"play_id":"fe697b9f-aab9-4dfb-bdf3-3edc96b2315c","local_time":"20190427013819","is_ascension_mode":true,"campfire_choices":[{"data":"Defragment","floor":6,"key":"SMITH"},{"data":"Defragment","floor":12,"key":"SMITH"},{"data":"Hologram","floor":15,"key":"SMITH"},{"data":"Conserve Battery","floor":23,"key":"SMITH"},{"data":"Amplify","floor":25,"key":"SMITH"},{"data":"Defragment","floor":32,"key":"SMITH"},{"data":"Loop","floor":40,"key":"SMITH"},{"data":"Buffer","floor":42,"key":"SMITH"},{"floor":49,"key":"REST"}],"neow_cost":"NONE","seed_source_timestamp":3413517448090757,"circlet_count":0,"master_deck":["AscendersBane","Dualcast","Gash","Defragment+1","Defragment+1","Conserve Battery+1","Defragment+1","Hologram+1","Sweeping Beam","BootSequence","Cold Snap","Amplify+1","Coolheaded","Chill","Rebound+1","FTL","Heatsinks","Redo","Darkness","Self Repair","Compile Driver+1","Coolheaded","Cold Snap","Hologram+1","Defragment+1","Buffer+1","Redo+1","Loop+1","Force Field"],"relics":["FrozenCore","NeowsBlessing","Torii","Bottled Lightning","Ornamental Fan","Pandora\u0027s Box","Old Coin","Meat on the Bone","Mercury Hourglass","Smiling Mask","Ancient Tea Set","Potion Belt","Cauldron","Sundial","Whetstone","Red Mask"],"potions_floor_usage":[16,16,24,28,29,31,33,33,50,50,50,50,50,50,50],"damage_taken":[{"damage":0,"enemies":"Small Slimes","floor":1,"turns":1},{"damage":0,"enemies":"Cultist","floor":5,"turns":1},{"damage":0,"enemies":"3 Sentries","floor":7,"turns":1},{"damage":0,"enemies":"Jaw Worm","floor":8,"turns":3},{"damage":28,"enemies":"Lagavulin","floor":10,"turns":6},{"damage":7,"enemies":"3 Louse","floor":13,"turns":4},{"damage":0,"enemies":"2 Fungi Beasts","floor":14,"turns":3},{"damage":17,"enemies":"The Guardian","floor":16,"turns":8},{"damage":0,"enemies":"3 Byrds","floor":18,"turns":6},{"damage":1,"enemies":"Shell Parasite","floor":22,"turns":6},{"damage":7,"enemies":"Book of Stabbing","floor":24,"turns":7},{"damage":36,"enemies":"Gremlin Leader","floor":28,"turns":12},{"damage":1,"enemies":"Chosen and Byrds","floor":29,"turns":6},{"damage":10,"enemies":"Book of Stabbing","floor":30,"turns":7},{"damage":1,"enemies":"Collector","floor":33,"turns":8},{"damage":2,"enemies":"3 Shapes","floor":35,"turns":6},{"damage":0,"enemies":"Orb Walker","floor":38,"turns":7},{"damage":8,"enemies":"Spire Growth","floor":39,"turns":10},{"damage":0,"enemies":"Giant Head","floor":41,"turns":15},{"damage":0,"enemies":"4 Shapes","floor":45,"turns":7},{"damage":0,"enemies":"Writhing Mass","floor":46,"turns":12},{"damage":0,"enemies":"Sphere and 2 Shapes","floor":47,"turns":11},{"damage":33,"enemies":"Transient","floor":48,"turns":6},{"damage":0,"enemies":"Time Eater","floor":50,"turns":33}],"seed_played":"-1071066286187852331","potions_obtained":[{"floor":1,"key":"Poison Potion"},{"floor":5,"key":"Strength Potion"},{"floor":7,"key":"SkillPotion"},{"floor":13,"key":"SkillPotion"},{"floor":16,"key":"LiquidBronze"},{"floor":18,"key":"Dexterity Potion"},{"floor":28,"key":"LiquidBronze"},{"floor":31,"key":"Fruit Juice"},{"floor":31,"key":"Regen Potion"},{"floor":31,"key":"Energy Potion"},{"floor":31,"key":"SkillPotion"},{"floor":31,"key":"EntropicBrew"},{"floor":33,"key":"Poison Potion"},{"floor":35,"key":"EssenceOfSteel"},{"floor":47,"key":"PowerPotion"}],"is_trial":false,"path_per_floor":["M","?","$","$","M","R","E","M","T","E","?","R","M","M","R","B",null,"M","$","?","?","M","R","E","R","T","?","E","M","E","$","R","B",null,"M","$","?","M","M","R","E","R","T","?","M","M","M","M","R","B",null],"character_chosen":"DEFECT","items_purchased":["Defragment","Defragment","Potion Belt","Cauldron","FocusPotion"],"campfire_rested":1,"item_purchase_floors":[3,31,31,31,31],"current_hp_per_floor":[64,64,64,64,64,64,64,64,64,36,36,36,29,29,29,12,56,56,56,56,56,62,62,62,62,62,62,52,58,48,53,53,59,72,76,76,65,72,76,76,76,76,76,76,76,76,76,50,72,76],"gold":44,"neow_bonus":"THREE_ENEMY_KILL","is_prod":false,"is_daily":false,"chose_seed":false,"campfire_upgraded":8,"win_rate":0,"timestamp":1556325499,"path_taken":["M","?","?","$","M","R","E","M","T","E","?","R","M","M","R","BOSS","M","?","?","?","M","R","E","R","T","?","E","?","E","$","R","BOSS","M","$","?","?","M","R","E","R","T","?","M","M","M","M","R","BOSS"],"build_version":"2019-01-23","purchased_purges":2,"victory":true,"max_hp_per_floor":[71,71,71,71,71,71,71,71,71,71,71,71,71,71,71,71,71,71,71,71,71,71,71,71,71,71,71,71,71,71,76,76,76,76,76,76,76,76,76,76,76,76,76,76,76,76,76,76,76,76],"card_choices":[{"not_picked":["Barrage","Consume"],"picked":"Gash","floor":1},{"not_picked":["Aggregate","Sweeping Beam"],"picked":"Conserve Battery","floor":5},{"not_picked":["Consume","Gash"],"picked":"Defragment","floor":7},{"not_picked":["Streamline","Rebound"],"picked":"Hologram","floor":8},{"not_picked":["Melter","Static Discharge"],"picked":"Sweeping Beam","floor":10},{"not_picked":["Steam","Gash"],"picked":"BootSequence","floor":13},{"not_picked":["All For One","Go for the Eyes"],"picked":"Cold Snap","floor":14},{"not_picked":["Meteor Strike","All For One"],"picked":"Amplify","floor":16},{"not_picked":["Redo","Steam","Skim"],"picked":"SKIP","floor":18},{"not_picked":["Steam","Chaos"],"picked":"Compile Driver","floor":22},{"not_picked":["All For One","Hologram"],"picked":"Coolheaded","floor":24},{"not_picked":["Compile Driver","Conserve Battery+1"],"picked":"Cold Snap","floor":28},{"not_picked":["Steam","Auto Shields+1"],"picked":"Hologram+1","floor":29},{"not_picked":["Streamline","Recycle","Amplify"],"picked":"SKIP","floor":30},{"not_picked":["Reboot","Meteor Strike"],"picked":"Buffer","floor":33},{"not_picked":["Sweeping Beam","Barrage"],"picked":"Redo+1","floor":35},{"not_picked":["Beam Cell","Self Repair"],"picked":"Loop","floor":38},{"not_picked":["Reprogram","Steam","Compile Driver"],"picked":"SKIP","floor":39},{"not_picked":["Machine Learning","White Noise","Steam+1"],"picked":"SKIP","floor":41},{"not_picked":["Sweeping Beam","Scrape"],"picked":"Force Field","floor":45},{"not_picked":["Genetic Algorithm","Stack","Beam Cell"],"picked":"SKIP","floor":46},{"not_picked":["Redo+1","Sweeping Beam","Beam Cell"],"picked":"SKIP","floor":47},{"not_picked":["Auto Shields","Streamline+1","Glacier"],"picked":"SKIP","floor":48}],"player_experience":682892,"relics_obtained":[{"floor":7,"key":"Torii"},{"floor":9,"key":"Bottled Lightning"},{"floor":10,"key":"Ornamental Fan"},{"floor":24,"key":"Meat on the Bone"},{"floor":26,"key":"Mercury Hourglass"},{"floor":28,"key":"Smiling Mask"},{"floor":30,"key":"Ancient Tea Set"},{"floor":41,"key":"Sundial"},{"floor":43,"key":"Whetstone"}],"event_choices":[{"damage_healed":0,"gold_gain":0,"player_choice":"2 cards matched","damage_taken":0,"max_hp_gain":0,"max_hp_loss":0,"event_name":"Match and Keep!","floor":2,"gold_loss":0,"cards_obtained":["Zap","Defragment"]},{"damage_healed":0,"gold_gain":0,"player_choice":"Upgraded","damage_taken":0,"max_hp_gain":0,"max_hp_loss":0,"event_name":"Upgrade Shrine","floor":11,"gold_loss":0,"cards_upgraded":["Defragment"]},{"damage_healed":0,"gold_gain":0,"cards_transformed":["Zap","Consume"],"player_choice":"Became Test Subject","damage_taken":0,"max_hp_gain":0,"max_hp_loss":0,"event_name":"Drug Dealer","floor":20,"gold_loss":0,"cards_obtained":["Darkness","Self Repair"]},{"damage_healed":0,"gold_gain":0,"player_choice":"Obtained Relic","damage_taken":0,"relics_obtained":["Old Coin"],"max_hp_gain":0,"max_hp_loss":0,"event_name":"Addict","floor":21,"gold_loss":85},{"damage_healed":0,"gold_gain":0,"player_choice":"Ignored","damage_taken":0,"max_hp_gain":0,"max_hp_loss":0,"event_name":"The Mausoleum","floor":27,"gold_loss":0},{"damage_healed":0,"gold_gain":0,"player_choice":"Damaged","damage_taken":11,"max_hp_gain":0,"max_hp_loss":0,"event_name":"Wheel of Change","floor":37,"gold_loss":0},{"damage_healed":0,"gold_gain":0,"player_choice":"Paid","damage_taken":0,"relics_obtained":["Red Mask"],"max_hp_gain":0,"max_hp_loss":0,"event_name":"Tomb of Lord Red Mask","floor":44,"gold_loss":171}],"is_beta":false,"boss_relics":[{"not_picked":["Runic Pyramid","Ectoplasm"],"picked":"Pandora\u0027s Box"},{"not_picked":["Busted Crown","Cursed Key"],"picked":"FrozenCore"}],"items_purged_floors":[19,36],"is_endless":false,"potions_floor_spawned":[1,5,7,13,16,18,28,33,35,39,41,47,48],"ascension_level":19}