{"path_per_floor":["M","?","$","?","M","R","E","R","T","M","M","$","M","M","R","B",null,"M","$","?","?","M","R","M","R","T","R","$","M","M","$","R","B",null,"M","$","?","M","$","R","E","R","T","?","M","R","M","?","R","B"],"character_chosen":"THE_SILENT","items_purchased":["Apotheosis","Noxious Fumes","Lantern","Blur","Footwork","Backstab","Quick Slash"],"gold_per_floor":[110,185,4,4,23,23,51,51,51,67,85,50,62,82,82,180,180,192,38,38,38,58,58,71,71,71,71,71,89,103,103,103,204,204,214,105,105,115,30,30,60,60,60,111,124,124,141,0,0,0],"floor_reached":51,"campfire_rested":9,"playtime":3263,"current_hp_per_floor":[68,57,57,70,59,59,35,56,56,53,52,52,41,37,58,54,66,50,50,50,37,21,43,38,60,60,60,60,37,24,24,46,10,59,52,52,52,39,39,61,17,39,53,31,22,48,46,46,72,30],"items_purged":[],"gold":0,"score":644,"play_id":"29dc3719-7d7f-469d-bf6c-5b0d04ae851c","is_prod":false,"is_daily":false,"is_ascension_mode":true,"campfire_upgraded":2,"path_taken":["M","?","$","?","M","R","E","R","T","?","M","$","M","M","R","BOSS","M","$","?","?","M","R","M","R","T","R","$","M","M","$","R","BOSS","M","$","?","M","$","R","E","R","T","?","M","R","M","?","R","BOSS"],"build_version":"2018-02-23-BETA1","purchased_purges":0,"victory":true,"master_deck":["Defend_G+1","Defend_G+1","Defend_G+1","Defend_G+1","Defend_G+1","Strike_G+1","Strike_G+1","Strike_G+1","Strike_G+1","Survivor","Neutralize","Deadly Poison","Apotheosis+1","Sucker Punch","After Image+1","Poisoned Stab","Noxious Fumes+1","Venomology","Terror","Bullet Time+1","Concentrate","Blur","Bane","Expertise","Blur","Footwork+1","Malaise","Backstab","Quick Slash","Skewer+1","PiercingWail","PiercingWail+1","Prepared+1"],"max_hp_per_floor":[70,70,70,70,70,70,70,70,70,70,70,70,70,70,70,70,70,70,70,70,75,75,75,75,75,75,75,75,75,75,75,75,75,75,75,75,75,75,75,75,75,75,89,89,89,89,89,89,89,89],"relics":["The Specimen","Frozen Egg 2","Ice Cream","Orrery","Lantern","Tough Bandages","Sozu","Molten Egg 2","Mango","Dead Branch","Red Mask"],"card_choices":[{"not_picked":["Backflip","Slice"],"picked":"Deadly Poison"},{"not_picked":["Endless Agony","Outmaneuver"],"picked":"Sucker Punch"},{"not_picked":["Calculated Gamble","Quick Slash"],"picked":"After Image"},{"not_picked":["Deflect","Dodge and Roll"],"picked":"Poisoned Stab"},{"not_picked":["Caltrops","Dodge and Roll"],"picked":"Venomology"},{"not_picked":["Acrobatics","Slice"],"picked":"Terror"},{"not_picked":["Tools of the Trade","Die Die Die"],"picked":"Bullet Time"},{"not_picked":["Blur","Dodge and Roll"],"picked":"Concentrate"},{"not_picked":["All Out Attack","Prepared"],"picked":"Blur"},{"not_picked":["Finisher","PiercingWail"],"picked":"Bane"},{"not_picked":["Infinite Blades","Deflect"],"picked":"Expertise"},{"not_picked":["Bane","Accuracy"],"picked":"Malaise"},{"not_picked":["Die Die Die","Leg Sweep"],"picked":"Skewer"},{"not_picked":["Bane","Riddle With Holes"],"picked":"PiercingWail"},{"not_picked":["Poisoned Stab","Dagger Spray"],"picked":"PiercingWail"},{"not_picked":["Flying Knee","Endless Agony"],"picked":"Prepared"}],"player_experience":184353,"potions_floor_usage":[41,50],"damage_taken":[{"damage":2.0,"enemies":"Small Slimes","floor":1.0,"turns":5.0},{"damage":11.0,"enemies":"Jaw Worm","floor":5.0,"turns":5.0},{"damage":24.0,"enemies":"3 Sentries","floor":7.0,"turns":10.0},{"damage":3.0,"enemies":"2 Louse","floor":10.0,"turns":3.0},{"damage":1.0,"enemies":"Blue Slaver","floor":11.0,"turns":4.0},{"damage":11.0,"enemies":"Exordium Thugs","floor":13.0,"turns":6.0},{"damage":4.0,"enemies":"Red Slaver","floor":14.0,"turns":3.0},{"damage":4.0,"enemies":"The Guardian","floor":16.0,"turns":9.0},{"damage":16.0,"enemies":"3 Byrds","floor":18.0,"turns":6.0},{"damage":16.0,"enemies":"Spheric Guardian","floor":22.0,"turns":6.0},{"damage":5.0,"enemies":"Snecko","floor":24.0,"turns":5.0},{"damage":23.0,"enemies":"Snake Plant","floor":29.0,"turns":5.0},{"damage":13.0,"enemies":"Centurion and Healer","floor":30.0,"turns":6.0},{"damage":48.0,"enemies":"Collector","floor":33.0,"turns":10.0},{"damage":7,"enemies":"3 Shapes","floor":35,"turns":5},{"damage":13,"enemies":"Orb Walker","floor":38,"turns":5},{"damage":44,"enemies":"2 Orb Walkers","floor":41,"turns":9},{"damage":22,"enemies":"Mysterious Sphere","floor":44,"turns":6},{"damage":9,"enemies":"4 Shapes","floor":45,"turns":7},{"damage":2,"enemies":"Maw","floor":47,"turns":8},{"damage":42,"enemies":"Time Eater","floor":50,"turns":15}],"event_choices":[{"event_name":"World of Goop","player_choice":"Gather Gold","floor":2.0,"damage_taken":0.0},{"event_name":"Big Fish","player_choice":"Banana","floor":4.0,"damage_taken":0.0},{"event_name":"Back to Basics","player_choice":"Simplicity","floor":20.0,"damage_taken":0.0},{"event_name":"Forgotten Altar","player_choice":"Shed Blood","floor":21.0,"damage_taken":0.0},{"event_name":"Mysterious Sphere","player_choice":"Fight","floor":44,"damage_taken":0},{"event_name":"Tomb of Lord Red Mask","player_choice":"Paid","floor":48,"damage_taken":0}],"boss_relics":[{"not_picked":["Velvet Choker","Runic Dome"],"picked":"Sozu"}],"potions_floor_spawned":[11,13,14,29,30,33,41,44],"seed_played":"-1646654707939440531","ascension_level":5,"is_trial":false}