{"path_per_floor":["M","?","?","?","M","E","T","R","T","?","M","R","E","M","R","B",null,"M","$","?","M","M","R","E","R","T","R","M","$","?","$","R","B",null,"M","M","M","M","$","R","E","R","T","R","$","M","M","M","R","B"],"character_chosen":"THE_SILENT","items_purchased":["Vajra","Dagger Spray","Energy Potion","Strength Potion"],"gold_per_floor":[109,109,109,109,125,154,154,154,154,104,120,120,146,157,157,259,259,274,199,199,211,228,228,258,258,306,306,322,20,20,20,20,117,117,133,150,168,178,79,79,107,107,132,132,7,22,32,50,50,50],"floor_reached":51,"campfire_rested":4,"playtime":3699,"current_hp_per_floor":[61,61,49,49,49,49,63,63,63,63,63,63,49,51,51,47,77,77,77,77,70,60,60,48,48,48,48,45,45,45,45,68,54,77,66,65,42,44,44,67,43,43,43,66,66,56,50,34,57,38],"items_purged":["Strike_G","Strike_G","Strike_G"],"gold":50,"play_id":"66aad3c0-f74a-4672-b40c-12321f99013b","is_prod":false,"is_daily":false,"campfire_rituals":0,"campfire_upgraded":4,"is_hardmode":false,"path_taken":["M","?","?","?","M","E","?","R","T","?","?","R","E","M","R","BOSS","M","$","?","M","M","R","E","R","T","R","?","$","?","?","R","BOSS","M","M","M","M","$","R","E","R","T","R","$","M","M","M","R","BOSS"],"build_version":"2018-01-11-PROD2","purchased_purges":3,"victory":true,"master_deck":["Defend_G","Defend_G","Defend_G","Defend_G","Strike_G","Survivor","Neutralize","Noxious Fumes","Bouncing Flask","Bane","Well Laid Plans","Corpse Explosion","Escape Plan","Envenom","Escape Plan","Dagger Spray","Dash","Prepared","Poisoned Stab","Deadly Poison","Calculated Gamble","Poisoned Stab"],"max_hp_per_floor":[63,63,63,63,63,63,77,77,77,77,77,77,77,77,77,77,77,77,77,77,77,77,77,77,77,77,77,77,77,77,77,77,77,77,77,77,77,77,77,77,77,77,77,77,77,77,77,77,77,77],"relics":["Ring of the Snake","Girya","Shuriken","Mango","Thread and Needle","Blood Vial","Lizard Tail","Pen Nib","Happy Flower","Vajra","Orrery","Paper Crane","Art of War"],"campfire_meditates":0,"card_choices":[{"not_picked":["Outmaneuver","Slice"],"picked":"Noxious Fumes"},{"not_picked":["Deflect","Caltrops"],"picked":"Bouncing Flask"},{"not_picked":["Dodge and Roll","All Out Attack"],"picked":"Bane"},{"not_picked":["Outmaneuver","Deadly Poison"],"picked":"Well Laid Plans"},{"not_picked":["Storm of Steel","Adrenaline"],"picked":"Corpse Explosion"},{"not_picked":["Deadly Poison","Footwork"],"picked":"Envenom"},{"not_picked":["Predator","Flying Knee"],"picked":"Escape Plan"},{"not_picked":["Footwork","Leg Sweep"],"picked":"Dash"},{"not_picked":["Accuracy","Sucker Punch"],"picked":"Prepared"},{"not_picked":["Slice","Dagger Throw"],"picked":"Poisoned Stab"},{"not_picked":["Slice","Endless Agony"],"picked":"Deadly Poison"},{"not_picked":["Wraith Form","Flechettes"],"picked":"Calculated Gamble"},{"not_picked":["Quick Slash","Venomology"],"picked":"Poisoned Stab"}],"player_experience":240785,"potions_floor_usage":[6,22,24,24,37,38,41,46,48,50,50],"damage_taken":[{"damage":2,"enemies":"Blue Slaver","floor":1,"turns":7},{"damage":0,"enemies":"Jaw Worm","floor":5,"turns":4},{"damage":0,"enemies":"Lagavulin","floor":6,"turns":5},{"damage":0,"enemies":"Cultist","floor":11,"turns":3},{"damage":14,"enemies":"Gremlin Nob","floor":13,"turns":4},{"damage":0,"enemies":"Large Slime","floor":14,"turns":3},{"damage":6,"enemies":"The Guardian","floor":16,"turns":7},{"damage":0,"enemies":"Spheric Guardian","floor":18,"turns":4},{"damage":7,"enemies":"3 Byrds","floor":21,"turns":5},{"damage":12,"enemies":"Centurion and Healer","floor":22,"turns":4},{"damage":14,"enemies":"Book of Stabbing","floor":24,"turns":5},{"damage":5,"enemies":"Snecko","floor":28,"turns":3},{"damage":16,"enemies":"Champ","floor":33,"turns":7},{"damage":11,"enemies":"3 Darklings","floor":35,"turns":5},{"damage":3,"enemies":"3 Shapes","floor":36,"turns":4},{"damage":25,"enemies":"Sphere and 2 Shapes","floor":37,"turns":6},{"damage":0,"enemies":"3 Darklings","floor":38,"turns":3},{"damage":26,"enemies":"2 Orb Walkers","floor":41,"turns":3},{"damage":12,"enemies":"4 Shapes","floor":46,"turns":5},{"damage":8,"enemies":"Sphere and 2 Shapes","floor":47,"turns":5},{"damage":18,"enemies":"Maw","floor":48,"turns":5},{"damage":36,"enemies":"Awakened One","floor":50,"turns":12}],"event_choices":[{"event_name":"Upgrade Shrine","player_choice":"Upgraded","floor":2,"damage_taken":0},{"event_name":"Shining Light","player_choice":"Entered Light","floor":3,"damage_taken":0},{"event_name":"Living Wall","player_choice":"Forget","floor":4,"damage_taken":0},{"event_name":"The Cleric","player_choice":"Card Removal","floor":10,"damage_taken":0},{"event_name":"The Library","player_choice":"Read","floor":20,"damage_taken":0},{"event_name":"Beggar","player_choice":"Ignored","floor":30,"damage_taken":0}],"boss_relics":[{"not_picked":["Philosopher\u0027s Stone","Ectoplasm"],"picked":"Lizard Tail"},{"not_picked":["Runic Pyramid","Eternal Feather"],"picked":"Orrery"}],"potions_floor_spawned":[1,13,14,21,22,28,37,46,47,48],"seed_played":"1469590441632486520","is_trial":false}