{"gold_per_floor":[110,129,149,168,181,210,210,242,242,242,253,253,283,29,29,128,128,148,163,181,157,157,187,205,230,255,255,328,51,83,96,96,195,195,206,224,120,139,139],"floor_reached":39,"playtime":1657,"items_purged":[],"score":635,"play_id":"f9013f92-1d0c-49c4-a491-b070de609ae3","local_time":"20180701201408","is_ascension_mode":true,"campfire_choices":[{"data":"Uppercut","floor":7.0,"key":"SMITH"},{"data":"Immolate","floor":12.0,"key":"SMITH"},{"floor":15.0,"key":"REST"},{"data":"Feed","floor":27.0,"key":"SMITH"},{"data":"Apotheosis","floor":32.0,"key":"SMITH"}],"neow_cost":"","seed_source_timestamp":0,"circlet_count":0,"master_deck":["Defend_R","Defend_R","Defend_R+1","Defend_R+1","Bash","Juggernaut","Thunderclap","Headbutt","Uppercut+1","Spot Weakness","Rampage","Shrug It Off","Immolate+1","Shrug It Off","Feed+1","Enlightenment","Impervious","Carnage","Pommel Strike","Bite","Bite","Bite","Bite","Bite","Pommel Strike","Apotheosis+1","Pummel","Infernal Blade","Headbutt","Pommel Strike","Corruption","Flex"],"special_seed":0,"relics":["Burning Blood","Letter Opener","Champion Belt","War Paint","CultistMask","Potion Belt","Busted Crown","Kunai","Pear","Juzu Bracelet","Dodecahedron","Dead Branch","White Beast Statue"],"potions_floor_usage":[39],"damage_taken":[{"damage":6.0,"enemies":"Cultist","floor":1.0,"turns":5.0},{"damage":7.0,"enemies":"2 Louse","floor":2.0,"turns":2.0},{"damage":0.0,"enemies":"Small Slimes","floor":3.0,"turns":2.0},{"damage":14.0,"enemies":"Blue Slaver","floor":4.0,"turns":4.0},{"damage":4.0,"enemies":"Exordium Thugs","floor":5.0,"turns":3.0},{"damage":28.0,"enemies":"Lagavulin","floor":6.0,"turns":5.0},{"damage":16.0,"enemies":"3 Sentries","floor":8.0,"turns":6.0},{"damage":1.0,"enemies":"Looter","floor":11.0,"turns":3.0},{"damage":24.0,"enemies":"Gremlin Nob","floor":13.0,"turns":4.0},{"damage":31.0,"enemies":"The Guardian","floor":16.0,"turns":10.0},{"damage":11.0,"enemies":"Spheric Guardian","floor":18.0,"turns":3.0},{"damage":2.0,"enemies":"Shell Parasite","floor":19.0,"turns":3.0},{"damage":18.0,"enemies":"Snake Plant","floor":20.0,"turns":3.0},{"damage":29.0,"enemies":"Slavers","floor":23.0,"turns":4.0},{"damage":6.0,"enemies":"Chosen and Byrds","floor":24.0,"turns":5.0},{"damage":32.0,"enemies":"Book of Stabbing","floor":25.0,"turns":6.0},{"damage":0.0,"enemies":"Gremlin Leader","floor":30.0,"turns":7.0},{"damage":21.0,"enemies":"Cultist and Chosen","floor":31.0,"turns":4.0},{"damage":62.0,"enemies":"Automaton","floor":33.0,"turns":8.0},{"damage":50.0,"enemies":"3 Darklings","floor":35.0,"turns":6.0},{"damage":13.0,"enemies":"3 Shapes","floor":36.0,"turns":2.0},{"damage":45.0,"enemies":"Maw","floor":38.0,"turns":8.0},{"damage":13,"enemies":"Flame Bruiser 2 Orb","floor":39,"turns":2}],"seed_played":"8465555030177555095","potions_obtained":[{"floor":2.0,"key":"EssenceOfSteel"},{"floor":11.0,"key":"BloodPotion"},{"floor":13.0,"key":"Poison Potion"},{"floor":16.0,"key":"Ancient Potion"},{"floor":19.0,"key":"SkillPotion"},{"floor":24.0,"key":"BloodPotion"},{"floor":25.0,"key":"GamblersBrew"},{"floor":33.0,"key":"Explosive Potion"},{"floor":35.0,"key":"BloodPotion"},{"floor":36.0,"key":"AttackPotion"},{"floor":38.0,"key":"Explosive Potion"}],"is_trial":false,"path_per_floor":["M","M","M","M","M","E","R","E","T","?","M","R","E","$","R","B",null,"M","M","M","$","?","E","M","E","T","R","T","$","E","M","R","B",null,"M","M","$","M"],"character_chosen":"IRONCLAD","items_purchased":["Feed","Enlightenment","Pommel Strike","Apotheosis","Pummel","Corruption","Flex"],"campfire_rested":1,"item_purchase_floors":[],"current_hp_per_floor":[80,79,80,72,74,52,52,42,42,42,47,47,37,37,61,36,69,64,68,56,56,56,41,51,41,41,41,41,41,65,57,57,29,62,25,32,32,11,0],"gold":139,"neow_bonus":"","is_prod":false,"is_daily":false,"chose_seed":false,"campfire_upgraded":4,"win_rate":0,"timestamp":1530497648,"path_taken":["M","M","M","M","M","E","R","E","T","?","M","R","E","$","R","BOSS","M","M","M","?","?","E","M","E","T","R","?","?","E","M","R","BOSS","M","M","$","M","M"],"build_version":"2018-06-29","purchased_purges":0,"victory":false,"max_hp_per_floor":[80,80,80,80,80,80,80,80,80,80,80,80,80,80,80,80,80,80,80,80,80,56,56,56,66,66,66,66,66,66,69,69,73,73,73,77,77,77,77],"card_choices":[{"not_picked":["Armaments","Wild Strike"],"picked":"Thunderclap","floor":1.0},{"not_picked":["True Grit","Reaper"],"picked":"Headbutt","floor":2.0},{"not_picked":["True Grit","Rage"],"picked":"Uppercut","floor":3.0},{"not_picked":["Heavy Blade","Sentinel"],"picked":"Spot Weakness","floor":4.0},{"not_picked":["Sentinel","Thunderclap"],"picked":"Rampage","floor":5.0},{"not_picked":["True Grit","Flex"],"picked":"Shrug It Off","floor":6.0},{"not_picked":["Headbutt","Hemokinesis"],"picked":"Immolate","floor":8.0},{"not_picked":["Burning Pact","Heavy Blade"],"picked":"Shrug It Off","floor":11.0},{"not_picked":["Heavy Blade","Iron Wave","Disarm"],"picked":"SKIP","floor":13.0},{"not_picked":["Demon Form","Dark Embrace"],"picked":"Impervious","floor":16.0},{"not_picked":[],"picked":"Carnage","floor":18.0},{"not_picked":["Sword Boomerang"],"picked":"SKIP","floor":19.0},{"not_picked":["Flame Barrier"],"picked":"SKIP","floor":20.0},{"not_picked":["Body Slam"],"picked":"SKIP","floor":23.0},{"not_picked":["Clash+1"],"picked":"SKIP","floor":24.0},{"not_picked":[],"picked":"Pommel Strike","floor":25.0},{"not_picked":["Headbutt"],"picked":"SKIP","floor":30.0},{"not_picked":[],"picked":"Infernal Blade","floor":31.0},{"not_picked":[],"picked":"Headbutt","floor":35.0},{"not_picked":[],"picked":"Pommel Strike","floor":36.0},{"not_picked":["Anger"],"picked":"SKIP","floor":38.0}],"player_experience":424514,"relics_obtained":[{"floor":6.0,"key":"Letter Opener"},{"floor":8.0,"key":"Champion Belt"},{"floor":9.0,"key":"War Paint"},{"floor":13.0,"key":"Potion Belt"},{"floor":23.0,"key":"Kunai"},{"floor":25.0,"key":"Pear"},{"floor":26.0,"key":"Juzu Bracelet"},{"floor":28.0,"key":"Dodecahedron"},{"floor":30.0,"key":"Dead Branch"}],"event_choices":[{"event_name":"FaceTrader","player_choice":"Trade","floor":10.0,"damage_taken":0.0},{"event_name":"Vampires","player_choice":"Became a vampire","floor":22.0,"damage_taken":0.0}],"boss_relics":[{"not_picked":["Black Blood","Coffee Dripper"],"picked":"Busted Crown"},{"not_picked":["Lizard Tail","Empty Cage"],"picked":"White Beast Statue"}],"items_purged_floors":[],"is_endless":false,"potions_floor_spawned":[2,11,13,16,19,24,25,33,35,36,38],"killed_by":"Flame Bruiser 2 Orb","ascension_level":5}