{"gold_per_floor":[119,119,135,152,163,163,181,181,228,248,268,268,295,311,311,388,388,406,406],"floor_reached":19,"playtime":804,"items_purged":[],"score":424,"play_id":"fd08ed9c-151b-4a84-a006-c556ff25e7ca","local_time":"20190426145822","is_ascension_mode":true,"campfire_choices":[{"data":"Inflame","floor":6,"key":"SMITH"},{"data":"Bash","floor":8,"key":"SMITH"},{"data":"Shrug It Off","floor":15,"key":"SMITH"}],"neow_cost":"TEN_PERCENT_HP_LOSS","seed_source_timestamp":3377035034419610,"circlet_count":0,"master_deck":["AscendersBane","Strike_R","Strike_R","Strike_R","Strike_R","Strike_R","Defend_R","Defend_R","Defend_R","Bash+1","Ghostly Armor+1","Inflame+1","Shrug It Off+1","Reaper","Injury","Parasite","Regret","True Grit+1"],"relics":["Burning Blood","Pocketwatch","Happy Flower","Mummified Hand","Calling Bell","Omamori","Mercury Hourglass","Nunchaku"],"potions_floor_usage":[13,16,16],"damage_taken":[{"damage":14,"enemies":"Jaw Worm","floor":1,"turns":4},{"damage":4,"enemies":"Cultist","floor":3,"turns":5},{"damage":5,"enemies":"2 Louse","floor":4,"turns":3},{"damage":14,"enemies":"Lots of Slimes","floor":5,"turns":5},{"damage":5,"enemies":"Blue Slaver","floor":7,"turns":5},{"damage":7,"enemies":"Exordium Thugs","floor":10,"turns":4},{"damage":6,"enemies":"Red Slaver","floor":11,"turns":3},{"damage":19,"enemies":"Lagavulin","floor":13,"turns":5},{"damage":1,"enemies":"3 Louse","floor":14,"turns":4},{"damage":0,"enemies":"Slime Boss","floor":16,"turns":5},{"damage":35,"enemies":"Shell Parasite","floor":18,"turns":7},{"damage":45,"enemies":"Spheric Guardian","floor":19,"turns":7}],"seed_played":"-2926678661906897072","potions_obtained":[{"floor":1,"key":"GamblersBrew"},{"floor":4,"key":"Fire Potion"},{"floor":13,"key":"AttackPotion"},{"floor":16,"key":"Ancient Potion"}],"is_trial":false,"path_per_floor":["M","?","M","M","M","R","M","R","T","M","M","?","E","M","R","B",null,"M","M"],"character_chosen":"IRONCLAD","items_purchased":[],"campfire_rested":0,"item_purchase_floors":[],"current_hp_per_floor":[60,60,62,63,55,55,56,56,56,55,55,55,42,47,47,53,64,35,0],"gold":406,"neow_bonus":"ONE_RARE_RELIC","is_prod":false,"is_daily":false,"chose_seed":false,"campfire_upgraded":3,"win_rate":0,"timestamp":1556287102,"path_taken":["M","?","M","M","?","R","M","R","T","?","M","?","E","M","R","BOSS","M","M"],"build_version":"2019-01-23","purchased_purges":0,"victory":false,"max_hp_per_floor":[68,68,68,68,68,68,68,68,68,68,68,68,68,68,68,68,68,68,68],"card_choices":[{"not_picked":["Blood for Blood","Shockwave"],"picked":"Ghostly Armor","floor":1},{"not_picked":["Headbutt","Flex"],"picked":"Inflame","floor":3},{"not_picked":["Burning Pact","True Grit","Spot Weakness"],"picked":"SKIP","floor":4},{"not_picked":["Clothesline","Fire Breathing"],"picked":"Shrug It Off","floor":5},{"not_picked":["Flex","Perfected Strike","Anger"],"picked":"SKIP","floor":7},{"not_picked":["Power Through","Evolve","Combust"],"picked":"SKIP","floor":10},{"not_picked":["Combust","Sever Soul","Shockwave"],"picked":"SKIP","floor":11},{"not_picked":["Fire Breathing","Wild Strike","Clash"],"picked":"SKIP","floor":13},{"not_picked":["Rage","Reckless Charge","Perfected Strike"],"picked":"SKIP","floor":14},{"not_picked":["Rage","Reckless Charge","Perfected Strike"],"picked":"SKIP","floor":14},{"not_picked":["Offering","Bludgeon"],"picked":"Reaper","floor":16},{"not_picked":["Pummel","Heavy Blade"],"picked":"True Grit+1","floor":18}],"player_experience":660353,"relics_obtained":[{"floor":9,"key":"Happy Flower"},{"floor":13,"key":"Mummified Hand"},{"floor":17,"key":"Omamori"},{"floor":17,"key":"Mercury Hourglass"},{"floor":17,"key":"Nunchaku"}],"event_choices":[{"damage_healed":0,"gold_gain":0,"player_choice":"Upgraded","damage_taken":0,"max_hp_gain":0,"max_hp_loss":0,"event_name":"Upgrade Shrine","floor":2,"gold_loss":0,"cards_upgraded":["Ghostly Armor"]},{"cards_removed":["Defend_R"],"damage_healed":0,"gold_gain":0,"player_choice":"Purged","damage_taken":0,"max_hp_gain":0,"max_hp_loss":0,"event_name":"Purifier","floor":12,"gold_loss":0}],"is_beta":false,"boss_relics":[{"not_picked":["Busted Crown","Eternal Feather"],"picked":"Calling Bell"}],"items_purged_floors":[],"is_endless":false,"potions_floor_spawned":[1,4,10,13,14,16],"killed_by":"Spheric Guardian","ascension_level":18}