{"path_per_floor":["M","?","T","M","?","R","M","M","T","$","M","R","$","M","R","B",null,"M","M","?","?","M","E","M","R","T","M","M","R","M","E","R","B",null,"M","$","M","M","M","E","R","?","T","$","R","?","M","$","R","B"],"character_chosen":"IRONCLAD","items_purchased":["Toolbox","Shrug It Off","Ice Cream","Dual Wield"],"gold_per_floor":[115,115,142,152,152,152,164,181,481,184,194,194,119,137,137,236,236,223,237,237,152,167,193,209,209,234,248,268,268,282,308,308,407,407,421,18,38,53,72,98,98,0,24,24,24,77,89,50,50,50],"floor_reached":51,"campfire_rested":1,"playtime":3532,"current_hp_per_floor":[80,80,80,80,80,80,80,80,80,80,80,80,80,80,80,58,80,79,69,53,53,55,48,20,44,44,40,43,43,40,48,48,35,80,80,80,80,78,80,78,78,78,78,78,78,80,79,79,79,49],"items_purged":["Strike_R","Strike_R"],"gold":50,"play_id":"2fac7b48-0482-4904-8f6b-100997e57b6c","is_prod":false,"is_daily":false,"campfire_rituals":0,"campfire_upgraded":8,"is_hardmode":false,"path_taken":["M","?","?","M","?","R","M","M","T","$","M","R","$","M","R","BOSS","M","?","?","?","M","E","?","R","T","?","M","R","M","E","R","BOSS","M","$","M","M","M","E","R","?","T","?","R","?","M","$","R","BOSS"],"build_version":"2018-01-18-PROD4","purchased_purges":2,"victory":true,"master_deck":["Strike_R","Strike_R","Defend_R","Defend_R","Defend_R","Defend_R","Bash","Clash","Iron Wave","Shockwave","Battle Trance","Shrug It Off","Searing Blow","Metallicize","Seeing Red","Shrug It Off","Shrug It Off","Dropkick","Body Slam","Offering","Battle Trance","Body Slam","Barricade","Body Slam","Dropkick","Iron Wave","Dual Wield"],"max_hp_per_floor":[80,80,80,80,80,80,80,80,80,80,80,80,80,80,80,80,80,80,80,80,80,80,80,80,80,80,80,80,80,80,80,80,80,80,80,80,80,80,80,80,80,80,80,80,80,80,80,80,80,80],"relics":["Burning Blood","Pen Nib","Old Coin","Toolbox","Mark of Pain","Enchiridion","Bag of Preparation","Dream Catcher","Blood Vial","Orichalcum","Orrery","Ice Cream","Anchor","Red Mask","Oddly Smooth Stone","Red Skull"],"campfire_meditates":0,"card_choices":[{"not_picked":["Heavy Blade","Thunderclap"],"picked":"Clash"},{"not_picked":["Fire Breathing","Flame Barrier"],"picked":"Iron Wave"},{"not_picked":["Clothesline","Heavy Blade"],"picked":"Shockwave"},{"not_picked":["Reaper","Shrug It Off"],"picked":"Battle Trance"},{"not_picked":["Body Slam","Wild Strike"],"picked":"Searing Blow"},{"not_picked":["Sword Boomerang","Headbutt"],"picked":"Metallicize"},{"not_picked":["Headbutt","Heavy Blade"],"picked":"Seeing Red"},{"not_picked":["Heavy Blade","Burning Pact"],"picked":"Shrug It Off"},{"not_picked":["Twin Strike","Sword Boomerang"],"picked":"Shrug It Off"},{"not_picked":["Perfected Strike","Anger"],"picked":"Dropkick"},{"not_picked":["Flex","Evolve"],"picked":"Body Slam"},{"not_picked":["Reaper","Brutality"],"picked":"Offering"},{"not_picked":["Intimidate","Clothesline"],"picked":"Battle Trance"},{"not_picked":["Iron Wave","Havoc"],"picked":"Body Slam"},{"not_picked":["Dual Wield","Iron Wave"],"picked":"Barricade"},{"not_picked":["Clothesline","Burning Pact"],"picked":"Body Slam"},{"not_picked":["Body Slam","Clash"],"picked":"Dropkick"},{"not_picked":["Body Slam","Warcry"],"picked":"Iron Wave"}],"player_experience":347585,"potions_floor_usage":[31,31,33,33,37,39,40],"damage_taken":[{"damage":1.0,"enemies":"Cultist","floor":1.0,"turns":3.0},{"damage":5.0,"enemies":"2 Louse","floor":4.0,"turns":3.0},{"damage":2.0,"enemies":"Blue Slaver","floor":7.0,"turns":3.0},{"damage":1.0,"enemies":"3 Louse","floor":8.0,"turns":5.0},{"damage":4.0,"enemies":"Exordium Thugs","floor":11.0,"turns":3.0},{"damage":4.0,"enemies":"Looter","floor":14.0,"turns":3.0},{"damage":28.0,"enemies":"Slime Boss","floor":16.0,"turns":8.0},{"damage":7.0,"enemies":"2 Thieves","floor":18.0,"turns":4.0},{"damage":16.0,"enemies":"Spheric Guardian","floor":19.0,"turns":5.0},{"damage":4,"enemies":"Snecko","floor":22,"turns":5},{"damage":13,"enemies":"Book of Stabbing","floor":23,"turns":6},{"damage":34,"enemies":"3 Cultists","floor":24,"turns":8},{"damage":12,"enemies":"Slaver and Parasite","floor":27,"turns":7},{"damage":5,"enemies":"Centurion and Healer","floor":28,"turns":15},{"damage":11,"enemies":"Snecko","floor":30,"turns":4},{"damage":0,"enemies":"Gremlin Leader","floor":31,"turns":2},{"damage":21,"enemies":"Champ","floor":33,"turns":8},{"damage":4,"enemies":"3 Shapes","floor":35,"turns":5},{"damage":0,"enemies":"3 Darklings","floor":37,"turns":4},{"damage":8,"enemies":"Maw","floor":38,"turns":5},{"damage":4,"enemies":"Sphere and 2 Shapes","floor":39,"turns":3},{"damage":8,"enemies":"2 Orb Walkers","floor":40,"turns":3},{"damage":4,"enemies":"Mysterious Sphere","floor":46,"turns":4},{"damage":7,"enemies":"4 Shapes","floor":47,"turns":4},{"damage":37,"enemies":"Time Eater","floor":50,"turns":11}],"event_choices":[{"event_name":"Living Wall","player_choice":"Forget","floor":2.0,"damage_taken":0.0},{"event_name":"Upgrade Shrine","player_choice":"Upgraded","floor":5.0,"damage_taken":0.0},{"event_name":"Cursed Tome","player_choice":"Obtained Book","floor":20.0,"damage_taken":0.0},{"event_name":"Addict","player_choice":"Obtained Relic","floor":21.0,"damage_taken":0.0},{"event_name":"Tomb of Lord Red Mask","player_choice":"Paid","floor":42,"damage_taken":0},{"event_name":"Mysterious Sphere","player_choice":"Fight","floor":46,"damage_taken":0}],"boss_relics":[{"not_picked":["White Beast Statue","Runic Pyramid"],"picked":"Orrery"}],"potions_floor_spawned":[4,8,11,22,24,28,31,33,35,37],"seed_played":"5021433169980755234","is_trial":false}