{"path_per_floor":["M","M","$","M","M","R","E","?","T","?","R","?","T","$","R","B",null,"M","M","?","$","?","R"],"character_chosen":"IRONCLAD","items_purchased":["Reaper","Flex","Gremlin Horn","Rampage"],"gold_per_floor":[115,133,61,78,95,95,125,125,125,203,203,378,403,39,39,169,169,190,209,209,131,131,131],"floor_reached":24,"campfire_rested":2,"playtime":1683,"current_hp_per_floor":[80,71,71,70,68,68,67,67,67,52,52,58,58,58,89,15,89,52,30,30,30,30,71],"items_purged":["Doubt"],"gold":131,"play_id":"f69373be-5be3-434d-a496-967c1618330c","is_prod":false,"is_daily":false,"campfire_rituals":0,"campfire_upgraded":2,"is_hardmode":false,"path_taken":["M","M","$","M","M","R","E","?","T","?","R","?","?","$","R","BOSS","M","M","?","$","?","R","E"],"build_version":"2017-12-21-PROD1","purchased_purges":2,"victory":false,"master_deck":["Strike_R","Strike_R","Strike_R","Strike_R","Defend_R","Defend_R","Defend_R","Bash","Shrug It Off","Uppercut","Reaper","Dual Wield","Rupture","Clash","Headbutt","Flex","Burning Pact","Pummel","Hemokinesis","Headbutt","Rampage","Cleave"],"max_hp_per_floor":[80,80,80,80,80,80,87,83,83,83,83,89,89,89,89,89,89,89,89,89,89,89,89],"relics":["Burning Blood","Strawberry","Golden Idol","Darkstone Periapt","Whetstone","Regal Pillow","Gremlin Horn","Astrolabe"],"campfire_meditates":0,"card_choices":[{"not_picked":["True Grit","Impervious"],"picked":"Shrug It Off"},{"not_picked":["Intimidate","Pommel Strike"],"picked":"Uppercut"},{"not_picked":["Rupture","Perfected Strike"],"picked":"Dual Wield"},{"not_picked":["Searing Blow","Fire Breathing"],"picked":"Rupture"},{"not_picked":["Searing Blow","Power Through"],"picked":"Clash"},{"not_picked":["True Grit","Iron Wave"],"picked":"Headbutt"},{"not_picked":["Fiend Fire","Feed"],"picked":"Offering"},{"not_picked":["Armaments","Body Slam"],"picked":"Headbutt"}],"player_experience":19249,"potions_floor_usage":[7,10,16,24],"damage_taken":[{"damage":6,"enemies":"Cultist","floor":1,"turns":3},{"damage":15,"enemies":"Jaw Worm","floor":2,"turns":4},{"damage":7,"enemies":"Looter","floor":4,"turns":3},{"damage":11,"enemies":"Large Slime","floor":5,"turns":11},{"damage":14,"enemies":"Gremlin Nob","floor":7,"turns":4},{"damage":33,"enemies":"3 Sentries","floor":10,"turns":6},{"damage":80,"enemies":"Hexaghost","floor":16,"turns":10},{"damage":43,"enemies":"Shell Parasite","floor":18,"turns":5},{"damage":35,"enemies":"2 Thieves","floor":19,"turns":5},{"damage":72,"enemies":"Book of Stabbing","floor":24,"turns":5}],"event_choices":[{"event_name":"Golden Idol","player_choice":"Lose Max HP","floor":8,"damage_taken":0},{"event_name":"Dead Adventurer","player_choice":"Searched \u00272\u0027 times","floor":10,"damage_taken":0},{"event_name":"Liars Game","player_choice":"agreed","floor":12,"damage_taken":0},{"event_name":"Back to Basics","player_choice":"Simplicity","floor":20,"damage_taken":0},{"event_name":"The Library","player_choice":"Read","floor":22,"damage_taken":0}],"boss_relics":[{"not_picked":["Runic Pyramid","Lizard Tail"],"picked":"Astrolabe"}],"potions_floor_spawned":[4,5,10,19],"seed_played":"7150968871695997992","killed_by":"Book of Stabbing","is_trial":false}