{"gold_per_floor":[144,157,171,189,203,233,233,263,289,143,143,19,53,6,6,101,101,111,125,141,56,70,99,110,142,191,211,228,240,240,255,255,255],"floor_reached":33,"playtime":1338,"items_purged":[],"score":423,"play_id":"948c26be-3b3b-4ef4-914e-1e41852b15a9","local_time":"20180701181228","is_ascension_mode":true,"campfire_choices":[{"data":"Perfected Strike","floor":7,"key":"SMITH"},{"data":"Mind Blast","floor":11,"key":"SMITH"},{"data":"Shockwave","floor":15,"key":"SMITH"},{"data":"Double Tap","floor":32,"key":"SMITH"}],"neow_cost":"NONE","seed_source_timestamp":585664942917767,"circlet_count":0,"master_deck":["Strike_R","Strike_R","Strike_R","Strike_R","Strike_R","Defend_R","Defend_R","Defend_R","Defend_R","Bash","Perfected Strike+1","Ghostly Armor","Shockwave+1","Pommel Strike","Ghostly Armor","Mind Blast+1","Shrug It Off","Wild Strike","Infernal Blade","Armaments","Twin Strike","Double Tap+1","Shrug It Off+1","Warcry","Twin Strike","Flex","Intimidate","Twin Strike","Cleave","Pummel+1","Flex"],"relics":["Burning Blood","Tiny Chest","Happy Flower","Dream Catcher","Boot","Anchor","Mark of Pain","Vajra","Bronze Scales","Singing Bowl","Regal Pillow","GremlinMask"],"potions_floor_usage":[3,6,6,16,20,22,23,25,33],"damage_taken":[{"damage":8,"enemies":"Jaw Worm","floor":1,"turns":4},{"damage":1,"enemies":"2 Louse","floor":2,"turns":2},{"damage":0,"enemies":"Small Slimes","floor":3,"turns":3},{"damage":11,"enemies":"Exordium Thugs","floor":4,"turns":4},{"damage":2,"enemies":"Looter","floor":5,"turns":4},{"damage":15,"enemies":"3 Sentries","floor":6,"turns":8},{"damage":13,"enemies":"Gremlin Nob","floor":8,"turns":3},{"damage":9,"enemies":"3 Sentries","floor":13,"turns":8},{"damage":41,"enemies":"Hexaghost","floor":16,"turns":8},{"damage":0,"enemies":"Chosen","floor":18,"turns":3},{"damage":6,"enemies":"Spheric Guardian","floor":19,"turns":3},{"damage":6,"enemies":"Cultist and Chosen","floor":20,"turns":6},{"damage":0,"enemies":"Snake Plant","floor":22,"turns":2},{"damage":0,"enemies":"Gremlin Leader","floor":23,"turns":7},{"damage":0,"enemies":"Centurion and Healer","floor":24,"turns":4},{"damage":7,"enemies":"Book of Stabbing","floor":25,"turns":2},{"damage":13,"enemies":"Cultist and Chosen","floor":27,"turns":5},{"damage":4,"enemies":"3 Cultists","floor":28,"turns":4},{"damage":0,"enemies":"Centurion and Healer","floor":29,"turns":3},{"damage":0,"enemies":"Snecko","floor":31,"turns":3},{"damage":89,"enemies":"Automaton","floor":33,"turns":8}],"seed_played":"812521228330336124","potions_obtained":[{"floor":1,"key":"Poison Potion"},{"floor":3,"key":"SteroidPotion"},{"floor":5,"key":"Dexterity Potion"},{"floor":6,"key":"LiquidBronze"},{"floor":16,"key":"Strength Potion"},{"floor":18,"key":"Strength Potion"},{"floor":19,"key":"Strength Potion"},{"floor":20,"key":"GamblersBrew"},{"floor":24,"key":"PowerPotion"},{"floor":29,"key":"Ancient Potion"}],"is_trial":false,"path_per_floor":["M","M","M","M","M","E","R","E","T","$","R","$","E","$","R","B",null,"M","M","M","?","M","E","M","E","T","M","M","M","?","M","R"],"character_chosen":"IRONCLAD","items_purchased":["Mind Blast","Shrug It Off","Wild Strike","Infernal Blade","Twin Strike"],"campfire_rested":0,"item_purchase_floors":[10,10,12,12,14],"current_hp_per_floor":[78,80,80,75,79,70,70,63,63,63,63,63,60,60,60,25,66,72,72,72,72,78,80,80,81,81,76,78,84,84,84,84,0],"gold":255,"neow_bonus":"RANDOM_COMMON_RELIC","is_prod":false,"is_daily":false,"chose_seed":false,"campfire_upgraded":4,"win_rate":0,"timestamp":1530490348,"path_taken":["M","M","M","M","M","E","R","E","T","$","R","$","E","$","R","BOSS","M","M","M","?","M","E","M","E","T","M","M","M","?","M","R","BOSS"],"build_version":"2018-06-29","purchased_purges":0,"victory":false,"max_hp_per_floor":[80,80,80,80,80,80,80,80,80,80,80,80,80,80,80,80,80,80,80,80,80,80,80,80,82,82,84,84,84,84,84,84,84],"card_choices":[{"not_picked":["Burning Pact","Iron Wave"],"picked":"Perfected Strike","floor":1},{"not_picked":["Bloodletting","Uppercut"],"picked":"Ghostly Armor","floor":2},{"not_picked":["Carnage","Headbutt"],"picked":"Shockwave","floor":3},{"not_picked":["Corruption","Pummel"],"picked":"Pommel Strike","floor":4},{"not_picked":["Corruption","Entrench","Clash"],"picked":"SKIP","floor":5},{"not_picked":["Demon Form","Anger"],"picked":"Ghostly Armor","floor":6},{"not_picked":["Carnage","Brutality","Corruption"],"picked":"SKIP","floor":8},{"not_picked":["Heavy Blade","Berserk"],"picked":"Armaments","floor":13},{"not_picked":["Juggernaut","Limit Break"],"picked":"Double Tap","floor":16},{"not_picked":["Heavy Blade","Metallicize"],"picked":"Shrug It Off+1","floor":18},{"not_picked":["Clash","Fire Breathing"],"picked":"Warcry","floor":19},{"not_picked":["Cleave+1","Clothesline"],"picked":"Twin Strike","floor":20},{"not_picked":["Cleave","Metallicize"],"picked":"Flex","floor":22},{"not_picked":["Iron Wave","Battle Trance"],"picked":"Intimidate","floor":23},{"not_picked":["Sentinel","Immolate"],"picked":"Twin Strike","floor":24},{"not_picked":["Corruption","Rage","Bloodletting+1"],"picked":"Singing Bowl","floor":25},{"not_picked":["Sword Boomerang+1","True Grit","Burning Pact+1"],"picked":"Singing Bowl","floor":27},{"not_picked":["Sever Soul","Clothesline"],"picked":"Cleave","floor":28},{"not_picked":["True Grit","Intimidate"],"picked":"Pummel+1","floor":29},{"not_picked":["Ghostly Armor","Blood for Blood+1"],"picked":"Flex","floor":31}],"player_experience":423176,"relics_obtained":[{"floor":6,"key":"Happy Flower"},{"floor":8,"key":"Dream Catcher"},{"floor":9,"key":"Boot"},{"floor":13,"key":"Anchor"},{"floor":23,"key":"Bronze Scales"},{"floor":25,"key":"Singing Bowl"},{"floor":26,"key":"Regal Pillow"}],"event_choices":[{"event_name":"Addict","player_choice":"Obtained Relic","floor":21,"damage_taken":0},{"event_name":"FaceTrader","player_choice":"Trade","floor":30,"damage_taken":0}],"boss_relics":[{"not_picked":["Busted Crown","Lizard Tail"],"picked":"Mark of Pain"}],"items_purged_floors":[],"is_endless":false,"potions_floor_spawned":[1,3,5,6,16,18,19,20,24,29],"killed_by":"Automaton","ascension_level":5}