{"path_per_floor":["M","?","$","M","?","R","E","R","T","M","R","?","M","$","R","B",null,"M","$","M","?","?","R","$","R","T","E","M","M","M","M","R","B",null,"M","$","M","$","M","R","E","R","T","M","M","M","M","$","R","B"],"character_chosen":"IRONCLAD","items_purchased":["Shrug It Off","Shrug It Off","Panache","Seeing Red","Flash of Steel"],"gold_per_floor":[116,116,41,56,131,131,160,160,160,171,171,171,189,36,36,134,134,154,29,42,42,42,42,42,42,67,97,109,126,140,154,154,252,252,270,54,71,33,47,47,72,72,72,88,105,125,135,34,34,34],"floor_reached":51,"campfire_rested":1,"playtime":3027,"current_hp_per_floor":[80,80,80,80,69,69,44,68,68,76,76,80,80,80,77,37,77,77,77,62,62,62,62,62,62,62,34,42,46,50,58,58,23,77,77,77,77,77,77,77,64,64,64,68,67,75,77,77,77,77],"items_purged":["Regret","Defend_R","Strike_R"],"gold":34,"play_id":"f425c198-a5f1-4e8d-a921-5cb60ebf7d32","is_prod":false,"is_daily":false,"is_ascension_mode":false,"campfire_upgraded":7,"path_taken":["M","?","$","M","?","R","E","R","T","M","R","?","M","$","R","BOSS","M","$","M","?","?","R","$","R","T","E","M","?","M","M","R","BOSS","M","$","M","?","M","R","E","R","T","M","?","M","M","$","R","BOSS"],"build_version":"2018-01-25-BETA1","purchased_purges":3,"victory":true,"master_deck":["Strike_R","Strike_R","Defend_R","Defend_R","Defend_R","Bash+1","Dual Wield","Ghostly Armor+1","Headbutt","Offering+1","Iron Wave","Shrug It Off","Barricade+1","Seeing Red","Battle Trance","Juggernaut+1","Cleave","Shrug It Off","Metallicize","Body Slam+1","Body Slam+1","Impervious","Shrug It Off","Panache","Shrug It Off","Seeing Red","Entrench+1","Shrug It Off+1","Impervious+1","Flash of Steel"],"max_hp_per_floor":[80,80,80,80,80,80,80,80,80,80,80,80,80,80,77,77,77,77,77,77,77,77,77,77,77,77,77,77,77,77,77,77,77,77,77,77,77,77,77,77,77,77,77,77,77,77,77,77,77,77],"relics":["Burning Blood","Blood Vial","Bronze Scales","Peace Pipe","Sozu","Anchor","Gremlin Horn","Mark of Pain","Centennial Puzzle","Bottled Flame"],"card_choices":[{"not_picked":["Anger","Clothesline"],"picked":"Dual Wield"},{"not_picked":["Wild Strike","Iron Wave"],"picked":"Ghostly Armor"},{"not_picked":["Clash","Flex"],"picked":"Headbutt"},{"not_picked":["Sword Boomerang","Fire Breathing"],"picked":"Offering"},{"not_picked":["Flex","Entrench"],"picked":"Iron Wave"},{"not_picked":["Berserk","Bludgeon"],"picked":"Barricade"},{"not_picked":["Headbutt","True Grit"],"picked":"Seeing Red"},{"not_picked":["Clash","Heavy Blade"],"picked":"Battle Trance"},{"not_picked":["Armaments","Reaper"],"picked":"Cleave"},{"not_picked":["Pommel Strike","Clash"],"picked":"Shrug It Off"},{"not_picked":["Carnage","Cleave"],"picked":"Metallicize"},{"not_picked":["Thunderclap","Corruption"],"picked":"Body Slam"},{"not_picked":["Clash","Flame Barrier"],"picked":"Body Slam"},{"not_picked":["Limit Break","Brutality"],"picked":"Impervious"},{"not_picked":["Sword Boomerang","Armaments"],"picked":"Shrug It Off"},{"not_picked":["Sever Soul","Sword Boomerang"],"picked":"Entrench"},{"not_picked":["Power Through","Perfected Strike"],"picked":"Shrug It Off"},{"not_picked":["Twin Strike","Disarm"],"picked":"Impervious"}],"player_experience":101318,"potions_floor_usage":[16],"damage_taken":[{"damage":5,"enemies":"Small Slimes","floor":1,"turns":4},{"damage":1,"enemies":"Cultist","floor":4,"turns":3},{"damage":33,"enemies":"3 Sentries","floor":7,"turns":13},{"damage":0,"enemies":"2 Louse","floor":10,"turns":2},{"damage":4,"enemies":"2 Fungi Beasts","floor":13,"turns":4},{"damage":46,"enemies":"The Guardian","floor":16,"turns":11},{"damage":4,"enemies":"Chosen","floor":18,"turns":6},{"damage":21,"enemies":"Spheric Guardian","floor":20,"turns":6},{"damage":36,"enemies":"Slavers","floor":27,"turns":7},{"damage":0,"enemies":"Snecko","floor":28,"turns":7},{"damage":4,"enemies":"Sentry and Sphere","floor":29,"turns":6},{"damage":4,"enemies":"Snake Plant","floor":30,"turns":4},{"damage":0,"enemies":"Snecko","floor":31,"turns":6},{"damage":43,"enemies":"Automaton","floor":33,"turns":8},{"damage":4,"enemies":"3 Darklings","floor":35,"turns":3},{"damage":4,"enemies":"3 Shapes","floor":37,"turns":4},{"damage":4,"enemies":"Spire Growth","floor":39,"turns":5},{"damage":19,"enemies":"Nemesis","floor":41,"turns":9},{"damage":4,"enemies":"Sphere and 2 Shapes","floor":44,"turns":4},{"damage":9,"enemies":"3 Darklings","floor":45,"turns":5},{"damage":0,"enemies":"Maw","floor":46,"turns":6},{"damage":4,"enemies":"Sphere and 2 Shapes","floor":47,"turns":3},{"damage":5,"enemies":"Awakened One","floor":50,"turns":7}],"event_choices":[{"event_name":"Big Fish","player_choice":"Box","floor":2,"damage_taken":0},{"event_name":"World of Goop","player_choice":"Gather Gold","floor":5,"damage_taken":0},{"event_name":"Mushrooms","player_choice":"Healed and dodged fight","floor":12,"damage_taken":0},{"event_name":"Beggar","player_choice":"Ignored","floor":21,"damage_taken":0},{"event_name":"Transmorgrifier","player_choice":"Transform","floor":22,"damage_taken":0}],"boss_relics":[{"not_picked":["Tiny House","Runic Cube"],"picked":"Sozu"},{"not_picked":["Black Star","Philosopher\u0027s Stone"],"picked":"Mark of Pain"}],"potions_floor_spawned":[7,16,18,28,29,30,37,46,47],"seed_played":"-1317445969678399162","ascension_level":0,"is_trial":false}