{"gold_per_floor":[117,127,127,127,142,174,174,193,193,204,234,252,34,34,34,136,136,150,250,250,250,250,250,277,277,303,303,286,298,323,334,334,334],"floor_reached":33,"playtime":2491,"items_purged":[],"score":423,"play_id":"cfee41c8-db18-4cb3-b9a5-f51bf1b31524","local_time":"20190113153522","is_ascension_mode":true,"campfire_choices":[{"floor":7,"key":"REST"},{"floor":15,"key":"REST"},{"floor":23,"key":"REST"},{"floor":27,"key":"REST"},{"floor":32,"key":"REST"}],"neow_cost":"NONE","seed_source_timestamp":1633441957310738,"circlet_count":0,"master_deck":["Defend_G+1","Defend_G+1","Defend_G+1","Defend_G+1","Defend_G+1","Strike_G+1","Strike_G+1","Strike_G+1","Strike_G+1","Survivor","Neutralize","Footwork","Quick Slash","Acrobatics","Dodge and Roll","Dash","Glass Knife","Caltrops","Blur","Backflip","Dodge and Roll","Backflip","Dodge and Roll","Grand Finale","Flechettes+1","Blur","Dash+1","Blur+1","PiercingWail","Leg Sweep+1","Dodge and Roll+1"],"special_seed":0,"relics":["Ring of the Serpent","Regal Pillow","The Courier","StoneCalendar","Thread and Needle","Nunchaku","Gambling Chip","Letter Opener","Art of War","Snake Skull","Molten Egg 2"],"potions_floor_usage":[6,11,16,19,19,19,30],"damage_taken":[{"damage":2.0,"enemies":"Small Slimes","floor":1.0,"turns":5.0},{"damage":6.0,"enemies":"2 Louse","floor":2.0,"turns":4.0},{"damage":1,"enemies":"Cultist","floor":5,"turns":4},{"damage":41,"enemies":"3 Sentries","floor":6,"turns":13},{"damage":7,"enemies":"Red Slaver","floor":8,"turns":7},{"damage":0,"enemies":"Large Slime","floor":10,"turns":7},{"damage":14,"enemies":"Lagavulin","floor":11,"turns":9},{"damage":0,"enemies":"Looter","floor":12,"turns":3},{"damage":8,"enemies":"Slime Boss","floor":16,"turns":7},{"damage":0,"enemies":"Chosen","floor":18,"turns":7},{"damage":10,"enemies":"Colosseum Slavers","floor":19,"turns":3},{"damage":45,"enemies":"Colosseum Nobs","floor":19,"turns":7},{"damage":28,"enemies":"Book of Stabbing","floor":24,"turns":7},{"damage":8,"enemies":"2 Thieves","floor":28,"turns":4},{"damage":3,"enemies":"Snake Plant","floor":29,"turns":7},{"damage":12,"enemies":"Gremlin Leader","floor":30,"turns":7},{"damage":1,"enemies":"Sentry and Sphere","floor":31,"turns":7},{"damage":68,"enemies":"Champ","floor":33,"turns":25}],"seed_played":"-2644261664446319656","potions_obtained":[{"floor":1.0,"key":"Weak Potion"},{"floor":2.0,"key":"Swift Potion"},{"floor":4.0,"key":"Fire Potion"},{"floor":4.0,"key":"SkillPotion"},{"floor":8,"key":"SkillPotion"},{"floor":12,"key":"FearPotion"},{"floor":18,"key":"Swift Potion"},{"floor":28,"key":"LiquidBronze"},{"floor":29,"key":"Fire Potion"}],"is_trial":false,"path_per_floor":["M","M","?","?","M","E","R","M","T","M","E","M","$","T","R","B",null,"M","?","?","?","?","R","E","?","T","R","M","M","E","M","R","B"],"character_chosen":"THE_SILENT","items_purchased":["Blur","Backflip","Dodge and Roll","Backflip","Dodge and Roll"],"campfire_rested":5,"item_purchase_floors":[13,13,13,13,13],"current_hp_per_floor":[61,55,48,48,47,6,42,35,35,35,21,21,21,21,57,49,65,65,10,10,10,10,46,18,18,18,54,46,43,31,30,66,0],"gold":334,"neow_bonus":"RANDOM_COMMON_RELIC","is_prod":false,"is_daily":false,"chose_seed":false,"campfire_upgraded":0,"win_rate":0,"timestamp":1547393722,"path_taken":["M","M","?","?","M","E","R","M","T","M","E","?","$","?","R","BOSS","M","?","?","?","?","R","E","?","T","R","?","M","E","M","R","BOSS"],"build_version":"2019-01-10","purchased_purges":0,"victory":false,"max_hp_per_floor":[70,70,70,70,70,70,70,70,70,70,70,70,70,70,70,70,70,70,70,70,70,70,70,70,70,70,70,70,70,70,70,70,70],"card_choices":[{"not_picked":["Deflect","Noxious Fumes"],"picked":"Footwork","floor":1.0},{"not_picked":["Deadly Poison","Caltrops"],"picked":"Quick Slash","floor":2.0},{"not_picked":["Dagger Throw","Dagger Spray"],"picked":"Acrobatics","floor":5},{"not_picked":["Bane","Malaise","Caltrops"],"picked":"SKIP","floor":6},{"not_picked":["Deflect","Eviscerate"],"picked":"Dodge and Roll","floor":8},{"not_picked":["Setup","Sucker Punch"],"picked":"Dash","floor":10},{"not_picked":["Infinite Blades","Blade Dance"],"picked":"Glass Knife","floor":11},{"not_picked":["Blade Dance","Underhanded Strike"],"picked":"Caltrops","floor":12},{"not_picked":["A Thousand Cuts","Burst"],"picked":"Grand Finale","floor":16},{"not_picked":["Distraction","Skewer"],"picked":"Flechettes+1","floor":18},{"not_picked":["Leg Sweep","Slice"],"picked":"Blur","floor":19},{"not_picked":["All Out Attack+1","Skewer+1"],"picked":"Dash+1","floor":24},{"not_picked":["Dagger Spray+1","Deadly Poison"],"picked":"Blur+1","floor":28},{"not_picked":["Deadly Poison","Endless Agony"],"picked":"PiercingWail","floor":29},{"not_picked":["Deadly Poison+1","Outmaneuver"],"picked":"Leg Sweep+1","floor":30},{"not_picked":["Quick Slash+1","Bane+1"],"picked":"Dodge and Roll+1","floor":31}],"player_experience":241791,"relics_obtained":[{"floor":6,"key":"The Courier"},{"floor":9,"key":"StoneCalendar"},{"floor":11,"key":"Thread and Needle"},{"floor":14,"key":"Nunchaku"},{"floor":19,"key":"Gambling Chip"},{"floor":19,"key":"Letter Opener"},{"floor":24,"key":"Art of War"},{"floor":26,"key":"Snake Skull"},{"floor":30,"key":"Molten Egg 2"}],"event_choices":[{"cards_removed":["Strike_G"],"damage_healed":0.0,"max_hp_gain":0.0,"max_hp_loss":0.0,"gold_gain":0.0,"event_name":"Golden Wing","player_choice":"Card Removal","floor":3.0,"gold_loss":0.0,"damage_taken":7.0},{"damage_healed":0.0,"max_hp_gain":0.0,"max_hp_loss":0.0,"gold_gain":0.0,"event_name":"Lab","player_choice":"Got Potions","floor":4.0,"gold_loss":0.0,"damage_taken":0.0},{"damage_healed":0,"gold_gain":0,"player_choice":"Fight","damage_taken":0,"max_hp_gain":0,"max_hp_loss":0,"event_name":"Colosseum","floor":19,"gold_loss":0},{"damage_healed":0,"gold_gain":0,"player_choice":"Fought Nobs","damage_taken":0,"max_hp_gain":0,"max_hp_loss":0,"event_name":"Colosseum","floor":19,"gold_loss":0},{"damage_healed":0,"gold_gain":0,"player_choice":"Smashed Altar","damage_taken":0,"max_hp_gain":0,"max_hp_loss":0,"event_name":"Forgotten Altar","floor":20,"gold_loss":0,"cards_obtained":["Decay"]},{"damage_healed":0,"gold_gain":0,"player_choice":"Ignored","damage_taken":0,"max_hp_gain":0,"max_hp_loss":0,"event_name":"Ghosts","floor":21,"gold_loss":0},{"damage_healed":0,"gold_gain":0,"player_choice":"Simplicity","damage_taken":0,"max_hp_gain":0,"max_hp_loss":0,"event_name":"Back to Basics","floor":22,"gold_loss":0,"cards_upgraded":["Defend_G","Defend_G","Defend_G","Defend_G","Defend_G","Strike_G","Strike_G","Strike_G","Strike_G"]},{"cards_removed":["Decay"],"damage_healed":0,"gold_gain":0,"player_choice":"Removed Curses","damage_taken":0,"max_hp_gain":0,"max_hp_loss":0,"event_name":"Fountain of Cleansing","floor":25,"gold_loss":0}],"is_beta":false,"boss_relics":[{"not_picked":["Astrolabe","Philosopher\u0027s Stone"],"picked":"Ring of the Serpent"}],"items_purged_floors":[],"is_endless":false,"potions_floor_spawned":[1,2,8,12,18,19,28,29],"killed_by":"Champ","ascension_level":7}