{"path_per_floor":["M","M","?","?","M","R","?","R","T","?","R","E","R","M","R","B",null,"M","?","M","?","M"],"character_chosen":"IRONCLAD","items_purchased":[],"gold_per_floor":[114,133,133,133,145,145,175,175,175,125,125,153,153,166,166,263,263,277,277,289,289,299],"floor_reached":23,"campfire_rested":0,"playtime":838,"current_hp_per_floor":[78,80,77,61,70,70,77,77,77,77,77,56,56,60,60,19,73,55,55,29,29,18],"items_purged":[],"gold":299,"score":319,"play_id":"2cafce19-0b7b-40d9-b198-64373f580d3f","local_time":"20180302200322","is_prod":false,"is_daily":false,"is_ascension_mode":true,"campfire_upgraded":5,"timestamp":1520021002,"path_taken":["M","M","?","?","?","R","?","R","T","?","R","E","R","?","R","BOSS","M","?","M","?","M","E"],"build_version":"2018-03-01-PROD1","purchased_purges":0,"victory":false,"master_deck":["Defend_R","Defend_R","Defend_R","Defend_R","Bash+1","Clash","Feed+1","Sever Soul+1","Searing Blow+1","Rampage+1","Demon Form","Cleave+1","Writhe","Bite","Bite","Bite","Bite","Bite","Clash"],"max_hp_per_floor":[80,80,80,80,83,83,90,90,90,87,87,91,91,91,91,91,91,95,95,95,66,70],"relics":["Burning Blood","NeowsBlessing","Regal Pillow","Strawberry","Ice Cream","Lantern","Mark of Pain","Girya"],"card_choices":[{"not_picked":["True Grit","Bloodletting"],"picked":"Clash"},{"not_picked":["Metallicize","Heavy Blade"],"picked":"Feed"},{"not_picked":["Anger","True Grit"],"picked":"Sever Soul"},{"not_picked":["Barricade","Ghostly Armor"],"picked":"Searing Blow"},{"not_picked":["Havoc","Intimidate"],"picked":"Rampage"},{"not_picked":["Limit Break","Immolate"],"picked":"Demon Form"},{"not_picked":["Blood for Blood","Clothesline"],"picked":"Cleave"},{"not_picked":["Rage","Thunderclap"],"picked":"Clash"}],"player_experience":187319,"potions_floor_usage":[20,22,22,23],"damage_taken":[{"damage":0.0,"enemies":"Jaw Worm","floor":1.0,"turns":1.0},{"damage":0.0,"enemies":"2 Louse","floor":2.0,"turns":2.0},{"damage":0.0,"enemies":"Cultist","floor":5.0,"turns":1.0},{"damage":31.0,"enemies":"3 Sentries","floor":12.0,"turns":7.0},{"damage":2.0,"enemies":"2 Fungi Beasts","floor":14.0,"turns":2.0},{"damage":47.0,"enemies":"The Guardian","floor":16.0,"turns":8.0},{"damage":28,"enemies":"2 Thieves","floor":18,"turns":3},{"damage":32,"enemies":"3 Byrds","floor":20,"turns":4},{"damage":33,"enemies":"Cultist and Chosen","floor":22,"turns":4},{"damage":20,"enemies":"Slavers","floor":23,"turns":1}],"event_choices":[{"event_name":"Scrap Ooze","player_choice":"success","floor":3.0,"damage_taken":3.0},{"event_name":"Shining Light","player_choice":"Entered Light","floor":4.0,"damage_taken":0.0},{"event_name":"Dead Adventurer","player_choice":"Searched \u00273\u0027 times","floor":7.0,"damage_taken":0.0},{"event_name":"The Cleric","player_choice":"Card Removal","floor":10.0,"damage_taken":0.0},{"event_name":"The Mausoleum","player_choice":"Yes","floor":19,"damage_taken":0},{"event_name":"Vampires","player_choice":"Became a vampire","floor":21,"damage_taken":0}],"boss_relics":[{"not_picked":["Velvet Choker","Runic Pyramid"],"picked":"Mark of Pain"}],"potions_floor_spawned":[5,12,16,20,22],"seed_played":"877390747928243363","killed_by":"Slavers","ascension_level":11,"is_trial":false}