{"gold_per_floor":[212,137,155,175,193,218,230,230,230,230,242,242,242,254,254,254],"floor_reached":16,"playtime":2809,"items_purged":["Strike_B"],"score":104,"play_id":"52fc7c51-0027-4cfd-b9ad-d1204954a773","local_time":"20181119204408","is_ascension_mode":false,"campfire_choices":[{"floor":8,"key":"REST"},{"data":"Zap","floor":10,"key":"SMITH"},{"floor":12,"key":"REST"},{"floor":15,"key":"REST"}],"neow_cost":"NONE","seed_source_timestamp":959783403685714,"circlet_count":0,"master_deck":["Strike_B","Strike_B","Strike_B","Defend_B","Defend_B","Defend_B","Defend_B","Zap+1","Dualcast+1","Steam","Turbo","Static Discharge","Beam Cell+1","FTL+1","Creative AI+1","Self Repair"],"relics":["Cracked Core","Molten Egg 2","Omamori"],"potions_floor_usage":[14,16],"damage_taken":[{"damage":1,"enemies":"2 Louse","floor":1,"turns":2},{"damage":1,"enemies":"Jaw Worm","floor":3,"turns":3},{"damage":5,"enemies":"Small Slimes","floor":4,"turns":3},{"damage":0,"enemies":"Looter","floor":5,"turns":3},{"damage":41,"enemies":"Gremlin Nob","floor":6,"turns":5},{"damage":6,"enemies":"3 Louse","floor":7,"turns":4},{"damage":18,"enemies":"Exordium Wildlife","floor":11,"turns":4},{"damage":21,"enemies":"Exordium Thugs","floor":14,"turns":4},{"damage":34,"enemies":"The Guardian","floor":16,"turns":7}],"seed_played":"-1830605449226341334","potions_obtained":[{"floor":3,"key":"Explosive Potion"},{"floor":6,"key":"Energy Potion"},{"floor":14,"key":"Energy Potion"}],"is_trial":false,"path_per_floor":["M","$","M","M","M","E","M","R","T","R","M","R","?","M","R","B"],"character_chosen":"DEFECT","items_purchased":[],"campfire_rested":3,"item_purchase_floors":[],"current_hp_per_floor":[74,74,73,68,68,27,21,43,43,43,25,47,32,11,33,0],"gold":254,"neow_bonus":"HUNDRED_GOLD","is_prod":false,"is_daily":false,"chose_seed":false,"campfire_upgraded":1,"win_rate":0,"timestamp":1542678248,"path_taken":["M","$","M","M","M","E","M","R","T","R","M","R","?","M","R","BOSS"],"build_version":"2018-11-15","purchased_purges":1,"victory":false,"max_hp_per_floor":[75,75,75,75,75,75,75,75,75,75,75,75,75,75,75,75],"card_choices":[{"not_picked":["Doom and Gloom","Stack"],"picked":"Steam","floor":1},{"not_picked":["Leap","Rebound"],"picked":"Turbo","floor":3},{"not_picked":["Gash","Melter","Chaos"],"picked":"SKIP","floor":4},{"not_picked":["Leap","Melter"],"picked":"Static Discharge","floor":5},{"not_picked":["Hologram","Capacitor"],"picked":"Beam Cell","floor":6},{"not_picked":["Rebound+1","Chill"],"picked":"FTL+1","floor":7},{"not_picked":["Chill","Leap"],"picked":"Creative AI","floor":11},{"not_picked":["Blizzard+1","Melter+1"],"picked":"Self Repair","floor":14}],"player_experience":337186,"relics_obtained":[{"floor":6,"key":"Molten Egg 2"},{"floor":9,"key":"Omamori"}],"event_choices":[{"damage_healed":0,"gold_gain":0,"player_choice":"Entered Light","damage_taken":15,"max_hp_gain":0,"max_hp_loss":0,"event_name":"Shining Light","floor":13,"gold_loss":0,"cards_upgraded":["Creative AI","Dualcast"]}],"is_beta":false,"boss_relics":[],"items_purged_floors":[2],"is_endless":false,"potions_floor_spawned":[3,6,14],"killed_by":"The Guardian","ascension_level":0}