{"path_per_floor":["M","M","?","?","?","E","$","E","T","R","M","M","E","?","R","B",null,"M","$","?","?","?","R","E","R","T","?","E","?","M","E","R","B",null,"M","?","?","M","M","R","E","M","T","$","?","R","E","?","R"],"character_chosen":"IRONCLAD","items_purchased":["Juzu Bracelet","War Paint","Matryoshka","Centennial Puzzle","Flash of Steel"],"gold_per_floor":[114,129,129,129,79,109,34,64,64,64,79,94,124,124,124,224,254,269,19,169,169,169,169,199,199,224,224,254,177,192,222,222,322,322,337,1336,1336,1351,1366,1366,1396,1411,1436,563,563,563,593,593,593,593],"floor_reached":50,"campfire_rested":6,"playtime":1748,"item_purchase_floors":[19,44,44,44,44],"current_hp_per_floor":[79,79,85,85,85,65,65,50,56,83,83,83,48,48,48,62,103,96,96,96,96,96,96,53,83,89,89,75,75,62,49,81,64,115,100,112,90,84,65,103,64,67,73,73,73,112,109,109,133,0],"items_purged":["Defend_R","Strike_R","Normality"],"gold":593,"score":870,"play_id":"8be30df7-8955-429b-b8b8-74964e76226d","local_time":"20180609151416","daily_mods":["Diverse","Cursed Run","Elite Swarm"],"is_prod":false,"is_daily":true,"chose_seed":false,"is_ascension_mode":false,"campfire_upgraded":2,"win_rate":0,"timestamp":1528553656,"campfire_choices":[{"floor":10,"key":"REST"},{"data":"Bash","floor":15,"key":"SMITH"},{"data":"Riddle With Holes","floor":23,"key":"SMITH"},{"floor":25,"key":"REST"},{"floor":32,"key":"REST"},{"floor":40,"key":"REST"},{"floor":46,"key":"REST"},{"floor":49,"key":"REST"}],"path_taken":["M","M","?","?","?","E","?","E","T","R","M","?","E","?","R","BOSS","M","$","?","?","?","R","E","R","T","?","E","?","M","E","R","BOSS","M","?","?","M","M","R","E","M","T","$","?","R","E","?","R","BOSS"],"build_version":"2018-06-07v3","seed_source_timestamp":0,"purchased_purges":3,"victory":false,"master_deck":["Strike_R","Strike_R+1","Defend_R","Defend_R+1","Bash+1","Riddle With Holes+1","Regret","Doppelganger+1","Regret","Limit Break+1","Regret","Seek","Shrug It Off","Quick Slash+1","Tools of the Trade","Parasite","Hyperbeam","J.A.X.","Normality","Offering+1","Normality","Inflame+1","Regret","Flash of Steel"],"max_hp_per_floor":[80,80,86,86,86,86,86,86,92,92,92,92,92,92,92,98,103,103,103,103,103,103,103,103,103,109,109,109,109,109,109,109,115,115,115,127,127,127,127,127,127,127,133,133,133,133,133,133,133,133],"relics":["Cursed Key","Darkstone Periapt","Du-Vu Doll","Vajra","Meat on the Bone","Bottled Flame","Kunai","Dead Branch","Tiny House","Juzu Bracelet","Whetstone","Pen Nib","Sundial","Prayer Wheel","Busted Crown","Calipers","Lantern","Bag of Marbles","War Paint","Matryoshka","Centennial Puzzle","Boot"],"card_choices":[{"not_picked":["Rebound","Anger"],"picked":"Riddle With Holes","floor":1},{"not_picked":["Choke","Steam","Underhanded Strike"],"picked":"SKIP","floor":2},{"not_picked":["Envenom","Berserk","Corpse Explosion"],"picked":"SKIP","floor":6},{"not_picked":["Meteor Strike","Corpse Explosion"],"picked":"Doppelganger","floor":8},{"not_picked":["BootSequence","Rampage","Deadly Poison"],"picked":"SKIP","floor":11},{"not_picked":["Leap","PiercingWail","Conserve Battery"],"picked":"SKIP","floor":12},{"not_picked":["Demon Form","Offering"],"picked":"Limit Break","floor":13},{"not_picked":["Core Surge","Venomology"],"picked":"Seek","floor":16},{"not_picked":["Darkness","Thunderclap"],"picked":"Shrug It Off","floor":17},{"not_picked":["Anger","Go for the Eyes"],"picked":"Quick Slash","floor":18},{"not_picked":["Creative AI","Bludgeon"],"picked":"Tools of the Trade","floor":24},{"not_picked":["Reaper","Barricade"],"picked":"Hyperbeam","floor":28},{"not_picked":["Accuracy","Reprogram","BootSequence+1"],"picked":"SKIP","floor":30},{"not_picked":["Doppelganger","Storm of Steel","Multi-Cast"],"picked":"SKIP","floor":31},{"not_picked":["Doppelganger","Hyperbeam"],"picked":"Offering","floor":33},{"not_picked":["Dagger Spray+1"],"picked":"SKIP","floor":35},{"not_picked":["Chill"],"picked":"SKIP","floor":35},{"not_picked":["Body Slam"],"picked":"SKIP","floor":38},{"not_picked":["PiercingWail+1"],"picked":"SKIP","floor":38},{"not_picked":[],"picked":"Inflame+1","floor":39},{"not_picked":["All Out Attack"],"picked":"SKIP","floor":39},{"not_picked":["Wraith Form v2"],"picked":"SKIP","floor":41},{"not_picked":["Headbutt+1"],"picked":"SKIP","floor":42},{"not_picked":["Anger+1"],"picked":"SKIP","floor":42},{"not_picked":["Feed"],"picked":"SKIP","floor":47}],"player_experience":281887,"potions_floor_usage":[12,24,24,41,50,50],"damage_taken":[{"damage":1,"enemies":"Jaw Worm","floor":1,"turns":2},{"damage":0,"enemies":"Small Slimes","floor":2,"turns":2},{"damage":20,"enemies":"Lagavulin","floor":6,"turns":4},{"damage":15,"enemies":"Gremlin Nob","floor":8,"turns":3},{"damage":0,"enemies":"2 Louse","floor":11,"turns":1},{"damage":0,"enemies":"Blue Slaver","floor":12,"turns":1},{"damage":35,"enemies":"3 Sentries","floor":13,"turns":6},{"damage":4,"enemies":"Slime Boss","floor":16,"turns":3},{"damage":14,"enemies":"3 Byrds","floor":18,"turns":5},{"damage":43,"enemies":"Slavers","floor":24,"turns":3},{"damage":14,"enemies":"Book of Stabbing","floor":28,"turns":2},{"damage":13,"enemies":"2 Thieves","floor":30,"turns":2},{"damage":25,"enemies":"Slavers","floor":31,"turns":3},{"damage":35,"enemies":"Collector","floor":33,"turns":5},{"damage":15,"enemies":"Orb Walker","floor":35,"turns":2},{"damage":22,"floor":37,"turns":3},{"damage":6,"enemies":"3 Shapes","floor":38,"turns":1},{"damage":19,"enemies":"3 Darklings","floor":39,"turns":3},{"damage":39,"enemies":"Giant Head","floor":41,"turns":3},{"damage":9,"enemies":"4 Shapes","floor":42,"turns":2},{"damage":3,"enemies":"Nemesis","floor":47,"turns":1},{"damage":168,"enemies":"Awakened One","floor":50,"turns":7}],"relics_obtained":[{"floor":6,"key":"Meat on the Bone"},{"floor":8,"key":"Bottled Flame"},{"floor":9,"key":"Kunai"},{"floor":13,"key":"Dead Branch"},{"floor":24,"key":"Whetstone"},{"floor":26,"key":"Pen Nib"},{"floor":28,"key":"Sundial"},{"floor":31,"key":"Prayer Wheel"},{"floor":37,"key":"Calipers"},{"floor":41,"key":"Lantern"},{"floor":43,"key":"Bag of Marbles"},{"floor":47,"key":"Boot"}],"event_choices":[{"event_name":"Big Fish","player_choice":"Box","floor":3,"damage_taken":0},{"event_name":"Transmorgrifier","player_choice":"Transform","floor":4,"damage_taken":0},{"event_name":"The Cleric","player_choice":"Card Removal","floor":5,"damage_taken":0},{"event_name":"Living Wall","player_choice":"Grow","floor":14,"damage_taken":0},{"event_name":"Nest","player_choice":"Stole From Cult","floor":20,"damage_taken":0},{"event_name":"Ghosts","player_choice":"Ignored","floor":21,"damage_taken":0},{"event_name":"The Lab","player_choice":"Got Potions","floor":22,"damage_taken":0},{"event_name":"Back to Basics","player_choice":"Elegance","floor":27,"damage_taken":0},{"event_name":"Drug Dealer","player_choice":"Got JAXXED","floor":29,"damage_taken":0},{"event_name":"MindBloom","player_choice":"Gold","floor":36,"damage_taken":0},{"event_name":"Mysterious Sphere","player_choice":"Fight","floor":37,"damage_taken":0},{"event_name":"Tomb of Lord Red Mask","player_choice":"Ignored","floor":45,"damage_taken":0},{"event_name":"Falling","player_choice":"Removed Attack","floor":48,"damage_taken":0}],"boss_relics":[{"not_picked":["Runic Pyramid","Snecko Eye"],"picked":"Tiny House"},{"not_picked":["Eternal Feather","Philosopher\u0027s Stone"],"picked":"Busted Crown"}],"items_purged_floors":[7,19,44],"potions_floor_spawned":[6,11,12,31,38,41,47],"seed_played":"-8965767018673126133","killed_by":"Awakened One","ascension_level":0,"potions_obtained":[{"floor":6,"key":"Fire Potion"},{"floor":11,"key":"BloodPotion"},{"floor":12,"key":"Swift Potion"},{"floor":17,"key":"SteroidPotion"},{"floor":31,"key":"SteroidPotion"},{"floor":38,"key":"Fire Potion"},{"floor":41,"key":"Dexterity Potion"},{"floor":47,"key":"Regen Potion"}],"is_trial":false}