{"gold_per_floor":[117,135,37,53,68,128,128,158,211,64,76,101,71,88,88,183,183,202,58,78,78,98,98,98,118,196,229,244,244,275,11,11,115,115,125,125,140,152,165,165,165,178,229,229,249,261,87,103,103,103],"floor_reached":50,"playtime":7543,"items_purged":["Strike_R","Strike_R","Strike_R"],"score":583,"play_id":"036ab504-3c32-4301-ac05-beeecf597a79","local_time":"20181122005427","is_ascension_mode":false,"campfire_choices":[{"data":"True Grit","floor":7.0,"key":"SMITH"},{"data":"True Grit","floor":15.0,"key":"SMITH"},{"floor":23.0,"key":"RECALL"},{"data":"Barricade","floor":29.0,"key":"SMITH"},{"floor":32.0,"key":"REST"},{"data":"Double Tap","floor":41,"key":"SMITH"},{"data":"Shrug It Off","floor":49,"key":"SMITH"}],"neow_cost":"NONE","seed_source_timestamp":0,"circlet_count":0,"master_deck":["Strike_R+1","Defend_R","Defend_R","Defend_R","Defend_R","Bash","Bludgeon","Clothesline","True Grit+1","True Grit+1","Ghostly Armor","Thunderclap","Body Slam+1","Warcry","Sentinel","Barricade+1","True Grit+1","Power Through","Disarm+1","Headbutt+1","Shrug It Off+1","Impervious","Double Tap+1","Whirlwind+1","Battle Trance+1","Flex+1","Ghostly Armor+1"],"special_seed":0,"relics":["Burning Blood","Tiny Chest","Pantograph","Anchor","Ancient Tea Set","Velvet Choker","Art of War","Singing Bowl","Molten Egg 2","Whetstone","Omamori","Coffee Dripper","Potion Belt","Blood Vial"],"potions_floor_usage":[39,42,45,50,50,50,50],"damage_taken":[{"damage":0.0,"enemies":"Cultist","floor":1.0,"turns":2.0},{"damage":2.0,"enemies":"2 Louse","floor":2.0,"turns":3.0},{"damage":1.0,"enemies":"Jaw Worm","floor":4.0,"turns":3.0},{"damage":10.0,"enemies":"Exordium Thugs","floor":5.0,"turns":5.0},{"damage":25.0,"enemies":"3 Sentries","floor":6.0,"turns":13.0},{"damage":25.0,"enemies":"Lagavulin","floor":8.0,"turns":7.0},{"damage":0.0,"enemies":"Lots of Slimes","floor":11.0,"turns":2.0},{"damage":20.0,"enemies":"Gremlin Nob","floor":12.0,"turns":4.0},{"damage":3.0,"enemies":"3 Louse","floor":14.0,"turns":6.0},{"damage":54.0,"enemies":"The Guardian","floor":16.0,"turns":17.0},{"damage":0.0,"enemies":"Shell Parasite","floor":18.0,"turns":8.0},{"damage":0.0,"enemies":"Chosen","floor":20.0,"turns":6.0},{"damage":0.0,"enemies":"Snake Plant","floor":22.0,"turns":4.0},{"damage":20.0,"enemies":"Shelled Parasite and Fungi","floor":25.0,"turns":11.0},{"damage":0.0,"enemies":"Book of Stabbing","floor":27.0,"turns":9.0},{"damage":22.0,"enemies":"Sentry and Sphere","floor":28.0,"turns":11.0},{"damage":50.0,"enemies":"Gremlin Leader","floor":30.0,"turns":10.0},{"damage":42.0,"enemies":"Automaton","floor":33.0,"turns":13.0},{"damage":0,"enemies":"Orb Walker","floor":35,"turns":3},{"damage":0,"enemies":"3 Shapes","floor":37,"turns":4},{"damage":15,"enemies":"3 Darklings","floor":38,"turns":9},{"damage":0,"enemies":"Transient","floor":39,"turns":5},{"damage":12,"enemies":"Writhing Mass","floor":42,"turns":10},{"damage":14,"enemies":"Jaw Worm Horde","floor":45,"turns":3},{"damage":17,"enemies":"3 Darklings","floor":46,"turns":6},{"damage":0,"enemies":"Transient","floor":48,"turns":5},{"damage":149,"enemies":"Donu and Deca","floor":50,"turns":13}],"seed_played":"6361006743240541984","potions_obtained":[{"floor":2.0,"key":"FearPotion"},{"floor":4.0,"key":"Ancient Potion"},{"floor":5.0,"key":"Explosive Potion"},{"floor":13.0,"key":"Regen Potion"},{"floor":13.0,"key":"SpeedPotion"},{"floor":14.0,"key":"Swift Potion"},{"floor":16.0,"key":"Block Potion"},{"floor":22.0,"key":"FearPotion"},{"floor":30.0,"key":"Explosive Potion"},{"floor":33.0,"key":"Regen Potion"},{"floor":35,"key":"Swift Potion"},{"floor":38,"key":"BloodPotion"},{"floor":39,"key":"Fruit Juice"},{"floor":46,"key":"Regen Potion"}],"is_trial":false,"path_per_floor":["M","M","$","M","M","E","R","E","T","$","M","E","?","M","R","B",null,"M","$","M","T","M","R","?","M","T","E","M","R","E","$","R","B",null,"M","T","M","M","M","?","R","M","T","?","M","M","$","M","R","B"],"character_chosen":"IRONCLAD","items_purchased":["True Grit","Anchor","Art of War","Impervious","Swift Potion"],"campfire_rested":1,"item_purchase_floors":[3,10,19,31,47],"current_hp_per_floor":[80,80,80,80,76,57,57,38,38,38,44,30,30,48,48,25,80,80,80,80,80,82,82,82,68,68,76,60,60,16,16,41,30,84,84,84,84,75,83,83,83,84,84,84,80,71,71,81,81,0],"gold":103,"neow_bonus":"ONE_RANDOM_RARE_CARD","is_prod":false,"is_daily":false,"chose_seed":false,"campfire_upgraded":5,"win_rate":0,"timestamp":1542866067,"path_taken":["M","?","$","M","M","E","R","E","T","$","M","E","?","M","R","BOSS","M","$","M","?","M","R","?","M","T","E","M","R","E","$","R","BOSS","M","?","M","?","?","?","R","M","T","?","M","?","$","M","R","BOSS"],"build_version":"2018-11-15","purchased_purges":3,"victory":false,"max_hp_per_floor":[80,80,80,80,80,80,80,80,80,80,80,80,80,80,80,80,80,80,80,80,80,82,82,82,82,82,84,84,84,84,84,84,84,84,84,84,84,84,86,86,86,93,93,93,95,95,95,97,97,97],"card_choices":[{"not_picked":["Anger","Feel No Pain","Thunderclap"],"picked":"SKIP","floor":1.0},{"not_picked":["Sword Boomerang","Corruption"],"picked":"Clothesline","floor":2.0},{"not_picked":["Inflame","Pummel"],"picked":"True Grit","floor":4.0},{"not_picked":["Seeing Red","Flame Barrier"],"picked":"Ghostly Armor","floor":5.0},{"not_picked":["Combust","Rupture"],"picked":"Thunderclap","floor":6.0},{"not_picked":["Heavy Blade","Sword Boomerang"],"picked":"Body Slam","floor":8.0},{"not_picked":["Brutality","Perfected Strike"],"picked":"Warcry","floor":11.0},{"not_picked":["Warcry","Wild Strike"],"picked":"Sentinel","floor":12.0},{"not_picked":["Body Slam","Sword Boomerang","Wild Strike"],"picked":"SKIP","floor":14.0},{"not_picked":["Reaper","Fiend Fire"],"picked":"Barricade","floor":16.0},{"not_picked":["Feel No Pain","Dual Wield"],"picked":"True Grit+1","floor":18.0},{"not_picked":["Ghostly Armor","Havoc+1"],"picked":"Power Through","floor":20.0},{"not_picked":["Headbutt","Pommel Strike","Rage+1"],"picked":"Singing Bowl","floor":22.0},{"not_picked":["Body Slam","Thunderclap+1"],"picked":"Disarm+1","floor":25.0},{"not_picked":["Pummel+1","Thunderclap+1","Immolate+1"],"picked":"Singing Bowl","floor":27.0},{"not_picked":["Iron Wave+1","Clash+1"],"picked":"Headbutt+1","floor":28.0},{"not_picked":["Cleave+1","Headbutt+1"],"picked":"Shrug It Off","floor":30.0},{"not_picked":["Bludgeon+1","Berserk"],"picked":"Double Tap","floor":33.0},{"not_picked":["Pommel Strike+1","Armaments+1"],"picked":"Whirlwind+1","floor":35},{"not_picked":["Armaments","Thunderclap+1"],"picked":"Battle Trance+1","floor":37},{"not_picked":["Wild Strike+1","Clothesline+1"],"picked":"Flex+1","floor":38},{"not_picked":["Anger+1","Flex+1","Thunderclap+1"],"picked":"Singing Bowl","floor":39},{"not_picked":["Hemokinesis+1","Iron Wave+1","Dark Embrace"],"picked":"Singing Bowl","floor":42},{"not_picked":["Disarm+1","Battle Trance","Intimidate+1"],"picked":"Singing Bowl","floor":45},{"not_picked":["Clash+1","Perfected Strike+1"],"picked":"Ghostly Armor+1","floor":46},{"not_picked":["Pommel Strike+1","Perfected Strike+1","Power Through"],"picked":"Singing Bowl","floor":48}],"player_experience":354387,"relics_obtained":[{"floor":6.0,"key":"Tiny Chest"},{"floor":8.0,"key":"Pantograph"},{"floor":12.0,"key":"Ancient Tea Set"},{"floor":21.0,"key":"Singing Bowl"},{"floor":26.0,"key":"Molten Egg 2"},{"floor":27.0,"key":"Whetstone"},{"floor":30.0,"key":"Omamori"},{"floor":36,"key":"Potion Belt"},{"floor":43,"key":"Blood Vial"}],"event_choices":[{"damage_healed":0.0,"max_hp_gain":0.0,"max_hp_loss":0.0,"gold_gain":0.0,"event_name":"The Woman in Blue","player_choice":"Bought 2 Potions","floor":13.0,"gold_loss":0.0,"damage_taken":0.0},{"damage_healed":0.0,"max_hp_gain":0.0,"max_hp_loss":0.0,"gold_gain":0.0,"event_name":"N\u0027loth","player_choice":"Ignored","floor":24.0,"gold_loss":0.0,"damage_taken":0.0},{"damage_healed":0,"gold_gain":0,"player_choice":"Ignored","damage_taken":0,"max_hp_gain":0,"max_hp_loss":0,"event_name":"Tomb of Lord Red Mask","floor":40,"gold_loss":0},{"cards_removed":["Strike_R"],"damage_healed":0,"gold_gain":0,"player_choice":"Offered Basic","damage_taken":0,"max_hp_gain":0,"max_hp_loss":0,"event_name":"Bonfire Elementals","floor":44,"gold_loss":0}],"is_beta":false,"boss_relics":[{"not_picked":["Fusion Hammer","Empty Cage"],"picked":"Velvet Choker"},{"not_picked":["Black Blood","Calling Bell"],"picked":"Coffee Dripper"}],"items_purged_floors":[3,31,47],"is_endless":false,"potions_floor_spawned":[2,4,5,14,16,22,30,33,35,38,39,46],"killed_by":"Donu and Deca","ascension_level":0}