{"gold_per_floor":[14,28,28,5,23,23,50,50,50,82,82,32,32,32,32,132,132,150,75,75,175,189,189,219,234,234,234,250,276,290,325,325,430,430,447,55,73,73,87,87,122,87,166,166,191,201,212,212,212,212,212,212,13,48,48],"floor_reached":56,"playtime":3859,"items_purged":["Defend_G","Tactician+1","Strike_G"],"score":1775,"play_id":"f6e766ce-0d11-4e7c-baa5-86fa71b33322","local_time":"20190110184118","is_ascension_mode":true,"campfire_choices":[{"data":"Neutralize","floor":6,"key":"SMITH"},{"data":"Underhanded Strike","floor":8,"key":"SMITH"},{"data":"Noxious Fumes","floor":11,"key":"SMITH"},{"data":"Unload","floor":13,"key":"SMITH"},{"data":"Survivor","floor":15,"key":"SMITH"},{"data":"Tactician","floor":23,"key":"SMITH"},{"data":"Deflect","floor":27,"key":"SMITH"},{"data":"Deflect","floor":32,"key":"SMITH"},{"data":"Adrenaline","floor":40,"key":"SMITH"},{"data":"Backstab","floor":44,"key":"SMITH"},{"floor":49,"key":"RECALL"},{"data":"Panache","floor":52,"key":"SMITH"}],"neow_cost":"NO_GOLD","seed_source_timestamp":424472267120520,"circlet_count":0,"master_deck":["Defend_G","Defend_G","Defend_G+1","Strike_G","Strike_G","Strike_G+1","Strike_G","Survivor+1","Neutralize+1","Underhanded Strike+1","Noxious Fumes+1","Unload+1","Deflect+1","Prepared+1","Backstab+1","Deflect+1","Adrenaline+1","Prepared+1","Finisher+1","Backstab","PiercingWail+1","Prepared+1","Panacea+1","Trip+1","Panache+1","Blur+1"],"relics":["Ring of the Snake","Tough Bandages","Mummified Hand","Letter Opener","Unceasing Top","HoveringKite","Bottled Tornado","Pantograph","Nunchaku","Singing Bowl","Lizard Tail","Ice Cream","Ginger","Toxic Egg 2","Gremlin Horn"],"potions_floor_usage":[7,7,28,33,55,55,55],"damage_taken":[{"damage":0,"enemies":"2 Louse","floor":1,"turns":4},{"damage":4,"enemies":"Small Slimes","floor":2,"turns":6},{"damage":1,"enemies":"Cultist","floor":5,"turns":4},{"damage":20,"enemies":"Gremlin Nob","floor":7,"turns":4},{"damage":9,"enemies":"3 Sentries","floor":10,"turns":8},{"damage":0,"enemies":"Slime Boss","floor":16,"turns":8},{"damage":0,"enemies":"Spheric Guardian","floor":18,"turns":3},{"damage":0,"enemies":"3 Byrds","floor":22,"turns":4},{"damage":5,"enemies":"Gremlin Leader","floor":24,"turns":6},{"damage":6,"enemies":"Snecko","floor":25,"turns":6},{"damage":0,"enemies":"3 Cultists","floor":28,"turns":3},{"damage":0,"enemies":"Book of Stabbing","floor":29,"turns":6},{"damage":0,"enemies":"Centurion and Healer","floor":30,"turns":4},{"damage":0,"enemies":"Gremlin Leader","floor":31,"turns":5},{"damage":0,"enemies":"Champ","floor":33,"turns":12},{"damage":0,"enemies":"Orb Walker","floor":35,"turns":2},{"damage":0,"enemies":"3 Shapes","floor":37,"turns":4},{"damage":0,"enemies":"Jaw Worm Horde","floor":39,"turns":3},{"damage":0,"enemies":"Giant Head","floor":41,"turns":8},{"damage":0,"enemies":"Nemesis","floor":45,"turns":3},{"damage":0,"enemies":"Spire Growth","floor":46,"turns":3},{"damage":0,"enemies":"Maw","floor":47,"turns":6},{"damage":0,"enemies":"Awakened One","floor":50,"turns":9},{"damage":4,"enemies":"Shield and Spear","floor":54,"turns":3},{"damage":41,"enemies":"The Heart","floor":55,"turns":10}],"seed_played":"-3685783757340196774","potions_obtained":[{"floor":2,"key":"SneckoOil"},{"floor":5,"key":"Fire Potion"},{"floor":16,"key":"Energy Potion"},{"floor":22,"key":"FearPotion"},{"floor":24,"key":"Regen Potion"},{"floor":29,"key":"EssenceOfSteel"},{"floor":39,"key":"Poison Potion"},{"floor":47,"key":"Fire Potion"}],"is_trial":false,"path_per_floor":["M","M","?","?","M","R","E","R","T","E","R","?","R","?","R","B",null,"M","$","?","?","M","R","E","M","T","R","M","E","M","E","R","B",null,"M","$","M","?","M","R","E","$","T","R","E","M","M","?","R","B",null,"R","$","E","B",null],"character_chosen":"THE_SILENT","items_purchased":["Ice Cream","Backstab","GhostInAJar"],"campfire_rested":0,"item_purchase_floors":[36,42,53],"current_hp_per_floor":[70,66,59,59,58,58,38,38,38,29,29,29,29,15,15,15,70,70,70,70,70,70,70,65,59,59,59,59,59,59,61,61,72,72,74,74,76,76,78,78,78,78,78,78,78,78,80,70,70,80,80,80,80,76,54],"gold":48,"neow_bonus":"ONE_RARE_RELIC","is_prod":false,"is_daily":false,"chose_seed":false,"campfire_upgraded":11,"win_rate":0,"timestamp":1547145678,"path_taken":["M","M","?","?","M","R","E","R","T","E","R","?","R","?","R","BOSS","M","$","?","?","M","R","E","M","T","R","M","E","M","E","R","BOSS","M","$","?","?","M","R","E","$","T","R","E","?","M","?","R","BOSS","R","$","E","BOSS"],"build_version":"2019-01-03v4","purchased_purges":3,"victory":true,"max_hp_per_floor":[70,70,70,70,70,70,70,70,70,70,70,70,70,70,70,70,70,70,70,70,70,70,70,70,70,70,70,70,70,70,72,72,72,72,74,74,76,76,78,78,78,78,78,78,78,78,80,80,80,80,80,80,80,80,80],"card_choices":[{"not_picked":["Deadly Poison","Poisoned Stab"],"picked":"Acrobatics","floor":1},{"not_picked":["Dodge and Roll","PiercingWail","Caltrops"],"picked":"SKIP","floor":2},{"not_picked":["Acrobatics","Deflect"],"picked":"Underhanded Strike","floor":5},{"not_picked":["Slice","Blade Dance"],"picked":"Noxious Fumes","floor":7},{"not_picked":["Cloak And Dagger","Acrobatics"],"picked":"Unload","floor":10},{"not_picked":["Quick Slash","Poisoned Stab+1"],"picked":"Tactician","floor":18},{"not_picked":["Acrobatics","Blur"],"picked":"Deflect","floor":22},{"not_picked":["Die Die Die","Skewer"],"picked":"Prepared+1","floor":24},{"not_picked":["Quick Slash+1","PiercingWail","Sucker Punch"],"picked":"SKIP","floor":25},{"not_picked":["Bane","Deflect"],"picked":"Backstab","floor":28},{"not_picked":["Bane+1","Quick Slash","Noxious Fumes+1"],"picked":"SKIP","floor":29},{"not_picked":["Cloak And Dagger","Crippling Poison"],"picked":"Deflect","floor":30},{"not_picked":["Sucker Punch","Storm of Steel","Riddle With Holes"],"picked":"Singing Bowl","floor":31},{"not_picked":["Unload","Malaise"],"picked":"Adrenaline","floor":33},{"not_picked":["PiercingWail+1","Crippling Poison","Quick Slash"],"picked":"Singing Bowl","floor":35},{"not_picked":["Backflip","All Out Attack+1","Infinite Blades"],"picked":"Singing Bowl","floor":37},{"not_picked":["Blade Dance+1","Footwork","Crippling Poison"],"picked":"Singing Bowl","floor":39},{"not_picked":["Sucker Punch","Dagger Spray+1"],"picked":"Finisher+1","floor":41},{"not_picked":["Accuracy+1","Die Die Die"],"picked":"PiercingWail","floor":45},{"not_picked":["Slice","Sucker Punch"],"picked":"Prepared+1","floor":46},{"not_picked":["Catalyst+1","Burst+1","Bouncing Flask+1"],"picked":"Singing Bowl","floor":47},{"not_picked":["Magnetism","Apotheosis+1"],"picked":"Panacea+1","floor":48},{"not_picked":["Enlightenment+1","Bandage Up+1"],"picked":"Trip+1","floor":48},{"not_picked":["Finesse+1","Purity+1"],"picked":"Panache","floor":48},{"not_picked":["Quick Slash","Calculated Gamble+1"],"picked":"Blur+1","floor":54}],"player_experience":45854,"relics_obtained":[{"floor":7,"key":"Mummified Hand"},{"floor":9,"key":"Letter Opener"},{"floor":10,"key":"Unceasing Top"},{"floor":24,"key":"Bottled Tornado"},{"floor":26,"key":"Pantograph"},{"floor":29,"key":"Nunchaku"},{"floor":31,"key":"Singing Bowl"},{"floor":41,"key":"Ginger"},{"floor":45,"key":"Toxic Egg 2"},{"floor":54,"key":"Gremlin Horn"}],"event_choices":[{"cards_removed":["Defend_G"],"damage_healed":0,"gold_gain":0,"player_choice":"Card Removal","damage_taken":7,"max_hp_gain":0,"max_hp_loss":0,"event_name":"Golden Wing","floor":3,"gold_loss":0},{"damage_healed":0,"gold_gain":0,"player_choice":"Left Gold","damage_taken":0,"max_hp_gain":0,"max_hp_loss":0,"event_name":"World of Goop","floor":4,"gold_loss":23},{"cards_removed":["Acrobatics"],"damage_healed":0,"gold_gain":0,"player_choice":"Card Removal","damage_taken":0,"max_hp_gain":0,"max_hp_loss":0,"event_name":"The Cleric","floor":12,"gold_loss":50},{"damage_healed":0,"gold_gain":0,"player_choice":"Entered Light","damage_taken":14,"max_hp_gain":0,"max_hp_loss":0,"event_name":"Shining Light","floor":14,"gold_loss":0,"cards_upgraded":["Defend_G","Strike_G"]},{"damage_healed":0,"gold_gain":100,"player_choice":"Pray","damage_taken":0,"max_hp_gain":0,"max_hp_loss":0,"event_name":"Golden Shrine","floor":21,"gold_loss":0},{"damage_healed":0,"gold_gain":0,"player_choice":"Copied","damage_taken":0,"max_hp_gain":0,"max_hp_loss":0,"event_name":"Duplicator","floor":38,"gold_loss":0,"cards_obtained":["Prepared"]},{"damage_healed":0,"gold_gain":0,"player_choice":"Memory 3","damage_taken":10,"max_hp_gain":0,"max_hp_loss":0,"event_name":"SensoryStone","floor":48,"gold_loss":0}],"is_beta":false,"boss_relics":[{"not_picked":["Astrolabe","Ring of the Serpent"],"picked":"HoveringKite"},{"not_picked":["Velvet Choker","White Beast Statue"],"picked":"Lizard Tail"}],"items_purged_floors":[19,36,53],"is_endless":false,"potions_floor_spawned":[2,5,16,22,24,29,39,47],"ascension_level":4}