{"path_per_floor":["M","M","?","M","M","E","R","M","T","E","M","M","R","?","R","B",null,"M","M","M","$","M","R","M","M","T","M","M","?","M"],"character_chosen":"THE_SILENT","items_purchased":["Pantograph","Happy Flower","Bandage Up"],"gold_per_floor":[115,135,135,159,184,224,224,245,245,276,296,319,319,394,394,515,515,530,543,557,60,80,80,94,115,187,212,235,135,160],"floor_reached":31,"campfire_rested":2,"playtime":5446,"current_hp_per_floor":[77,77,77,77,57,53,53,47,47,47,47,47,47,36,59,46,77,61,52,43,43,21,44,38,35,35,31,29,29,23],"items_purged":[],"gold":160,"score":307,"play_id":"9b67b3d0-0481-413d-9c8e-b80e2d1698f2","is_prod":false,"is_daily":false,"is_ascension_mode":false,"campfire_upgraded":2,"path_taken":["M","M","?","?","M","E","R","M","T","E","M","M","R","?","R","BOSS","M","M","M","$","M","R","M","M","T","M","M","?","M","E"],"build_version":"2018-02-15-PROD1","purchased_purges":0,"victory":false,"master_deck":["Defend_G+1","Defend_G","Defend_G","Defend_G","Defend_G","Strike_G","Strike_G","Strike_G","Strike_G","Strike_G","Survivor","Neutralize","Deflect","Sucker Punch","Injury","Dodge and Roll+1","Dagger Throw","Adrenaline+1","Terror","Well Laid Plans","Caltrops+1","Backflip","Tools of the Trade","Infinite Blades","Deflect","All Out Attack","Bandage Up","Footwork","Deadly Poison+1","Backflip","Regret","Terror+1","Prepared+1","J.A.X.+1","Deflect+1"],"max_hp_per_floor":[77,77,77,77,77,77,77,77,77,77,77,77,77,77,77,77,77,77,77,77,77,77,77,77,77,77,77,77,77,77],"relics":["Ring of the Snake","Golden Idol","War Paint","Oddly Smooth Stone","Orichalcum","Cursed Key","Pantograph","Happy Flower","Toxic Egg 2"],"card_choices":[{"not_picked":["Dash","Prepared"],"picked":"Deflect"},{"not_picked":["Predator","PiercingWail"],"picked":"Sucker Punch"},{"not_picked":["Backflip","Bane"],"picked":"Dodge and Roll"},{"not_picked":["Finisher","Dagger Spray"],"picked":"Dagger Throw"},{"not_picked":["Distraction","Outmaneuver"],"picked":"Adrenaline"},{"not_picked":["Leg Sweep","Poisoned Stab"],"picked":"Terror"},{"not_picked":["Riddle With Holes","After Image"],"picked":"Well Laid Plans"},{"not_picked":["Bane","Flying Knee"],"picked":"Caltrops"},{"not_picked":["Dash","Quick Slash"],"picked":"Backflip"},{"not_picked":["Adrenaline","Unload"],"picked":"Tools of the Trade"},{"not_picked":["Dagger Spray","Expertise"],"picked":"Infinite Blades"},{"not_picked":["Backflip","Dagger Throw"],"picked":"Deflect"},{"not_picked":["Slice","Deadly Poison"],"picked":"All Out Attack"},{"not_picked":["Dagger Spray","Dagger Throw"],"picked":"Footwork"},{"not_picked":["Acrobatics","Crippling Poison"],"picked":"Deadly Poison"},{"not_picked":["Quick Slash","Sucker Punch"],"picked":"Backflip"},{"not_picked":["All Out Attack","Predator"],"picked":"Terror"},{"not_picked":["Choke","Escape Plan"],"picked":"Prepared"},{"not_picked":["Dagger Throw","Dodge and Roll"],"picked":"Deflect"}],"player_experience":10454,"potions_floor_usage":[25,27],"damage_taken":[{"damage":0.0,"enemies":"Small Slimes","floor":1.0,"turns":5.0},{"damage":0.0,"enemies":"2 Louse","floor":2.0,"turns":6.0},{"damage":0.0,"enemies":"Cultist","floor":4.0,"turns":5.0},{"damage":20.0,"enemies":"Gremlin Gang","floor":5.0,"turns":11.0},{"damage":4.0,"enemies":"3 Sentries","floor":6.0,"turns":11.0},{"damage":6.0,"enemies":"3 Louse","floor":8.0,"turns":6.0},{"damage":0.0,"enemies":"Lagavulin","floor":10.0,"turns":7.0},{"damage":0.0,"enemies":"Large Slime","floor":11.0,"turns":8.0},{"damage":0.0,"enemies":"Looter","floor":12.0,"turns":3.0},{"damage":13.0,"enemies":"Slime Boss","floor":16.0,"turns":16.0},{"damage":16.0,"enemies":"3 Byrds","floor":18.0,"turns":4.0},{"damage":9.0,"enemies":"Chosen","floor":19.0,"turns":7.0},{"damage":9.0,"enemies":"Centurion and Healer","floor":20.0,"turns":10.0},{"damage":26.0,"enemies":"Slaver and Parasite","floor":22.0,"turns":7.0},{"damage":10,"enemies":"Centurion and Healer","floor":24,"turns":8},{"damage":7,"enemies":"Snake Plant","floor":25,"turns":5},{"damage":8,"enemies":"Chosen and Byrds","floor":27,"turns":5},{"damage":6,"enemies":"Snecko","floor":28,"turns":6},{"damage":10,"enemies":"Slaver and Parasite","floor":30,"turns":7},{"damage":24,"enemies":"Slavers","floor":31,"turns":2}],"event_choices":[{"event_name":"Golden Idol","player_choice":"Take Wound","floor":3.0,"damage_taken":0.0},{"event_name":"World of Goop","player_choice":"Gather Gold","floor":14.0,"damage_taken":0.0},{"event_name":"Drug Dealer","player_choice":"Got JAXXED","floor":29,"damage_taken":0}],"boss_relics":[],"potions_floor_spawned":[1,4,5,10,12,18,24,25],"seed_played":"5029925180328898811","killed_by":"Slavers","ascension_level":0,"is_trial":false}