{"path_per_floor":["M","M","M","M","M","R","E","M","T","E","R","M","M","M","R","B",null,"M","?","T","M","M","E","R","M","T","R","E","R","M","$","R","B",null,"M","M","?","?","M","E","R","E","T","M","$","M","?","T","R","B"],"character_chosen":"IRONCLAD","items_purchased":["Singing Bowl","War Paint","Perfected Strike","Flash of Steel","Oddly Smooth Stone","Pen Nib"],"gold_per_floor":[114,129,144,159,174,174,204,219,244,274,274,289,304,319,319,419,419,434,434,484,499,514,544,544,559,559,559,589,589,604,304,304,404,404,419,434,466,466,481,511,511,541,541,556,107,122,122,122,122,122],"floor_reached":51,"campfire_rested":0,"playtime":979,"current_hp_per_floor":[80,83,80,78,83,83,83,83,83,68,68,74,67,71,71,77,83,83,83,83,83,83,81,81,83,83,83,83,83,83,83,83,83,83,83,87,87,87,89,88,88,93,93,95,95,97,103,105,105,103],"items_purged":[],"gold":122,"score":1190,"play_id":"b921b1b0-08fb-4e85-9fb8-8f55c6696f9a","local_time":"20180325194104","daily_mods":["Time Dilation","Lethality","Hoarder"],"is_prod":false,"is_daily":true,"is_ascension_mode":false,"campfire_upgraded":9,"timestamp":1522028464,"path_taken":["M","M","M","M","M","R","E","?","T","E","R","M","M","M","R","BOSS","M","?","?","M","M","E","R","M","T","R","E","R","M","$","R","BOSS","M","M","?","?","M","E","R","E","T","M","$","M","?","?","R","BOSS"],"build_version":"2018-03-25","purchased_purges":0,"victory":true,"master_deck":["Strike_R","Strike_R","Strike_R","Strike_R","Strike_R","Defend_R","Defend_R","Defend_R","Defend_R","Bash","Infernal Blade+1","Infernal Blade+1","Infernal Blade+1","Shrug It Off","Shrug It Off","Shrug It Off","Perfected Strike+1","Perfected Strike+1","Perfected Strike+1","Pommel Strike+1","Pommel Strike+1","Pommel Strike","Pommel Strike","Pommel Strike+1","Pommel Strike","Pommel Strike","Pommel Strike","Pommel Strike","Battle Trance","Battle Trance","Battle Trance","Offering+1","Offering","Offering","Clash","Clash","Clash","Pommel Strike","Pommel Strike","Pommel Strike","Twin Strike","Twin Strike","Twin Strike","Perfected Strike+1","Perfected Strike+1","Perfected Strike+1","Double Tap","Double Tap","Double Tap","Perfected Strike+1","Perfected Strike+1","Perfected Strike+1","Wild Strike+1","Wild Strike+1","Wild Strike+1","Perfected Strike+1","Perfected Strike","Perfected Strike","Flash of Steel","Flash of Steel","Flash of Steel","Writhe","Writhe","Writhe"],"max_hp_per_floor":[80,83,83,83,83,83,83,83,83,83,83,83,83,83,83,83,83,83,83,83,83,83,83,83,83,83,83,83,83,83,83,83,83,83,85,87,87,87,89,91,91,93,93,95,95,97,103,105,105,105],"relics":["Burning Blood","Matryoshka","Darkstone Periapt","Ancient Tea Set","Ornamental Fan","Sozu","Bag of Preparation","Happy Flower","Toolbox","Prayer Wheel","Vajra","Singing Bowl","War Paint","Philosopher\u0027s Stone","Ice Cream","Pantograph","Toxic Egg 2","Red Skull","Oddly Smooth Stone","Pen Nib","Thread and Needle"],"card_choices":[{"not_picked":["Reckless Charge","Iron Wave"],"picked":"Infernal Blade","floor":1},{"not_picked":["Armaments","Thunderclap"],"picked":"Shrug It Off","floor":2},{"not_picked":["Rampage","Havoc"],"picked":"Perfected Strike","floor":3},{"not_picked":["Wild Strike","Body Slam"],"picked":"Pommel Strike","floor":5},{"not_picked":["Rampage","Sword Boomerang"],"picked":"Pommel Strike","floor":7},{"not_picked":["Evolve","Flex"],"picked":"Pommel Strike","floor":10},{"not_picked":["Havoc","True Grit"],"picked":"Battle Trance","floor":14},{"not_picked":["Juggernaut","Immolate"],"picked":"Offering","floor":16},{"not_picked":["Headbutt","Clothesline"],"picked":"Pommel Strike","floor":21},{"not_picked":["Heavy Blade","Juggernaut"],"picked":"Twin Strike","floor":23},{"not_picked":["Cleave","Twin Strike"],"picked":"Perfected Strike","floor":25},{"not_picked":["Brutality","Barricade"],"picked":"Double Tap","floor":33},{"not_picked":["Wild Strike","Flex"],"picked":"Perfected Strike","floor":37},{"not_picked":["Sword Boomerang","Clash"],"picked":"Wild Strike","floor":43}],"player_experience":267300,"potions_floor_usage":[16,16,37,40],"damage_taken":[{"damage":0,"enemies":"Cultist","floor":1,"turns":3},{"damage":0,"enemies":"Small Slimes","floor":2,"turns":2},{"damage":9,"enemies":"Jaw Worm","floor":3,"turns":2},{"damage":8,"enemies":"3 Louse","floor":4,"turns":2},{"damage":0,"enemies":"2 Fungi Beasts","floor":5,"turns":2},{"damage":0,"enemies":"Gremlin Nob","floor":7,"turns":2},{"damage":0,"enemies":"Large Slime","floor":8,"turns":2},{"damage":21,"enemies":"Lagavulin","floor":10,"turns":3},{"damage":0,"enemies":"3 Louse","floor":12,"turns":1},{"damage":13,"enemies":"2 Fungi Beasts","floor":13,"turns":2},{"damage":2,"enemies":"Blue Slaver","floor":14,"turns":2},{"damage":0,"enemies":"Slime Boss","floor":16,"turns":3},{"damage":0,"enemies":"Shell Parasite","floor":18,"turns":1},{"damage":0,"enemies":"Spheric Guardian","floor":21,"turns":1},{"damage":4,"enemies":"Centurion and Healer","floor":22,"turns":2},{"damage":8,"enemies":"Slavers","floor":23,"turns":1},{"damage":0,"enemies":"3 Cultists","floor":25,"turns":2},{"damage":0,"enemies":"Book of Stabbing","floor":28,"turns":1},{"damage":0,"enemies":"Snake Plant","floor":30,"turns":1},{"damage":0,"enemies":"Collector","floor":33,"turns":1},{"damage":8,"enemies":"3 Darklings","floor":35,"turns":1},{"damage":2,"enemies":"3 Shapes","floor":36,"turns":2},{"damage":0,"enemies":"Mysterious Sphere","floor":37,"turns":2},{"damage":0,"enemies":"3 Darklings","floor":39,"turns":1},{"damage":9,"enemies":"Giant Head","floor":40,"turns":3},{"damage":0,"enemies":"Nemesis","floor":42,"turns":1},{"damage":4,"enemies":"Sphere and 2 Shapes","floor":44,"turns":1},{"damage":0,"enemies":"Spire Growth","floor":46,"turns":1},{"damage":8,"enemies":"Time Eater","floor":50,"turns":1}],"event_choices":[{"event_name":"The Library","player_choice":"Read","floor":19,"damage_taken":0},{"event_name":"Mysterious Sphere","player_choice":"Fight","floor":37,"damage_taken":0},{"event_name":"SecretPortal","player_choice":"Rejected Portal.","floor":38,"damage_taken":0},{"event_name":"Winding Halls","player_choice":"Writhe","floor":47,"damage_taken":0}],"boss_relics":[{"not_picked":["Astrolabe","Question Card"],"picked":"Sozu"},{"not_picked":["Tiny House","Snecko Eye"],"picked":"Philosopher\u0027s Stone"}],"potions_floor_spawned":[1,3,8,13,16,21,30,33,35,37,40,42],"seed_played":"5744524933272245147","ascension_level":0,"is_trial":false}