{"gold_per_floor":[115,132,97,45,62,62,95,95,95,120,120,120,151,171,171,276,276,261,261,272,272],"floor_reached":21,"playtime":748,"items_purged":[],"score":266,"play_id":"50c3b0bd-67b0-406e-9f87-61b09e43cc1a","local_time":"20180821121606","is_ascension_mode":true,"campfire_choices":[{"data":"Entrench","floor":6,"key":"SMITH"},{"data":"Bash","floor":8,"key":"SMITH"},{"floor":12,"key":"REST"},{"floor":15,"key":"REST"}],"neow_cost":"NONE","seed_source_timestamp":83404854426910,"circlet_count":0,"master_deck":["Strike_R","Strike_R","Strike_R","Defend_R","Defend_R","Defend_R","Defend_R","Bash+1","Entrench+1","Twin Strike","Intimidate","Shrug It Off","Twin Strike","Flex","Disarm","Immolate","Pommel Strike","Barricade","Infernal Blade","Sentinel","Perfected Strike","Decay"],"relics":["Burning Blood","Paper Frog","Darkstone Periapt","Girya","Self Forming Clay","Orrery"],"potions_floor_usage":[7,10,14],"damage_taken":[{"damage":18,"enemies":"Jaw Worm","floor":1,"turns":6},{"damage":7,"enemies":"Small Slimes","floor":2,"turns":3},{"damage":0,"enemies":"Cultist","floor":5,"turns":4},{"damage":34,"enemies":"Lagavulin","floor":7,"turns":9},{"damage":34,"enemies":"3 Sentries","floor":10,"turns":12},{"damage":27,"enemies":"Gremlin Nob","floor":13,"turns":4},{"damage":1,"enemies":"2 Fungi Beasts","floor":14,"turns":3},{"damage":55,"enemies":"Hexaghost","floor":16,"turns":16},{"damage":19,"enemies":"2 Thieves","floor":18,"turns":4},{"damage":22,"enemies":"Spheric Guardian","floor":20,"turns":4},{"damage":23,"enemies":"Centurion and Healer","floor":21,"turns":2}],"seed_played":"-7380196434466299365","potions_obtained":[{"floor":1,"key":"EssenceOfSteel"},{"floor":7,"key":"GamblersBrew"},{"floor":13,"key":"SpeedPotion"}],"is_trial":false,"path_per_floor":["M","M","?","$","M","R","E","R","T","E","?","R","E","M","R","B",null,"M","?","M"],"character_chosen":"IRONCLAD","items_purchased":["Shrug It Off"],"campfire_rested":2,"item_purchase_floors":[4],"current_hp_per_floor":[60,59,79,79,80,80,52,52,52,24,24,48,27,32,56,7,62,49,55,39,16],"gold":272,"neow_bonus":"TRANSFORM_CARD","is_prod":false,"is_daily":false,"chose_seed":false,"campfire_upgraded":2,"win_rate":0,"timestamp":1534875366,"path_taken":["M","M","?","$","?","R","E","R","T","E","?","R","E","?","R","BOSS","M","?","M","M"],"build_version":"2018-08-20","purchased_purges":0,"victory":false,"max_hp_per_floor":[80,80,80,80,80,80,80,80,80,80,80,80,80,80,80,80,80,80,86,86,86],"card_choices":[{"not_picked":["Entrench","Clothesline"],"picked":"Twin Strike","floor":1},{"not_picked":["Thunderclap","Pommel Strike"],"picked":"Intimidate","floor":2},{"not_picked":["Dropkick","Heavy Blade"],"picked":"Twin Strike","floor":5},{"not_picked":["Rupture","Cleave","Feel No Pain"],"picked":"SKIP","floor":7},{"not_picked":["True Grit","Double Tap"],"picked":"Flex","floor":10},{"not_picked":["Dual Wield","Hemokinesis","Body Slam"],"picked":"SKIP","floor":13},{"not_picked":["Iron Wave","True Grit"],"picked":"Disarm","floor":14},{"not_picked":["Reaper","Exhume"],"picked":"Immolate","floor":16},{"not_picked":["True Grit","Dual Wield"],"picked":"Pommel Strike","floor":17},{"not_picked":["Bloodletting","Body Slam"],"picked":"Barricade","floor":17},{"not_picked":["Thunderclap","Warcry"],"picked":"Infernal Blade","floor":17},{"not_picked":["Wild Strike","Headbutt"],"picked":"Sentinel","floor":17},{"not_picked":["Armaments","Feel No Pain"],"picked":"Perfected Strike","floor":18},{"not_picked":["True Grit","Anger","Feel No Pain+1"],"picked":"SKIP","floor":20}],"player_experience":506395,"relics_obtained":[{"floor":7,"key":"Paper Frog"},{"floor":9,"key":"Darkstone Periapt"},{"floor":10,"key":"Girya"},{"floor":13,"key":"Self Forming Clay"}],"event_choices":[{"event_name":"The Cleric","player_choice":"Healed","floor":3,"damage_taken":0},{"event_name":"Purifier","player_choice":"One Purge","floor":11,"damage_taken":0},{"event_name":"Forgotten Altar","player_choice":"Smashed Altar","floor":19,"damage_taken":0}],"is_beta":true,"boss_relics":[{"not_picked":["Lizard Tail","Calling Bell"],"picked":"Orrery"}],"items_purged_floors":[],"is_endless":false,"potions_floor_spawned":[1,7,13],"killed_by":"Centurion and Healer","ascension_level":7}