{"gold_per_floor":[109,129,429,57,77,77,106,106,106,106,120,155,170,245,245,350,350,369,50,50,61,76,76,91,54,54,54,54,119,135,150,150,245,245,264,412,423,21,171,171,202,233,245,319,343,405,429,461,473,485],"floor_reached":51,"playtime":2653,"items_purged":["Regret"],"score":868,"play_id":"0f7cce29-4891-45ab-84ce-edd87b8038b7","local_time":"20190415150014","daily_mods":["Blue Cards","Heirloom","Binary"],"is_ascension_mode":false,"campfire_choices":[{"data":"Bash","floor":6.0,"key":"SMITH"},{"data":"Seeing Red","floor":8.0,"key":"SMITH"},{"data":"1","floor":15.0,"key":"LIFT"},{"data":"Corruption","floor":23.0,"key":"SMITH"},{"data":"2","floor":28.0,"key":"LIFT"},{"data":"Barricade","floor":32.0,"key":"SMITH"},{"data":"3","floor":40,"key":"LIFT"},{"data":"Body Slam","floor":49,"key":"SMITH"}],"neow_cost":"","seed_source_timestamp":0,"circlet_count":0,"master_deck":["Strike_R","Strike_R","Defend_R","Defend_R","Defend_R","Defend_R","Bash+1","Shrug It Off","Sword Boomerang","Shrug It Off","Seeing Red+1","Swift Strike","Infernal Blade","Iron Wave","Genetic Algorithm","Hologram","Barricade+1","Shrug It Off","Corruption+1","Body Slam+1","Rebound+1","Pommel Strike","Steam","True Grit+1","Stack+1","Battle Trance+1","Armaments+1","Glacier+1","FTL","Violence","Metallicize","Flame Barrier+1","Coolheaded+1","Madness","Madness","Armaments+1","Stack+1"],"special_seed":0,"relics":["Burning Blood","Charon\u0027s Ashes","Old Coin","Tiny Chest","The Courier","Girya","Meat on the Bone","Singing Bowl","Runic Dome","Bag of Preparation","Strawberry","Nilry\u0027s Codex","Paper Frog","SsserpentHead","Astrolabe","Du-Vu Doll","Kunai","MawBank","Bag of Marbles"],"potions_floor_usage":[37,50,50,50],"damage_taken":[{"damage":8.0,"enemies":"Jaw Worm","floor":1.0,"turns":4.0},{"damage":7.0,"enemies":"Small Slimes","floor":2.0,"turns":3.0},{"damage":0.0,"enemies":"2 Louse","floor":5.0,"turns":3.0},{"damage":9.0,"enemies":"3 Sentries","floor":7.0,"turns":7.0},{"damage":5.0,"enemies":"Large Slime","floor":11.0,"turns":4.0},{"damage":5.0,"enemies":"Lagavulin","floor":12.0,"turns":5.0},{"damage":5.0,"enemies":"Lots of Slimes","floor":13.0,"turns":3.0},{"damage":68.0,"enemies":"The Guardian","floor":16.0,"turns":11.0},{"damage":5.0,"enemies":"2 Thieves","floor":18.0,"turns":3.0},{"damage":2.0,"enemies":"3 Byrds","floor":21.0,"turns":4.0},{"damage":6.0,"enemies":"Snake Plant","floor":22.0,"turns":3.0},{"damage":0.0,"enemies":"Centurion and Healer","floor":24.0,"turns":4.0},{"damage":0.0,"enemies":"Cultist and Chosen","floor":29.0,"turns":3.0},{"damage":15.0,"enemies":"Sentry and Sphere","floor":30.0,"turns":5.0},{"damage":0.0,"enemies":"Snecko","floor":31.0,"turns":3.0},{"damage":4.0,"enemies":"Champ","floor":33.0,"turns":10.0},{"damage":0.0,"enemies":"Orb Walker","floor":35.0,"turns":4.0},{"damage":0.0,"enemies":"2 Orb Walkers","floor":36.0,"turns":5.0},{"damage":0,"enemies":"3 Darklings","floor":37,"turns":4},{"damage":0,"enemies":"Nemesis","floor":41,"turns":7},{"damage":2,"enemies":"Jaw Worm Horde","floor":42,"turns":5},{"damage":0,"enemies":"4 Shapes","floor":44,"turns":3},{"damage":0,"enemies":"Maw","floor":45,"turns":6},{"damage":0,"enemies":"Jaw Worm Horde","floor":47,"turns":3},{"damage":14,"enemies":"Spire Growth","floor":48,"turns":4},{"damage":0,"enemies":"Donu and Deca","floor":50,"turns":7}],"seed_played":"-6873937662443283493","potions_obtained":[{"floor":5.0,"key":"Explosive Potion"},{"floor":12.0,"key":"Ancient Potion"},{"floor":16.0,"key":"Energy Potion"},{"floor":22.0,"key":"EntropicBrew"},{"floor":24.0,"key":"FearPotion"},{"floor":29.0,"key":"Swift Potion"},{"floor":36,"key":"AttackPotion"},{"floor":37,"key":"Regen Potion"},{"floor":41,"key":"SpeedPotion"},{"floor":45,"key":"Block Potion"}],"is_trial":true,"path_per_floor":["M","M","?","$","M","R","E","R","T","T","M","E","M","?","R","B",null,"M","$","?","M","M","R","M","$","T","?","R","M","M","M","R","B",null,"M","?","M","$","?","R","E","M","T","M","M","?","M","M","R","B",null],"character_chosen":"IRONCLAD","items_purchased":["Shrug It Off","Tiny Chest","Seeing Red","Swift Strike","Corruption","Bag of Preparation","Body Slam","Strawberry","Steam","Kunai","Violence","Metallicize"],"campfire_rested":0,"item_purchase_floors":[4,4,4,4,19,19,19,19,25,38,38,38],"current_hp_per_floor":[78,77,77,77,80,80,77,77,77,77,78,79,80,69,69,19,80,80,87,71,75,77,77,83,83,83,83,83,91,82,88,88,93,93,95,95,97,97,97,97,99,99,99,101,101,88,94,86,86,101],"gold":497,"neow_bonus":"","is_prod":false,"is_daily":false,"chose_seed":true,"campfire_upgraded":5,"win_rate":0,"timestamp":1555336814,"path_taken":["M","M","?","$","M","R","E","R","T","?","M","E","M","?","R","BOSS","M","$","?","M","M","R","M","$","T","?","R","?","M","M","R","BOSS","M","?","M","$","?","R","E","M","T","?","M","?","M","M","R","BOSS"],"build_version":"2019-01-23","purchased_purges":1,"victory":true,"max_hp_per_floor":[80,80,80,80,80,80,80,80,80,80,80,80,80,80,80,80,80,80,87,87,87,89,89,89,89,89,89,89,91,91,91,91,93,93,95,95,97,97,97,97,99,99,99,101,101,101,101,101,101,101],"card_choices":[{"not_picked":["Warcry"],"picked":"Shrug It Off","floor":1.0},{"not_picked":["Seeing Red"],"picked":"Sword Boomerang","floor":2.0},{"not_picked":["Feel No Pain"],"picked":"Infernal Blade","floor":5.0},{"not_picked":["Headbutt"],"picked":"Iron Wave","floor":7.0},{"not_picked":["Redo","Warcry"],"picked":"SKIP","floor":11.0},{"not_picked":["Cold Snap"],"picked":"Genetic Algorithm","floor":12.0},{"not_picked":["Buffer"],"picked":"Hologram","floor":13.0},{"not_picked":["Echo Form"],"picked":"Barricade","floor":16.0},{"not_picked":["Seeing Red"],"picked":"Shrug It Off","floor":18.0},{"not_picked":["Leap"],"picked":"Rebound+1","floor":21.0},{"not_picked":["Headbutt","Compile Driver"],"picked":"Singing Bowl","floor":22.0},{"not_picked":["Heavy Blade"],"picked":"Pommel Strike","floor":24.0},{"not_picked":["Beam Cell","Headbutt"],"picked":"Singing Bowl","floor":29.0},{"not_picked":["Steam Power"],"picked":"True Grit+1","floor":30.0},{"not_picked":["Rage"],"picked":"Stack+1","floor":31.0},{"not_picked":["Thunder Strike","Fission"],"picked":"Singing Bowl","floor":33.0},{"not_picked":["Uppercut","Leap"],"picked":"Singing Bowl","floor":35.0},{"not_picked":["Leap"],"picked":"FTL","floor":36},{"not_picked":["Heavy Blade","Twin Strike"],"picked":"Singing Bowl","floor":37},{"not_picked":["Thunderclap","Creative AI"],"picked":"Singing Bowl","floor":41},{"not_picked":["Armaments"],"picked":"Flame Barrier+1","floor":42},{"not_picked":["Gash+1","Twin Strike+1"],"picked":"Singing Bowl","floor":44},{"not_picked":["Ball Lightning+1"],"picked":"Coolheaded+1","floor":45},{"not_picked":["Rampage"],"picked":"Armaments+1","floor":47},{"not_picked":["Rage"],"picked":"Stack+1","floor":48}],"player_experience":586092,"relics_obtained":[{"floor":7.0,"key":"The Courier"},{"floor":9.0,"key":"Girya"},{"floor":10.0,"key":"Meat on the Bone"},{"floor":12.0,"key":"Singing Bowl"},{"floor":20.0,"key":"Nilry\u0027s Codex"},{"floor":26.0,"key":"Paper Frog"},{"floor":36,"key":"Du-Vu Doll"},{"floor":41,"key":"MawBank"},{"floor":43,"key":"Bag of Marbles"}],"event_choices":[{"damage_healed":0.0,"max_hp_gain":0.0,"max_hp_loss":0.0,"gold_gain":0.0,"event_name":"Big Fish","player_choice":"Box","floor":3.0,"gold_loss":0.0,"damage_taken":0.0,"relics_obtained":["Old Coin"],"cards_obtained":["Regret"]},{"damage_healed":0.0,"max_hp_gain":0.0,"max_hp_loss":0.0,"gold_gain":75.0,"event_name":"World of Goop","player_choice":"Gather Gold","floor":14.0,"gold_loss":0.0,"damage_taken":11.0},{"damage_healed":0.0,"max_hp_gain":0.0,"max_hp_loss":0.0,"gold_gain":0.0,"event_name":"Cursed Tome","player_choice":"Obtained Book","floor":20.0,"gold_loss":0.0,"damage_taken":16.0},{"damage_healed":0.0,"max_hp_gain":0.0,"max_hp_loss":0.0,"gold_gain":0.0,"event_name":"FaceTrader","player_choice":"Trade","floor":27.0,"gold_loss":0.0,"damage_taken":0.0,"relics_obtained":["SsserpentHead"]},{"damage_healed":0.0,"max_hp_gain":0.0,"max_hp_loss":0.0,"gold_gain":0.0,"event_name":"Mysterious Sphere","player_choice":"Fight","floor":36.0,"gold_loss":0.0,"damage_taken":0.0},{"damage_healed":0,"gold_gain":100,"player_choice":"Pray","damage_taken":0,"max_hp_gain":0,"max_hp_loss":0,"event_name":"Golden Shrine","floor":39,"gold_loss":0},{"damage_healed":0,"gold_gain":0,"player_choice":"Embrace Madness","damage_taken":13,"max_hp_gain":0,"max_hp_loss":0,"event_name":"Winding Halls","floor":46,"gold_loss":0,"cards_obtained":["Madness","Madness"]}],"is_beta":false,"boss_relics":[{"not_picked":["Sozu","Fusion Hammer"],"picked":"Runic Dome"},{"not_picked":["Cursed Key","Eternal Feather"],"picked":"Astrolabe"}],"items_purged_floors":[4],"is_endless":false,"potions_floor_spawned":[5,12,16,22,24,29,30,36,37,41,45,47],"ascension_level":0}