{"gold_per_floor":[216,235,254,404,125,125,142,168,193,193,41,67,67,124,124,124],"floor_reached":16,"playtime":592,"items_purged":["Doubt","Parasite"],"score":207,"play_id":"69fb448c-8ef8-472c-847f-49a296705899","local_time":"20190430170519","is_ascension_mode":true,"campfire_choices":[{"data":"Bash","floor":6,"key":"SMITH"},{"floor":13,"key":"REST"},{"floor":15,"key":"REST"}],"neow_cost":"NONE","seed_source_timestamp":8926595341246,"circlet_count":0,"master_deck":["AscendersBane","Strike_R","Strike_R","Strike_R","Strike_R","Strike_R","Defend_R","Defend_R","Defend_R","Defend_R","Bash+1","Clothesline","Hemokinesis","Carnage","Shrug It Off","Shrug It Off","Shrug It Off"],"relics":["Burning Blood","Potion Belt","Orichalcum","Centennial Puzzle","Tiny Chest"],"potions_floor_usage":[8,12,12],"damage_taken":[{"damage":6,"enemies":"Jaw Worm","floor":1,"turns":5},{"damage":21,"enemies":"Small Slimes","floor":2,"turns":5},{"damage":1,"enemies":"Cultist","floor":3,"turns":3},{"damage":29,"enemies":"Lots of Slimes","floor":7,"turns":6},{"damage":25,"enemies":"Lagavulin","floor":8,"turns":5},{"damage":33,"enemies":"3 Sentries","floor":12,"turns":16},{"damage":15,"enemies":"Gremlin Nob","floor":14,"turns":4},{"damage":43,"enemies":"Slime Boss","floor":16,"turns":7}],"seed_played":"4273054742346337808","potions_obtained":[{"floor":1,"key":"GamblersBrew"},{"floor":2,"key":"LiquidBronze"},{"floor":8,"key":"FearPotion"}],"is_trial":false,"path_per_floor":["M","M","M","?","$","R","M","E","T","?","$","E","R","E","R","B"],"character_chosen":"IRONCLAD","items_purchased":["Hemokinesis","Carnage","PowerPotion","Shrug It Off"],"campfire_rested":2,"item_purchase_floors":[5,5,5,11],"current_hp_per_floor":[68,53,58,58,58,58,35,16,16,34,34,7,28,19,40,0],"gold":124,"neow_bonus":"HUNDRED_GOLD","is_prod":false,"is_daily":false,"chose_seed":false,"campfire_upgraded":1,"win_rate":0,"timestamp":1556654719,"path_taken":["M","M","M","?","$","R","M","E","T","?","$","E","R","E","R","BOSS"],"build_version":"2019-01-23","purchased_purges":2,"victory":false,"max_hp_per_floor":[75,75,75,75,75,75,75,75,75,75,72,72,72,72,72,72],"card_choices":[{"not_picked":["Rupture","Dual Wield","Havoc"],"picked":"SKIP","floor":1},{"not_picked":["Flex","Havoc","Armaments"],"picked":"SKIP","floor":2},{"not_picked":["Shockwave","Reckless Charge"],"picked":"Clothesline","floor":3},{"not_picked":["Wild Strike","Body Slam"],"picked":"Shrug It Off","floor":7},{"not_picked":["Corruption","Iron Wave","Wild Strike"],"picked":"SKIP","floor":8},{"not_picked":["Rage","Dual Wield","Cleave"],"picked":"SKIP","floor":12},{"not_picked":["Anger","Armaments"],"picked":"Shrug It Off","floor":14}],"player_experience":789596,"relics_obtained":[{"floor":8,"key":"Potion Belt"},{"floor":9,"key":"Orichalcum"},{"floor":12,"key":"Centennial Puzzle"},{"floor":14,"key":"Tiny Chest"}],"event_choices":[{"damage_healed":0,"gold_gain":150,"player_choice":"AGREE","damage_taken":0,"max_hp_gain":0,"max_hp_loss":0,"event_name":"Liars Game","floor":4,"gold_loss":0,"cards_obtained":["Doubt"]},{"damage_healed":18,"gold_gain":0,"player_choice":"Healed and dodged fight","damage_taken":0,"max_hp_gain":0,"max_hp_loss":0,"event_name":"Mushrooms","floor":10,"gold_loss":0,"cards_obtained":["Parasite"]}],"is_beta":false,"boss_relics":[],"items_purged_floors":[5,11],"is_endless":false,"potions_floor_spawned":[1,2,8],"killed_by":"Slime Boss","ascension_level":15}