{"path_per_floor":["M","?","?","?","?","R","E","R","T","E","M","T","M","E","R","B",null,"M","?","?","M","$","R","?","E","T","M","R","E","R","M","R","B",null,"M","?","$","M","T","R","M","$","T","R","?","M","E","M","R","B"],"character_chosen":"DEFECT","items_purchased":["Girya","Bag of Preparation"],"gold_per_floor":[112,112,112,112,112,112,143,143,143,168,184,208,223,250,250,345,345,355,355,355,375,2,2,2,29,55,75,75,101,101,116,116,215,215,233,233,133,149,176,176,190,43,70,70,117,127,155,172,172,172],"floor_reached":51,"campfire_rested":3,"playtime":2392,"item_purchase_floors":[22,42],"current_hp_per_floor":[82,87,80,80,63,63,40,66,66,45,46,46,48,31,31,13,93,93,93,75,72,72,72,72,62,62,64,64,63,63,63,94,48,104,106,71,71,75,75,75,79,79,79,112,114,108,110,114,114,16],"items_purged":["Strike_B","Defend_B"],"gold":172,"score":1180,"play_id":"42906e63-503b-4965-8f89-0b07623fa024","local_time":"20180610190100","is_prod":false,"is_daily":false,"chose_seed":false,"is_ascension_mode":true,"campfire_upgraded":4,"win_rate":0,"timestamp":1528653660,"campfire_choices":[{"data":"Recycle","floor":6,"key":"SMITH"},{"floor":8,"key":"REST"},{"data":"Sunder","floor":15,"key":"SMITH"},{"data":"1","floor":23,"key":"LIFT"},{"data":"2","floor":28,"key":"LIFT"},{"data":"3","floor":30,"key":"LIFT"},{"floor":32,"key":"REST"},{"data":"Hyperbeam","floor":40,"key":"SMITH"},{"floor":44,"key":"REST"},{"data":"Hyperbeam","floor":49,"key":"SMITH"}],"path_taken":["M","?","?","?","?","R","E","R","T","E","?","?","?","E","R","BOSS","M","?","?","M","$","R","?","E","T","?","R","E","R","M","R","BOSS","M","?","?","M","?","R","?","?","T","R","?","M","E","?","R","BOSS"],"build_version":"2018-06-07v3","seed_source_timestamp":258058556008000,"purchased_purges":2,"victory":true,"master_deck":["Strike_B+1","Strike_B+1","Defend_B","Defend_B","Zap","Dualcast","Recycle+1","Sunder+1","Melter","Hyperbeam+1","Scrape+1","Hyperbeam+1","Beam Cell+1","Auto Shields+1","Seek","Seek"],"max_hp_per_floor":[82,87,87,87,87,87,87,87,87,87,89,89,91,93,93,93,93,93,93,98,98,98,98,98,98,98,100,100,102,102,104,104,104,104,106,108,108,110,110,110,112,112,112,112,114,114,116,118,118,123],"relics":["Cracked Core","Thread and Needle","Singing Bowl","Orichalcum","Lantern","Anchor","Velvet Choker","Girya","Pantograph","Vajra","Blood Vial","Nuclear Battery","Dead Branch","Happy Flower","Bag of Preparation","Bronze Scales","Calipers","Potion Belt"],"card_choices":[{"not_picked":["Storm","Hologram"],"picked":"Recycle","floor":1},{"not_picked":["Barrage","Conserve Battery"],"picked":"Sunder","floor":7},{"not_picked":["Loop","Sweeping Beam"],"picked":"Melter","floor":10},{"not_picked":["Loop","Reprogram","Go for the Eyes"],"picked":"Singing Bowl","floor":11},{"not_picked":["Rip and Tear","Glacier","Hologram"],"picked":"Singing Bowl","floor":13},{"not_picked":["Stack","Steam","Static Discharge"],"picked":"Singing Bowl","floor":14},{"not_picked":["Multi-Cast","Reboot"],"picked":"Hyperbeam","floor":16},{"not_picked":["Steam","Redo+1"],"picked":"Scrape+1","floor":18},{"not_picked":["Hologram","Melter"],"picked":"Beam Cell+1","floor":21},{"not_picked":["Darkness+1","Tempest+1"],"picked":"Auto Shields+1","floor":25},{"not_picked":["Compile Driver","Cold Snap+1","Rebound+1"],"picked":"Singing Bowl","floor":27},{"not_picked":["Multi-Cast","Defragment","Compile Driver"],"picked":"Singing Bowl","floor":29},{"not_picked":["Cold Snap","Ball Lightning+1","Turbo+1"],"picked":"Singing Bowl","floor":31},{"not_picked":["Hyperbeam","Biased Cognition"],"picked":"Seek","floor":33},{"not_picked":["Beam Cell","Hologram","Barrage+1"],"picked":"Singing Bowl","floor":35},{"not_picked":["Leap+1","Scrape","Redo+1"],"picked":"Singing Bowl","floor":36},{"not_picked":["Go for the Eyes","Static Discharge","Blizzard+1"],"picked":"Singing Bowl","floor":38},{"not_picked":["Conserve Battery+1","Leap+1","Auto Shields"],"picked":"Singing Bowl","floor":41},{"not_picked":["Hologram","Turbo","Heatsinks+1"],"picked":"Singing Bowl","floor":45},{"not_picked":["Steam+1","Redo+1"],"picked":"Seek","floor":46},{"not_picked":["Barrage+1","Fusion","Static Discharge+1"],"picked":"Singing Bowl","floor":47},{"not_picked":["BootSequence+1","Storm","Coolheaded+1"],"picked":"Singing Bowl","floor":48}],"player_experience":292564,"potions_floor_usage":[7,16,25,33,33,36,41,50,50,50],"damage_taken":[{"damage":0,"enemies":"2 Louse","floor":1,"turns":2},{"damage":23,"enemies":"3 Sentries","floor":7,"turns":7},{"damage":21,"enemies":"Gremlin Nob","floor":10,"turns":4},{"damage":1,"enemies":"Jaw Worm","floor":11,"turns":2},{"damage":0,"enemies":"Small Slimes","floor":13,"turns":2},{"damage":19,"enemies":"Lagavulin","floor":14,"turns":5},{"damage":33,"enemies":"The Guardian","floor":16,"turns":8},{"damage":0,"enemies":"Shell Parasite","floor":18,"turns":2},{"damage":3,"enemies":"2 Thieves","floor":21,"turns":3},{"damage":10,"enemies":"Book of Stabbing","floor":25,"turns":3},{"damage":0,"enemies":"Sentry and Sphere","floor":27,"turns":2},{"damage":3,"enemies":"Gremlin Leader","floor":29,"turns":5},{"damage":4,"enemies":"Snake Plant","floor":31,"turns":3},{"damage":56,"enemies":"Champ","floor":33,"turns":7},{"damage":0,"enemies":"3 Shapes","floor":35,"turns":2},{"damage":37,"floor":36,"turns":4},{"damage":0,"enemies":"3 Darklings","floor":38,"turns":2},{"damage":0,"enemies":"Maw","floor":41,"turns":4},{"damage":0,"floor":45,"turns":2},{"damage":6,"enemies":"4 Shapes","floor":46,"turns":2},{"damage":2,"enemies":"2 Orb Walkers","floor":47,"turns":2},{"damage":0,"enemies":"3 Darklings","floor":48,"turns":2},{"damage":107,"enemies":"Time Eater","floor":50,"turns":8}],"relics_obtained":[{"floor":7,"key":"Thread and Needle"},{"floor":9,"key":"Singing Bowl"},{"floor":10,"key":"Orichalcum"},{"floor":12,"key":"Lantern"},{"floor":14,"key":"Anchor"},{"floor":25,"key":"Pantograph"},{"floor":26,"key":"Vajra"},{"floor":29,"key":"Blood Vial"},{"floor":36,"key":"Dead Branch"},{"floor":39,"key":"Happy Flower"},{"floor":43,"key":"Bronze Scales"},{"floor":45,"key":"Calipers"},{"floor":47,"key":"Potion Belt"}],"event_choices":[{"event_name":"Big Fish","player_choice":"Donut","floor":2,"damage_taken":0},{"event_name":"Golden Wing","player_choice":"Card Removal","floor":3,"damage_taken":0},{"event_name":"Living Wall","player_choice":"Forget","floor":4,"damage_taken":0},{"event_name":"Shining Light","player_choice":"Entered Light","floor":5,"damage_taken":0},{"event_name":"Duplicator","player_choice":"One dupe","floor":19,"damage_taken":0},{"event_name":"Forgotten Altar","player_choice":"Shed Blood","floor":20,"damage_taken":0},{"event_name":"Vampires","player_choice":"Ignored","floor":24,"damage_taken":0},{"event_name":"MindBloom","player_choice":"Fight","floor":36,"damage_taken":0},{"event_name":"Mysterious Sphere","player_choice":"Fight","floor":45,"damage_taken":0}],"boss_relics":[{"not_picked":["White Beast Statue","Inserter"],"picked":"Velvet Choker"},{"not_picked":["Runic Dome","Eternal Feather"],"picked":"Nuclear Battery"}],"items_purged_floors":[22,37],"potions_floor_spawned":[1,10,16,25,29,31,33,41,45,46,48],"seed_played":"4290489858237476266","ascension_level":4,"potions_obtained":[{"floor":1,"key":"SkillPotion"},{"floor":10,"key":"Regen Potion"},{"floor":16,"key":"Poison Potion"},{"floor":25,"key":"FocusPotion"},{"floor":29,"key":"Block Potion"},{"floor":31,"key":"Energy Potion"},{"floor":33,"key":"SneckoOil"},{"floor":41,"key":"Explosive Potion"},{"floor":45,"key":"Strength Potion"},{"floor":46,"key":"Block Potion"},{"floor":48,"key":"Fruit Juice"}],"is_trial":false}