{"gold_per_floor":[117,117,42,58,75,75,85,85,110,110,172,195,195,195,195,195],"floor_reached":16,"playtime":253,"items_purged":["Strike_R"],"score":98,"play_id":"908daa00-7b06-4cb0-b7d5-dc0f30ab6e56","local_time":"20190427141145","is_ascension_mode":false,"campfire_choices":[{"data":"Whirlwind","floor":6,"key":"SMITH"},{"data":"Bash","floor":8,"key":"SMITH"},{"data":"Strike_R","floor":10,"key":"SMITH"},{"data":"Strike_R","floor":15,"key":"SMITH"}],"neow_cost":"NONE","seed_source_timestamp":3461193015017889,"circlet_count":0,"master_deck":["Strike_R","Strike_R+1","Strike_R","Strike_R+1","Defend_R","Defend_R","Defend_R","Defend_R","Bash+1","Whirlwind+1"],"relics":["Burning Blood","Blood Vial","Lantern","Tiny Chest","Odd Mushroom","Bronze Scales","Golden Idol"],"potions_floor_usage":[11,11,11],"damage_taken":[{"damage":0,"enemies":"Small Slimes","floor":1,"turns":3},{"damage":6,"enemies":"Cultist","floor":4,"turns":3},{"damage":7,"enemies":"2 Louse","floor":5,"turns":2},{"damage":11,"enemies":"Exordium Wildlife","floor":7,"turns":3},{"damage":18,"enemies":"3 Sentries","floor":11,"turns":4},{"damage":0,"enemies":"The Mushroom Lair","floor":12,"turns":1},{"damage":58,"enemies":"Slime Boss","floor":16,"turns":8}],"seed_played":"1938938749813582935","potions_obtained":[{"floor":2,"key":"Block Potion"},{"floor":2,"key":"SneckoOil"},{"floor":2,"key":"Explosive Potion"},{"floor":4,"key":"SteroidPotion"},{"floor":5,"key":"Strength Potion"}],"is_trial":false,"path_per_floor":["M","?","$","M","M","R","M","R","T","R","E","?","T","?","R","B"],"character_chosen":"IRONCLAD","items_purchased":[],"campfire_rested":0,"item_purchase_floors":[],"current_hp_per_floor":[80,80,80,80,79,79,75,75,75,75,65,73,73,53,53,0],"gold":195,"neow_bonus":"RANDOM_COMMON_RELIC","is_prod":false,"is_daily":false,"chose_seed":false,"campfire_upgraded":4,"win_rate":0,"timestamp":1556370705,"path_taken":["M","?","$","?","M","R","M","R","T","R","E","?","?","?","R","BOSS"],"build_version":"2019-01-23","purchased_purges":1,"victory":false,"max_hp_per_floor":[80,80,80,80,80,80,80,80,80,80,80,80,80,80,80,80],"card_choices":[{"not_picked":["Twin Strike","Power Through"],"picked":"Whirlwind","floor":1},{"not_picked":["Sword Boomerang","Pommel Strike","Thunderclap"],"picked":"SKIP","floor":4},{"not_picked":["Dual Wield","Headbutt","True Grit"],"picked":"SKIP","floor":5},{"not_picked":["Flex","Sever Soul","Heavy Blade"],"picked":"SKIP","floor":7},{"not_picked":["Pommel Strike","Anger","Heavy Blade"],"picked":"SKIP","floor":11}],"player_experience":699188,"relics_obtained":[{"floor":9,"key":"Lantern"},{"floor":11,"key":"Tiny Chest"},{"floor":12,"key":"Odd Mushroom"},{"floor":13,"key":"Bronze Scales"}],"event_choices":[{"damage_healed":0,"gold_gain":0,"player_choice":"Got Potions","damage_taken":0,"max_hp_gain":0,"max_hp_loss":0,"event_name":"Lab","floor":2,"gold_loss":0},{"damage_healed":0,"gold_gain":0,"player_choice":"Fought Mushrooms","damage_taken":0,"max_hp_gain":0,"max_hp_loss":0,"event_name":"Mushrooms","floor":12,"gold_loss":0},{"damage_healed":0,"gold_gain":0,"player_choice":"Take Damage","damage_taken":20,"relics_obtained":["Golden Idol"],"max_hp_gain":0,"max_hp_loss":0,"event_name":"Golden Idol","floor":14,"gold_loss":0}],"is_beta":false,"boss_relics":[],"items_purged_floors":[3],"is_endless":false,"potions_floor_spawned":[4,5,7],"killed_by":"Slime Boss","ascension_level":0}