{"gold_per_floor":[116,116,116,116,126,126,126,126,201,201,251,270,285,24,24,24],"floor_reached":16,"playtime":330,"items_purged":["Defend_B"],"score":163,"play_id":"53079781-e1af-445c-97cf-cb86911dc9fa","local_time":"20190422165759","is_ascension_mode":true,"campfire_choices":[{"data":"Gash","floor":6,"key":"SMITH"},{"data":"Steam","floor":10,"key":"SMITH"},{"data":"Deep Breath","floor":15,"key":"SMITH"}],"neow_cost":"PERCENT_DAMAGE","seed_source_timestamp":3039070043403189,"circlet_count":0,"master_deck":["AscendersBane","Strike_B","Strike_B","Strike_B","Strike_B","Defend_B","Defend_B","Defend_B","Zap+1","Dualcast+1","Steam+1","Gash+1","Scrape","Conserve Battery","FTL","Deep Breath+1"],"relics":["Cracked Core","Ice Cream","Bottled Flame","Regal Pillow"],"potions_floor_usage":[16],"damage_taken":[{"damage":8,"enemies":"2 Louse","floor":1,"turns":3},{"damage":2,"enemies":"Jaw Worm","floor":5,"turns":4},{"damage":1,"enemies":"Cultist","floor":12,"turns":3},{"damage":0,"enemies":"Large Slime","floor":13,"turns":4},{"damage":42,"enemies":"Hexaghost","floor":16,"turns":9}],"seed_played":"-2746221632061843535","potions_obtained":[{"floor":1,"key":"PowerPotion"}],"is_trial":false,"path_per_floor":["M","?","$","?","M","R","?","?","T","R","T","M","M","$","R","B"],"character_chosen":"DEFECT","items_purchased":["FTL","Deep Breath"],"campfire_rested":0,"item_purchase_floors":[14,14],"current_hp_per_floor":[38,38,38,38,36,36,41,41,41,41,41,40,40,40,40,0],"gold":24,"neow_bonus":"ONE_RARE_RELIC","is_prod":false,"is_daily":false,"chose_seed":false,"campfire_upgraded":3,"win_rate":0,"timestamp":1555948679,"path_taken":["M","?","$","?","?","R","?","?","T","R","?","M","M","$","R","BOSS"],"build_version":"2019-01-23","purchased_purges":1,"victory":false,"max_hp_per_floor":[71,71,71,71,71,71,76,76,76,76,76,76,76,76,76,76],"card_choices":[{"not_picked":["Compile Driver","Static Discharge"],"picked":"Steam","floor":1},{"not_picked":["Heatsinks","Ball Lightning"],"picked":"Gash","floor":5},{"not_picked":["Capacitor","Conserve Battery"],"picked":"Scrape","floor":12},{"not_picked":["Rip and Tear","Go for the Eyes"],"picked":"Conserve Battery","floor":13}],"player_experience":623263,"relics_obtained":[{"floor":9,"key":"Bottled Flame"},{"floor":11,"key":"Regal Pillow"}],"event_choices":[{"damage_healed":0,"gold_gain":0,"player_choice":"Grow","damage_taken":0,"max_hp_gain":0,"max_hp_loss":0,"event_name":"Living Wall","floor":2,"gold_loss":0,"cards_upgraded":["Zap"]},{"damage_healed":0,"gold_gain":0,"player_choice":"Upgraded","damage_taken":0,"max_hp_gain":0,"max_hp_loss":0,"event_name":"Upgrade Shrine","floor":4,"gold_loss":0,"cards_upgraded":["Dualcast"]},{"damage_healed":0,"gold_gain":0,"player_choice":"Donut","damage_taken":0,"max_hp_gain":5,"max_hp_loss":0,"event_name":"Big Fish","floor":7,"gold_loss":0},{"damage_healed":0,"gold_gain":0,"player_choice":"Ignored","damage_taken":0,"max_hp_gain":0,"max_hp_loss":0,"event_name":"Liars Game","floor":8,"gold_loss":0}],"is_beta":false,"boss_relics":[],"items_purged_floors":[14],"is_endless":false,"potions_floor_spawned":[1],"killed_by":"Hexaghost","ascension_level":17}