{"gold_per_floor":[110,110,35,52,52,52,52,1,1,1,1,11,30,48,48,150,150,163,253,106,23,43,43,69,85,85,102,2,2,15,35,35,131,131,143,143,243,255,122,122,74,74,74,74,74,87,87,104,104,104],"floor_reached":51,"playtime":2055,"items_purged":["Strike_R","Strike_R"],"score":680,"play_id":"38b19489-13db-4492-9df3-b2f2ccec81d1","local_time":"20190420164731","is_ascension_mode":false,"campfire_choices":[{"data":"Armaments","floor":6.0,"key":"SMITH"},{"data":"Body Slam","floor":10.0,"key":"SMITH"},{"data":"Shrug It Off","floor":15.0,"key":"SMITH"},{"data":"Body Slam","floor":23.0,"key":"SMITH"},{"floor":32,"key":"REST"},{"data":"Body Slam","floor":40,"key":"SMITH"},{"data":"Madness","floor":42,"key":"SMITH"},{"data":"Offering","floor":45,"key":"SMITH"},{"data":"Shrug It Off","floor":47,"key":"SMITH"},{"floor":49,"key":"REST"}],"neow_cost":"NONE","seed_source_timestamp":2863889116968658,"circlet_count":0,"master_deck":["Strike_R+1","Strike_R+1","Strike_R","Defend_R","Defend_R","Defend_R","Defend_R","Bash","Body Slam+1","Armaments+1","Shrug It Off+1","Shrug It Off+1","Shrug It Off","Body Slam+1","Finesse","Pommel Strike","Shrug It Off","Body Slam+1","Offering+1","Pommel Strike+1","Madness+1","Madness+1","Shrug It Off","Finesse"],"special_seed":0,"relics":["Busted Crown"],"potions_floor_usage":[33,33,38,46,50,50],"damage_taken":[{"damage":1.0,"enemies":"Jaw Worm","floor":1.0,"turns":3.0},{"damage":0.0,"enemies":"2 Louse","floor":4.0,"turns":2.0},{"damage":0.0,"enemies":"Cultist","floor":12.0,"turns":2.0},{"damage":1.0,"enemies":"Exordium Thugs","floor":13.0,"turns":5.0},{"damage":0.0,"enemies":"Blue Slaver","floor":14.0,"turns":3.0},{"damage":13.0,"enemies":"Hexaghost","floor":16.0,"turns":9.0},{"damage":17.0,"enemies":"Shell Parasite","floor":18.0,"turns":7.0},{"damage":0.0,"enemies":"Chosen","floor":22.0,"turns":5.0},{"damage":14.0,"enemies":"Slavers","floor":24.0,"turns":4.0},{"damage":10,"enemies":"Sentry and Sphere","floor":25,"turns":6},{"damage":2,"enemies":"Centurion and Healer","floor":27,"turns":7},{"damage":0,"enemies":"3 Cultists","floor":30,"turns":4},{"damage":14,"enemies":"Chosen and Byrds","floor":31,"turns":8},{"damage":25,"enemies":"Champ","floor":33,"turns":9},{"damage":5,"enemies":"Orb Walker","floor":35,"turns":3},{"damage":9,"enemies":"3 Darklings","floor":38,"turns":4},{"damage":6,"enemies":"Writhing Mass","floor":46,"turns":4},{"damage":6,"enemies":"Sphere and 2 Shapes","floor":48,"turns":2},{"damage":15,"enemies":"Awakened One","floor":50,"turns":13}],"seed_played":"-7461337957430656403","potions_obtained":[{"floor":4.0,"key":"AttackPotion"},{"floor":13.0,"key":"Block Potion"},{"floor":14.0,"key":"Strength Potion"},{"floor":18.0,"key":"AttackPotion"},{"floor":22.0,"key":"SteroidPotion"},{"floor":30,"key":"SpeedPotion"},{"floor":33,"key":"Block Potion"},{"floor":35,"key":"Block Potion"},{"floor":38,"key":"Dexterity Potion"}],"is_trial":false,"path_per_floor":["M","?","$","M","?","R","?","$","T","R","$","M","M","M","R","B",null,"M","?","$","$","M","R","E","M","T","M","$","?","M","M","R","B",null,"M","?","?","M","$","R","$","R","T","?","R","M","R","M","R","B",null],"character_chosen":"IRONCLAD","items_purchased":["Shrug It Off","Shrug It Off","Body Slam","Dexterity Potion","Finesse","Shrug It Off","Finesse","Energy Potion"],"campfire_rested":2,"item_purchase_floors":[8,20,20,20,21,39,39,41],"current_hp_per_floor":[79,63,63,63,63,63,63,63,63,63,63,63,62,62,62,49,80,63,47,47,47,47,47,33,23,23,21,21,21,21,7,31,6,80,75,65,65,56,56,56,56,56,56,56,56,50,50,44,68,53],"gold":104,"neow_bonus":"BOSS_RELIC","is_prod":false,"is_daily":false,"chose_seed":false,"campfire_upgraded":8,"win_rate":0,"timestamp":1555775251,"path_taken":["M","?","$","M","?","R","?","?","T","R","$","?","M","M","R","BOSS","M","?","?","$","M","R","E","M","T","M","$","?","?","M","R","BOSS","M","?","?","?","$","R","$","R","T","?","R","?","R","M","R","BOSS"],"build_version":"2019-01-23","purchased_purges":2,"victory":true,"max_hp_per_floor":[80,80,80,80,80,80,80,80,80,80,80,80,80,80,80,80,80,80,80,80,80,80,80,80,80,80,80,80,80,80,80,80,80,80,80,80,80,80,80,80,80,80,80,80,80,80,80,80,80,80],"card_choices":[{"not_picked":[],"picked":"Body Slam","floor":1.0},{"not_picked":[],"picked":"Armaments","floor":4.0},{"not_picked":["Rupture"],"picked":"SKIP","floor":12.0},{"not_picked":["Perfected Strike"],"picked":"SKIP","floor":13.0},{"not_picked":["Warcry"],"picked":"SKIP","floor":14.0},{"not_picked":[],"picked":"Shrug It Off","floor":18.0},{"not_picked":[],"picked":"Pommel Strike","floor":22.0},{"not_picked":["Sword Boomerang"],"picked":"SKIP","floor":24},{"not_picked":[],"picked":"Shrug It Off","floor":25},{"not_picked":[],"picked":"Body Slam","floor":27},{"not_picked":["Bloodletting"],"picked":"SKIP","floor":30},{"not_picked":["Flex"],"picked":"SKIP","floor":31},{"not_picked":[],"picked":"Offering","floor":33},{"not_picked":[],"picked":"Pommel Strike+1","floor":35},{"not_picked":["Feel No Pain"],"picked":"SKIP","floor":38},{"not_picked":["Corruption"],"picked":"SKIP","floor":46},{"not_picked":["Flex"],"picked":"SKIP","floor":48}],"player_experience":611660,"relics_obtained":[],"event_choices":[{"damage_healed":0.0,"max_hp_gain":0.0,"max_hp_loss":0.0,"gold_gain":0.0,"event_name":"Shining Light","player_choice":"Entered Light","floor":2.0,"gold_loss":0.0,"damage_taken":16.0,"cards_upgraded":["Strike_R","Strike_R"]},{"damage_healed":0.0,"max_hp_gain":0.0,"max_hp_loss":0.0,"gold_gain":0.0,"event_name":"Liars Game","player_choice":"Ignored","floor":5.0,"gold_loss":0.0,"damage_taken":0.0},{"damage_healed":0.0,"max_hp_gain":0.0,"max_hp_loss":0.0,"gold_gain":0.0,"event_name":"Scrap Ooze","player_choice":"Fled","floor":7.0,"gold_loss":0.0,"damage_taken":0.0},{"damage_healed":0.0,"max_hp_gain":0.0,"max_hp_loss":0.0,"gold_gain":90.0,"event_name":"Knowing Skull","player_choice":"GOLD ","floor":19.0,"potions_obtained":[],"gold_loss":0.0,"damage_taken":16.0,"cards_obtained":[]},{"damage_healed":0,"gold_gain":0,"player_choice":"Ignored","damage_taken":0,"max_hp_gain":0,"max_hp_loss":0,"event_name":"WeMeetAgain","floor":29,"gold_loss":0},{"damage_healed":0,"gold_gain":0,"player_choice":"Embrace Madness","damage_taken":10,"max_hp_gain":0,"max_hp_loss":0,"event_name":"Winding Halls","floor":36,"gold_loss":0,"cards_obtained":["Madness","Madness"]},{"damage_healed":0,"gold_gain":100,"player_choice":"Pray","damage_taken":0,"max_hp_gain":0,"max_hp_loss":0,"event_name":"Golden Shrine","floor":37,"gold_loss":0},{"damage_healed":0,"gold_gain":0,"player_choice":"Forge","damage_taken":0,"max_hp_gain":0,"max_hp_loss":0,"event_name":"Accursed Blacksmith","floor":44,"gold_loss":0,"cards_upgraded":["Madness"]}],"is_beta":false,"boss_relics":[{"not_picked":["Runic Dome","Snecko Eye","Pandora\u0027s Box"]},{"not_picked":["Fusion Hammer","Runic Pyramid","Eternal Feather"]}],"items_purged_floors":[3,28],"is_endless":false,"potions_floor_spawned":[4,13,14,18,22,30,33,35,38],"ascension_level":0}