{"gold_per_floor":[110,125,140,212,232,232,259,259,305,317,317,337,183,200,200,302,302,321,340,360,378,133,143,143,161,208,226,226,226,226,237,237,237],"floor_reached":33,"playtime":1026,"items_purged":["Strike_B","Defend_B"],"score":255,"play_id":"b1c915c1-b691-4b83-a88b-b2eacbeafcff","local_time":"20190208165312","is_ascension_mode":false,"campfire_choices":[{"data":"Gash","floor":6.0,"key":"SMITH"},{"data":"Melter","floor":8,"key":"SMITH"},{"data":"All For One","floor":15,"key":"SMITH"},{"data":"Gash","floor":24,"key":"SMITH"},{"floor":29,"key":"REST"},{"floor":32,"key":"REST"}],"neow_cost":"NONE","seed_source_timestamp":686112553290046,"circlet_count":0,"master_deck":["Strike_B","Strike_B","Strike_B","Defend_B","Defend_B","Defend_B","Zap","Dualcast","Gash+1","Melter+1","Leap","All For One+1","Steam","Coolheaded","Gash+1","Stack","Rebound","All For One","Cold Snap","All For One","Rebound+1","Undo","Decay"],"special_seed":0,"relics":["Velvet Choker"],"potions_floor_usage":[33,33,33],"damage_taken":[{"damage":10.0,"enemies":"Small Slimes","floor":1.0,"turns":3.0},{"damage":1.0,"enemies":"2 Louse","floor":2.0,"turns":3.0},{"damage":1.0,"enemies":"Jaw Worm","floor":3.0,"turns":3.0},{"damage":5.0,"enemies":"Looter","floor":5.0,"turns":3.0},{"damage":9.0,"enemies":"Lagavulin","floor":7.0,"turns":6.0},{"damage":2,"enemies":"Blue Slaver","floor":10,"turns":3},{"damage":2,"enemies":"Red Slaver","floor":12,"turns":3},{"damage":3,"enemies":"2 Fungi Beasts","floor":14,"turns":3},{"damage":10,"enemies":"Hexaghost","floor":16,"turns":10},{"damage":0,"enemies":"Spheric Guardian","floor":18,"turns":3},{"damage":17,"enemies":"2 Thieves","floor":19,"turns":4},{"damage":0,"enemies":"Centurion and Healer","floor":20,"turns":5},{"damage":3,"enemies":"Chosen and Byrds","floor":21,"turns":6},{"damage":0,"enemies":"Sentry and Sphere","floor":23,"turns":3},{"damage":5,"enemies":"Centurion and Healer","floor":25,"turns":6},{"damage":31,"enemies":"3 Cultists","floor":27,"turns":7},{"damage":26,"enemies":"Snake Plant","floor":31,"turns":5},{"damage":38,"enemies":"Automaton","floor":33,"turns":10}],"seed_played":"-1276638841817559816","potions_obtained":[{"floor":2.0,"key":"EntropicBrew"},{"floor":12,"key":"FocusPotion"},{"floor":19,"key":"FocusPotion"}],"is_trial":false,"path_per_floor":["M","M","M","?","M","R","E","R","T","M","?","M","$","M","R","B",null,"M","M","M","M","$","M","R","M","T","M","?","R","?","M","R","B"],"character_chosen":"DEFECT","items_purchased":["Gash","Stack","All For One"],"campfire_rested":2,"item_purchase_floors":[13,13,22],"current_hp_per_floor":[65,64,63,63,58,58,49,49,49,47,47,45,45,42,42,32,75,75,58,58,55,55,55,55,50,50,19,19,41,41,15,37,0],"gold":237,"neow_bonus":"BOSS_RELIC","is_prod":false,"is_daily":false,"chose_seed":false,"campfire_upgraded":4,"win_rate":0,"timestamp":1549644792,"path_taken":["M","M","M","?","M","R","E","R","T","M","?","M","$","M","R","BOSS","M","M","M","M","$","M","R","M","T","M","?","R","?","M","R","BOSS"],"build_version":"2019-01-23","purchased_purges":2,"victory":false,"max_hp_per_floor":[75,75,75,75,75,75,75,75,75,75,75,75,75,75,75,75,75,75,75,75,75,75,75,75,75,75,75,75,75,75,75,75,75],"card_choices":[{"not_picked":["Coolheaded","Turbo"],"picked":"Gash","floor":1.0},{"not_picked":["Darkness","Rip and Tear"],"picked":"Melter","floor":2.0},{"not_picked":["Scrape","Storm","Barrage"],"picked":"SKIP","floor":3.0},{"not_picked":["Redo","Conserve Battery"],"picked":"Leap","floor":5.0},{"not_picked":["Sweeping Beam","Cold Snap"],"picked":"All For One","floor":7},{"not_picked":["Melter","Tempest"],"picked":"Steam","floor":10},{"not_picked":["Chill","Sunder"],"picked":"Coolheaded","floor":12},{"not_picked":["Double Energy","Beam Cell"],"picked":"Rebound","floor":14},{"not_picked":["Fission","Machine Learning"],"picked":"All For One","floor":16},{"not_picked":["Steam Power+1","Conserve Battery"],"picked":"Cold Snap","floor":18},{"not_picked":["Ball Lightning+1","Hologram","Redo"],"picked":"SKIP","floor":19},{"not_picked":["Barrage","Consume","Ball Lightning"],"picked":"SKIP","floor":20},{"not_picked":["Hologram","Doom and Gloom","Barrage"],"picked":"SKIP","floor":21},{"not_picked":["Streamline","Compile Driver"],"picked":"Rebound+1","floor":23},{"not_picked":["Static Discharge","Recycle","Lockon+1"],"picked":"SKIP","floor":25},{"not_picked":["Compile Driver","Chill"],"picked":"Undo","floor":27},{"not_picked":["Creative AI","Blizzard","Rebound"],"picked":"SKIP","floor":31}],"player_experience":548056,"relics_obtained":[],"event_choices":[{"damage_healed":0.0,"max_hp_gain":0.0,"max_hp_loss":0.0,"gold_gain":72.0,"event_name":"Golden Wing","player_choice":"Gained Gold","floor":4.0,"gold_loss":0.0,"damage_taken":0.0},{"damage_healed":0,"gold_gain":0,"player_choice":"Fled","damage_taken":0,"max_hp_gain":0,"max_hp_loss":0,"event_name":"Scrap Ooze","floor":11,"gold_loss":0},{"damage_healed":0,"gold_gain":0,"player_choice":"Smashed Altar","damage_taken":0,"max_hp_gain":0,"max_hp_loss":0,"event_name":"Forgotten Altar","floor":28,"gold_loss":0,"cards_obtained":["Decay"]},{"damage_healed":0,"gold_gain":0,"player_choice":"Ignored","damage_taken":0,"max_hp_gain":0,"max_hp_loss":0,"event_name":"The Mausoleum","floor":30,"gold_loss":0}],"is_beta":false,"boss_relics":[{"not_picked":["Sozu","Inserter","Black Star"]}],"items_purged_floors":[13,22],"is_endless":false,"potions_floor_spawned":[2,5,12,16,19,21,27],"killed_by":"Automaton","ascension_level":0}