{"path_per_floor":["M","M","M","M","$","R","E","?","T","M","M","M","R","?","R","B",null,"M","M","M","?","$","R","?","R","T","E","M","M","M","M","R","B",null,"M","M","?","M","M","R","$","M","T","?","M","M","E","M","R","B"],"character_chosen":"DEFECT","items_purchased":["Vajra","Oddly Smooth Stone"],"gold_per_floor":[114,129,144,159,9,9,39,0,25,40,55,70,70,70,70,170,170,185,200,215,138,63,63,63,63,63,93,108,123,138,153,153,253,253,268,283,283,298,313,313,63,78,78,78,93,108,138,153,153,153],"floor_reached":51,"campfire_rested":2,"playtime":2981,"item_purchase_floors":[5,41],"current_hp_per_floor":[74,74,73,73,73,73,60,60,60,60,60,60,60,60,60,16,75,75,75,52,52,52,52,52,52,52,45,42,42,42,39,70,8,70,69,66,66,63,63,63,63,52,52,42,42,42,39,34,65,58],"items_purged":["Strike_B","Defend_B"],"gold":153,"score":709,"play_id":"bd2431bc-9b33-43de-809e-cee9b6fcd90e","local_time":"20180610172428","daily_mods":["Specialized","Uncertain Future","Night Terrors"],"is_prod":false,"is_daily":true,"chose_seed":false,"is_ascension_mode":false,"campfire_upgraded":6,"win_rate":0,"timestamp":1528647868,"campfire_choices":[{"data":"Zap","floor":6,"key":"SMITH"},{"data":"Seek","floor":13,"key":"SMITH"},{"data":"Dualcast","floor":15,"key":"SMITH"},{"data":"Hyperbeam","floor":23,"key":"SMITH"},{"data":"J.A.X.","floor":25,"key":"SMITH"},{"floor":32,"key":"REST"},{"data":"White Noise","floor":40,"key":"SMITH"},{"floor":49,"key":"REST"}],"path_taken":["M","?","M","M","$","R","E","?","T","M","M","M","R","?","R","BOSS","M","M","M","?","$","R","?","R","T","E","M","M","?","M","R","BOSS","M","M","?","M","M","R","$","M","T","?","?","M","E","M","R","BOSS"],"build_version":"2018-06-07v3","seed_source_timestamp":0,"purchased_purges":2,"victory":true,"master_deck":["Strike_B","Strike_B","Strike_B","Defend_B","Defend_B","Zap+1","Dualcast+1","Seek+1","Seek","Seek","Seek","Seek","Conserve Battery","Scrape+1","Go for the Eyes","FTL","Conserve Battery","FTL","Hyperbeam+1","Beam Cell","Beam Cell","J.A.X.+1","All For One","White Noise+1","All For One","White Noise+1","Gash","Jack Of All Trades","Apotheosis","Dark Shackles","FTL+1","Conserve Battery+1","Steam+1"],"max_hp_per_floor":[75,75,75,75,75,75,75,75,75,75,75,75,75,75,75,75,75,75,75,75,75,75,75,75,75,75,75,75,75,75,75,70,70,70,70,70,70,70,70,70,70,70,70,70,70,70,70,70,65,65],"relics":["Cracked Core","Vajra","Mercury Hourglass","Art of War","Runic Pyramid","Happy Flower","Orichalcum","Runic Dome","Oddly Smooth Stone","Omamori","Bird Faced Urn"],"card_choices":[{"not_picked":["Capacitor","Compile Driver"],"picked":"Conserve Battery","floor":1},{"not_picked":["Barrage","Coolheaded"],"picked":"Scrape","floor":2},{"not_picked":["Redo","Go for the Eyes","Compile Driver"],"picked":"SKIP","floor":3},{"not_picked":["Coolheaded","Storm"],"picked":"Go for the Eyes","floor":4},{"not_picked":["Barrage","Ball Lightning"],"picked":"FTL","floor":7},{"not_picked":["Lockon","Conserve Battery","Chill"],"picked":"SKIP","floor":10},{"not_picked":["Leap","Sweeping Beam"],"picked":"Conserve Battery","floor":11},{"not_picked":["Ball Lightning","Blizzard"],"picked":"FTL","floor":12},{"not_picked":["Seek","Machine Learning"],"picked":"Hyperbeam","floor":16},{"not_picked":["Skim+1","Turbo"],"picked":"Beam Cell","floor":18},{"not_picked":["Turbo","Capacitor","Cold Snap+1"],"picked":"SKIP","floor":19},{"not_picked":["Sweeping Beam+1","Rebound"],"picked":"Beam Cell","floor":20},{"not_picked":["Barrage","Auto Shields"],"picked":"All For One","floor":27},{"not_picked":["Hello World+1","Beam Cell"],"picked":"White Noise","floor":28},{"not_picked":["Turbo","Compile Driver","Streamline"],"picked":"SKIP","floor":29},{"not_picked":["Beam Cell","Leap+1","Sunder"],"picked":"SKIP","floor":30},{"not_picked":["Compile Driver+1","Reprogram","Rebound"],"picked":"SKIP","floor":31},{"not_picked":["Creative AI","Electrodynamics"],"picked":"All For One","floor":33},{"not_picked":["Genetic Algorithm","Reprogram+1","Steam Power+1"],"picked":"SKIP","floor":35},{"not_picked":["Turbo+1","Blizzard+1","Reinforced Body"],"picked":"SKIP","floor":36},{"not_picked":["Storm","Beam Cell"],"picked":"White Noise+1","floor":38},{"not_picked":["Go for the Eyes","Stack","Compile Driver+1"],"picked":"SKIP","floor":39},{"not_picked":["Chaos","Chill"],"picked":"Gash","floor":42},{"not_picked":["Madness","Sadistic Nature"],"picked":"Jack Of All Trades","floor":44},{"not_picked":["Bandage Up","Dark Shackles"],"picked":"Apotheosis","floor":44},{"not_picked":["Madness","Panacea"],"picked":"Dark Shackles","floor":44},{"not_picked":["Cold Snap+1","Stack+1"],"picked":"FTL+1","floor":45},{"not_picked":["Compile Driver","Go for the Eyes"],"picked":"Conserve Battery+1","floor":46},{"not_picked":["Heatsinks","Undo"],"picked":"Steam+1","floor":47},{"not_picked":["Turbo","Go for the Eyes","Capacitor"],"picked":"SKIP","floor":48}],"player_experience":289583,"potions_floor_usage":[16,27,33,50,50,50],"damage_taken":[{"damage":1,"enemies":"Cultist","floor":1,"turns":3},{"damage":0,"enemies":"2 Louse","floor":2,"turns":2},{"damage":1,"enemies":"Jaw Worm","floor":3,"turns":3},{"damage":0,"enemies":"2 Fungi Beasts","floor":4,"turns":3},{"damage":13,"enemies":"3 Sentries","floor":7,"turns":6},{"damage":0,"enemies":"Exordium Thugs","floor":10,"turns":3},{"damage":0,"enemies":"Looter","floor":11,"turns":2},{"damage":0,"enemies":"3 Louse","floor":12,"turns":2},{"damage":44,"enemies":"The Guardian","floor":16,"turns":6},{"damage":0,"enemies":"Spheric Guardian","floor":18,"turns":3},{"damage":0,"enemies":"Chosen","floor":19,"turns":2},{"damage":23,"enemies":"Snake Plant","floor":20,"turns":3},{"damage":7,"enemies":"Slavers","floor":27,"turns":2},{"damage":3,"enemies":"Chosen and Byrds","floor":28,"turns":2},{"damage":0,"enemies":"Snecko","floor":29,"turns":2},{"damage":0,"enemies":"Cultist and Chosen","floor":30,"turns":2},{"damage":3,"enemies":"Slaver and Parasite","floor":31,"turns":3},{"damage":69,"enemies":"Champ","floor":33,"turns":6},{"damage":1,"enemies":"3 Darklings","floor":35,"turns":2},{"damage":3,"enemies":"Orb Walker","floor":36,"turns":1},{"damage":3,"enemies":"3 Darklings","floor":38,"turns":1},{"damage":0,"enemies":"Sphere and 2 Shapes","floor":39,"turns":1},{"damage":11,"enemies":"Maw","floor":42,"turns":5},{"damage":0,"enemies":"4 Shapes","floor":45,"turns":1},{"damage":0,"enemies":"3 Darklings","floor":46,"turns":1},{"damage":10,"enemies":"Giant Head","floor":47,"turns":4},{"damage":11,"enemies":"Maw","floor":48,"turns":5},{"damage":13,"enemies":"Time Eater","floor":50,"turns":6}],"relics_obtained":[{"floor":7,"key":"Mercury Hourglass"},{"floor":9,"key":"Art of War"},{"floor":26,"key":"Happy Flower"},{"floor":27,"key":"Orichalcum"},{"floor":43,"key":"Omamori"},{"floor":47,"key":"Bird Faced Urn"}],"event_choices":[{"event_name":"World of Goop","player_choice":"Left","floor":8,"damage_taken":0},{"event_name":"Living Wall","player_choice":"Forget","floor":14,"damage_taken":0},{"event_name":"Drug Dealer","player_choice":"Got JAXXED","floor":21,"damage_taken":0},{"event_name":"Beggar","player_choice":"Ignored","floor":24,"damage_taken":0},{"event_name":"Accursed Blacksmith","player_choice":"Forge","floor":37,"damage_taken":0},{"event_name":"SensoryStone","player_choice":"Memory 3","floor":44,"damage_taken":0}],"boss_relics":[{"not_picked":["Busted Crown","Black Star"],"picked":"Runic Pyramid"},{"not_picked":["White Beast Statue","Cursed Key"],"picked":"Runic Dome"}],"items_purged_floors":[22,41],"potions_floor_spawned":[2,3,11,18,19,30,35,36,42],"seed_played":"3483754520663097572","ascension_level":0,"potions_obtained":[{"floor":2,"key":"PowerPotion"},{"floor":3,"key":"Ancient Potion"},{"floor":11,"key":"SpeedPotion"},{"floor":18,"key":"Explosive Potion"},{"floor":19,"key":"PowerPotion"},{"floor":30,"key":"Block Potion"},{"floor":35,"key":"Ancient Potion"},{"floor":36,"key":"EntropicBrew"},{"floor":42,"key":"Fire Potion"}],"is_trial":false}