{"path_per_floor":["M","M","$","?","?","R","E","R","T","M","M","M","$","M","R","B",null,"M","?","M","?"],"character_chosen":"THE_SILENT","items_purchased":["Accuracy","Cloak And Dagger","Accuracy"],"gold_per_floor":[111,127,3,3,3,3,37,37,37,56,72,84,12,30,30,133,133,147,147,157,157,157],"floor_reached":22,"campfire_rested":2,"playtime":679,"current_hp_per_floor":[62,60,60,60,60,60,23,44,44,35,34,31,31,31,52,14,56,36,36,23,23,0],"items_purged":[],"gold":157,"score":270,"play_id":"099d3334-dda5-48cf-a0ab-7d4c44a3a02c","local_time":"20180410171350","is_prod":false,"is_daily":false,"chose_seed":false,"is_ascension_mode":true,"campfire_upgraded":1,"timestamp":1523402030,"path_taken":["M","M","$","?","?","R","E","R","T","M","?","M","$","M","R","BOSS","M","?","M","?","M"],"build_version":"2018-04-10","seed_source_timestamp":919389125851854,"purchased_purges":0,"victory":false,"master_deck":["Defend_G","Defend_G+1","Defend_G+1","Defend_G","Defend_G","Strike_G","Strike_G","Strike_G","Strike_G","Strike_G","Survivor","Neutralize","Sucker Punch","Riddle With Holes","Accuracy","Cloak And Dagger+1","Regret","Dash","Cloak And Dagger","Flying Knee","Accuracy+1","Storm of Steel","Backflip"],"max_hp_per_floor":[70,70,70,70,70,70,70,70,70,70,70,70,70,70,70,70,70,70,70,70,70,70],"relics":["White Beast Statue","War Paint","Vajra","Frozen Egg 2","Runic Dome"],"card_choices":[{"not_picked":["Outmaneuver","Acrobatics"],"picked":"Sucker Punch","floor":1},{"not_picked":["Prepared","Setup"],"picked":"Riddle With Holes","floor":2},{"not_picked":["Eviscerate","Dagger Spray"],"picked":"Dash","floor":7},{"not_picked":["Slice","Bane"],"picked":"Cloak And Dagger","floor":10},{"not_picked":["A Thousand Cuts","Backflip"],"picked":"Flying Knee","floor":11},{"not_picked":["A Thousand Cuts","Tactician"],"picked":"Storm of Steel","floor":16},{"not_picked":["Poisoned Stab","Acrobatics"],"picked":"Backflip","floor":20}],"player_experience":291295,"potions_floor_usage":[7,7,11,11,14,16,18,20,22],"damage_taken":[{"damage":1,"enemies":"2 Louse","floor":1,"turns":2},{"damage":2,"enemies":"Small Slimes","floor":2,"turns":4},{"damage":37,"enemies":"Lagavulin","floor":7,"turns":9},{"damage":9,"enemies":"Jaw Worm","floor":10,"turns":2},{"damage":1,"enemies":"Exordium Wildlife","floor":11,"turns":3},{"damage":3,"enemies":"Exordium Thugs","floor":12,"turns":4},{"damage":0,"enemies":"Blue Slaver","floor":14,"turns":3},{"damage":38,"enemies":"Slime Boss","floor":16,"turns":12},{"damage":20,"enemies":"2 Thieves","floor":18,"turns":4},{"damage":13,"enemies":"3 Byrds","floor":20,"turns":4},{"damage":28,"enemies":"Snake Plant","floor":22,"turns":2}],"event_choices":[{"event_name":"The Cleric","player_choice":"Leave","floor":4,"damage_taken":0},{"event_name":"Big Fish","player_choice":"Box","floor":5,"damage_taken":0},{"event_name":"N\u0027loth","player_choice":"Ignored","floor":19,"damage_taken":0},{"event_name":"Drug Dealer","player_choice":"Ignored","floor":21,"damage_taken":0}],"boss_relics":[{"not_picked":["Philosopher\u0027s Stone","Lizard Tail"],"picked":"Runic Dome"}],"potions_floor_spawned":[1,2,7,10,11,12,14,16,18,20],"seed_played":"-4685200128991731193","killed_by":"Snake Plant","ascension_level":9,"is_trial":false}