{"gold_per_floor":[110,110,120,137,137,137,137,151,178,178,198,276,304,320,320,423,423,443,443,458,477,10,10,29,29,29,48,68,68,167,187,187,287,287,297,297,310,325,325,325,341,341],"floor_reached":42,"playtime":1357,"items_purged":[],"score":444,"play_id":"2a6b1d3a-0626-4099-83ff-86e517a269d6","local_time":"20190208161642","is_ascension_mode":false,"campfire_choices":[{"data":"Shrug It Off","floor":6,"key":"SMITH"},{"data":"True Grit","floor":15,"key":"SMITH"},{"data":"Corruption","floor":23,"key":"SMITH"},{"data":"Flex","floor":25,"key":"SMITH"},{"data":"Barricade","floor":32,"key":"SMITH"},{"data":"Body Slam","floor":40,"key":"SMITH"}],"neow_cost":"NONE","seed_source_timestamp":683602186061067,"circlet_count":0,"master_deck":["Strike_R","Strike_R","Strike_R","Strike_R","Strike_R+1","Defend_R","Defend_R","Defend_R","Defend_R","Bash","Panacea","Pommel Strike","Pommel Strike+1","Shrug It Off+1","Twin Strike","Clash","True Grit+1","Twin Strike","Feed","Metallicize","Body Slam+1","Dropkick","Shrug It Off","Corruption+1","Twin Strike","Flex+1","Shrug It Off","Feel No Pain","Barricade+1","Feel No Pain","Pommel Strike+1","Iron Wave+1"],"relics":["Burning Blood","Odd Mushroom","Philosopher\u0027s Stone","Potion Belt","Oddly Smooth Stone","Ancient Tea Set","Smiling Mask","Sozu"],"potions_floor_usage":[16,33,33,33,42],"damage_taken":[{"damage":0,"enemies":"2 Louse","floor":1,"turns":3},{"damage":1,"enemies":"Jaw Worm","floor":3,"turns":3},{"damage":0,"enemies":"Small Slimes","floor":4,"turns":3},{"damage":8,"enemies":"Red Slaver","floor":8,"turns":2},{"damage":0,"enemies":"Large Slime","floor":11,"turns":5},{"damage":18,"enemies":"The Mushroom Lair","floor":13,"turns":4},{"damage":8,"enemies":"2 Fungi Beasts","floor":14,"turns":4},{"damage":42,"enemies":"Hexaghost","floor":16,"turns":9},{"damage":0,"enemies":"Chosen","floor":18,"turns":3},{"damage":8,"enemies":"Spheric Guardian","floor":20,"turns":4},{"damage":31,"enemies":"Snake Plant","floor":21,"turns":4},{"damage":6,"enemies":"Shelled Parasite and Fungi","floor":24,"turns":6},{"damage":9,"enemies":"Cultist and Chosen","floor":27,"turns":5},{"damage":3,"enemies":"Centurion and Healer","floor":28,"turns":7},{"damage":7,"enemies":"Snecko","floor":31,"turns":4},{"damage":18,"enemies":"Automaton","floor":33,"turns":9},{"damage":0,"enemies":"3 Shapes","floor":35,"turns":7},{"damage":24,"enemies":"3 Darklings","floor":37,"turns":7},{"damage":6,"enemies":"Maw","floor":38,"turns":7},{"damage":2,"enemies":"4 Shapes","floor":41,"turns":7},{"damage":92,"enemies":"Nemesis","floor":42,"turns":10}],"seed_played":"502881709905724025","potions_obtained":[{"floor":4,"key":"Strength Potion"},{"floor":8,"key":"PowerPotion"},{"floor":11,"key":"Dexterity Potion"},{"floor":16,"key":"Strength Potion"},{"floor":21,"key":"LiquidBronze"},{"floor":28,"key":"LiquidBronze"},{"floor":33,"key":"SneckoOil"}],"is_trial":false,"path_per_floor":["M","?","M","M","?","R","?","M","T","?","M","?","?","M","R","B",null,"M","?","M","M","$","R","M","R","T","M","M","?","?","M","R","B",null,"M","?","M","M","?","R","M","E"],"character_chosen":"IRONCLAD","items_purchased":["Oddly Smooth Stone","Shrug It Off","Corruption","Ancient Tea Set","Twin Strike"],"campfire_rested":0,"item_purchase_floors":[22,22,22,22,22],"current_hp_per_floor":[80,80,80,80,64,64,69,67,67,67,73,73,61,59,59,23,85,88,88,86,61,61,61,64,64,64,61,64,46,46,45,45,33,96,96,96,78,78,78,78,82,0],"gold":341,"neow_bonus":"RANDOM_COLORLESS","is_prod":false,"is_daily":false,"chose_seed":false,"campfire_upgraded":6,"win_rate":0,"timestamp":1549642602,"path_taken":["M","?","M","M","?","R","?","M","T","?","?","?","?","M","R","BOSS","M","?","M","M","$","R","?","R","T","M","M","?","?","M","R","BOSS","M","?","M","M","?","R","M","E"],"build_version":"2019-01-23","purchased_purges":0,"victory":false,"max_hp_per_floor":[80,80,80,80,80,80,85,85,85,85,85,85,85,85,85,85,85,88,88,88,88,88,88,91,91,91,91,91,96,96,96,96,96,96,96,96,96,96,96,96,96,96],"card_choices":[{"not_picked":["Warcry","Feel No Pain"],"picked":"Pommel Strike","floor":1},{"not_picked":["Infernal Blade","Shrug It Off"],"picked":"Pommel Strike","floor":3},{"not_picked":["Heavy Blade","Twin Strike"],"picked":"Shrug It Off","floor":4},{"not_picked":["Anger","Evolve"],"picked":"Twin Strike","floor":8},{"not_picked":["Clothesline","Thunderclap"],"picked":"Clash","floor":11},{"not_picked":["Thunderclap","Barricade"],"picked":"True Grit","floor":13},{"not_picked":["Sword Boomerang","Heavy Blade"],"picked":"Twin Strike","floor":14},{"not_picked":["Demon Form","Offering"],"picked":"Feed","floor":16},{"not_picked":["Blood for Blood","Battle Trance"],"picked":"Metallicize","floor":18},{"not_picked":["True Grit","Pummel+1"],"picked":"Body Slam","floor":20},{"not_picked":["Dual Wield","Havoc"],"picked":"Dropkick","floor":21},{"not_picked":["Uppercut","Thunderclap+1"],"picked":"Flex","floor":24},{"not_picked":["Spot Weakness","Pommel Strike"],"picked":"Shrug It Off","floor":27},{"not_picked":["Shockwave","Second Wind"],"picked":"Feel No Pain","floor":28},{"not_picked":["Spot Weakness","Seeing Red"],"picked":"Barricade","floor":31},{"not_picked":["Flex","Rampage"],"picked":"Feel No Pain","floor":35},{"not_picked":["Heavy Blade+1","Armaments","Headbutt"],"picked":"SKIP","floor":37},{"not_picked":["Burning Pact+1","Infernal Blade"],"picked":"Pommel Strike+1","floor":38},{"not_picked":["Demon Form","Wild Strike"],"picked":"Iron Wave+1","floor":41}],"player_experience":545586,"relics_obtained":[{"floor":13,"key":"Odd Mushroom"},{"floor":26,"key":"Smiling Mask"}],"event_choices":[{"damage_healed":0,"gold_gain":0,"player_choice":"Fled","damage_taken":0,"max_hp_gain":0,"max_hp_loss":0,"event_name":"Scrap Ooze","floor":2,"gold_loss":0},{"damage_healed":0,"gold_gain":0,"player_choice":"Entered Light","damage_taken":16,"max_hp_gain":0,"max_hp_loss":0,"event_name":"Shining Light","floor":5,"gold_loss":0,"cards_upgraded":["Pommel Strike","Strike_R"]},{"damage_healed":0,"gold_gain":0,"player_choice":"Donut","damage_taken":0,"max_hp_gain":5,"max_hp_loss":0,"event_name":"Big Fish","floor":7,"gold_loss":0},{"damage_healed":0,"gold_gain":0,"player_choice":"Ignored","damage_taken":0,"max_hp_gain":0,"max_hp_loss":0,"event_name":"NoteForYourself","floor":10,"gold_loss":0},{"damage_healed":0,"gold_gain":78,"player_choice":"Gained Gold","damage_taken":0,"max_hp_gain":0,"max_hp_loss":0,"event_name":"Golden Wing","floor":12,"gold_loss":0},{"damage_healed":0,"gold_gain":0,"player_choice":"Fought Mushrooms","damage_taken":0,"max_hp_gain":0,"max_hp_loss":0,"event_name":"Mushrooms","floor":13,"gold_loss":0},{"damage_healed":0,"gold_gain":0,"player_choice":"Gave Potion","damage_taken":0,"relics_obtained":["Potion Belt"],"max_hp_gain":0,"max_hp_loss":0,"event_name":"WeMeetAgain","floor":19,"gold_loss":0},{"damage_healed":0,"gold_gain":0,"player_choice":"Shed Blood","damage_taken":23,"max_hp_gain":5,"max_hp_loss":0,"event_name":"Forgotten Altar","floor":29,"gold_loss":0},{"damage_healed":0,"gold_gain":99,"player_choice":"Stole From Cult","damage_taken":0,"max_hp_gain":0,"max_hp_loss":0,"event_name":"Nest","floor":30,"gold_loss":0},{"damage_healed":0,"gold_gain":0,"player_choice":"Ignored","damage_taken":0,"max_hp_gain":0,"max_hp_loss":0,"event_name":"Tomb of Lord Red Mask","floor":36,"gold_loss":0},{"damage_healed":0,"gold_gain":0,"player_choice":"Got Potions","damage_taken":0,"max_hp_gain":0,"max_hp_loss":0,"event_name":"Lab","floor":39,"gold_loss":0}],"is_beta":false,"boss_relics":[{"not_picked":["Mark of Pain","Pandora\u0027s Box"],"picked":"Philosopher\u0027s Stone"},{"not_picked":["Black Blood","Snecko Eye"],"picked":"Sozu"}],"items_purged_floors":[],"is_endless":false,"potions_floor_spawned":[4,8,11,14,16,21,28,33,41],"killed_by":"Nemesis","ascension_level":0}