{"gold_per_floor":[118,129,146,166,131,131,157,157,157,188,188,188],"floor_reached":12,"playtime":322,"items_purged":[],"score":114,"play_id":"dc8033c7-5594-4b54-9427-c2f671c21e09","local_time":"20180710182403","is_ascension_mode":true,"campfire_choices":[{"data":"Loop","floor":6,"key":"SMITH"},{"floor":8,"key":"REST"},{"data":"White Noise","floor":11,"key":"SMITH"}],"neow_cost":"NONE","seed_source_timestamp":3371249521883,"circlet_count":0,"master_deck":["Strike_B","Strike_B","Strike_B","Strike_B","Defend_B","Defend_B","Defend_B","Defend_B","Zap","Dualcast","Rip and Tear","Go for the Eyes","Loop+1","Compile Driver","White Noise+1","FTL"],"relics":["Cracked Core","Juzu Bracelet","Matryoshka","Happy Flower","Bottled Tornado","Oddly Smooth Stone"],"potions_floor_usage":[4,7,12,12],"damage_taken":[{"damage":5,"enemies":"Small Slimes","floor":1,"turns":3},{"damage":8,"enemies":"2 Louse","floor":2,"turns":2},{"damage":0,"enemies":"Cultist","floor":3,"turns":3},{"damage":14,"enemies":"Red Slaver","floor":4,"turns":2},{"damage":30,"enemies":"Lagavulin","floor":7,"turns":4},{"damage":12,"enemies":"3 Sentries","floor":10,"turns":5},{"damage":46,"enemies":"Gremlin Nob","floor":12,"turns":3}],"seed_played":"-8425973071565455768","potions_obtained":[{"floor":2,"key":"Poison Potion"},{"floor":3,"key":"Regen Potion"},{"floor":10,"key":"EntropicBrew"}],"is_trial":false,"path_per_floor":["M","M","M","M","?","R","E","R","T","E","R"],"character_chosen":"DEFECT","items_purchased":[],"campfire_rested":1,"item_purchase_floors":[],"current_hp_per_floor":[63,55,55,46,64,64,34,56,56,44,44,0],"gold":188,"neow_bonus":"RANDOM_COMMON_RELIC","is_prod":false,"is_daily":false,"chose_seed":false,"campfire_upgraded":2,"win_rate":0,"timestamp":1531268643,"path_taken":["M","M","M","M","?","R","E","R","T","E","R","E"],"build_version":"2018-07-09","purchased_purges":0,"victory":false,"max_hp_per_floor":[75,75,75,75,75,75,75,75,75,75,75,75],"card_choices":[{"not_picked":["Redo","Force Field"],"picked":"Rip and Tear","floor":1},{"not_picked":["Barrage","Stack"],"picked":"Go for the Eyes","floor":2},{"not_picked":["Sunder","Aggregate"],"picked":"Loop","floor":3},{"not_picked":["Turbo","Doom and Gloom"],"picked":"Compile Driver","floor":4},{"not_picked":["Darkness","Gash"],"picked":"White Noise","floor":7},{"not_picked":["Hyperbeam","Stack"],"picked":"FTL","floor":10}],"player_experience":458290,"relics_obtained":[{"floor":7,"key":"Matryoshka"},{"floor":9,"key":"Happy Flower"},{"floor":9,"key":"Bottled Tornado"},{"floor":10,"key":"Oddly Smooth Stone"}],"event_choices":[{"event_name":"The Cleric","player_choice":"Healed","floor":5,"damage_taken":0}],"boss_relics":[],"items_purged_floors":[],"is_endless":false,"potions_floor_spawned":[2,3,10],"killed_by":"Gremlin Nob","ascension_level":6}