{"path_per_floor":["M","M","M","M","?","R","M","R","T","E","M","M","M","$","R","B",null,"M","?","?","M","$","R","M","R","T","M","?","R","M","$","R","B",null,"M","$","M","M","$","R","M","M","T","R","?","R","?","M","R","B"],"character_chosen":"IRONCLAD","items_purchased":["Anger","Panache","Uppercut","Flash of Steel","Apotheosis"],"gold_per_floor":[214,231,248,266,266,266,284,284,362,395,411,427,441,195,195,295,295,313,313,313,327,248,248,258,258,258,277,192,192,209,117,117,215,215,230,34,47,67,67,67,83,95,118,118,171,171,171,191,191,191],"floor_reached":51,"campfire_rested":4,"playtime":4485,"current_hp_per_floor":[75,75,75,80,80,80,80,80,80,62,68,66,63,63,63,31,80,80,80,64,72,72,72,59,80,80,80,80,80,80,80,80,57,80,69,69,66,47,47,71,80,39,39,63,63,63,63,48,72,26],"items_purged":[],"gold":191,"play_id":"1b9fe932-4321-4d8d-afa3-3e3ccca49687","is_prod":false,"is_daily":false,"campfire_rituals":0,"campfire_upgraded":7,"is_hardmode":false,"path_taken":["M","M","M","M","?","R","M","R","T","E","M","M","M","$","R","BOSS","M","?","?","?","$","R","M","R","T","M","?","R","?","$","R","BOSS","M","?","M","M","$","R","M","M","T","R","?","R","?","M","R","BOSS"],"build_version":"2017-12-21-PROD1","purchased_purges":1,"victory":true,"master_deck":["Strike_R","Strike_R","Strike_R","Strike_R","Defend_R","Defend_R","Defend_R","Defend_R","Bash","Cleave","Cleave","Shrug It Off","Anger","Limit Break","Rage","Flex","Dual Wield","Iron Wave","Anger","Panache","Reaper","Heavy Blade","Necronomicurse","Uppercut","Anger","Rampage","Flash of Steel","Reaper","Iron Wave","Apotheosis","Flex","Cleave","Pommel Strike","Searing Blow","Clothesline"],"max_hp_per_floor":[80,80,80,80,80,80,80,80,80,80,80,80,80,80,80,80,80,80,80,80,80,80,80,80,80,80,80,80,80,80,80,80,80,80,80,80,80,80,80,80,80,80,80,80,80,80,80,80,80,80],"relics":["Burning Blood","Gremlin Horn","Matryoshka","Black Star","Necronomicon","Bag of Preparation","Shuriken","Ancient Tea Set","Vajra","Blood Vial","Red Skull"],"campfire_meditates":0,"card_choices":[{"not_picked":["Sword Boomerang","Corruption"],"picked":"Cleave"},{"not_picked":["Dark Embrace","Shockwave"],"picked":"Cleave"},{"not_picked":["Cleave","Dual Wield"],"picked":"Shrug It Off"},{"not_picked":["Bloodletting","Hemokinesis"],"picked":"Anger"},{"not_picked":["Armaments","Shockwave"],"picked":"Rage"},{"not_picked":["Cleave","Anger"],"picked":"Flex"},{"not_picked":["Thunderclap","Armaments"],"picked":"Dual Wield"},{"not_picked":["Thunderclap","Intimidate"],"picked":"Iron Wave"},{"not_picked":["Fiend Fire","Brutality"],"picked":"Reaper"},{"not_picked":["Thunderclap","Cleave"],"picked":"Heavy Blade"},{"not_picked":["Thunderclap","Body Slam"],"picked":"Anger"},{"not_picked":["Heavy Blade","Blood for Blood"],"picked":"Rampage"},{"not_picked":["Berserk","Impervious"],"picked":"Reaper"},{"not_picked":["Reckless Charge","Corruption"],"picked":"Iron Wave"},{"not_picked":["Infernal Blade","Combust"],"picked":"Flex"},{"not_picked":["Flame Barrier","Shrug It Off"],"picked":"Cleave"},{"not_picked":["Pummel","Uppercut"],"picked":"Pommel Strike"},{"not_picked":["Battle Trance","Heavy Blade"],"picked":"Searing Blow"},{"not_picked":["Dropkick","Power Through"],"picked":"Clothesline"}],"player_experience":3473,"potions_floor_usage":[16,18,42],"damage_taken":[{"damage":11,"enemies":"Jaw Worm","floor":1,"turns":4},{"damage":6,"enemies":"Blue Slaver","floor":2,"turns":6},{"damage":6,"enemies":"Cultist","floor":3,"turns":4},{"damage":0,"enemies":"Large Slime","floor":4,"turns":5},{"damage":6,"enemies":"3 Louse","floor":7,"turns":2},{"damage":24,"enemies":"Gremlin Nob","floor":10,"turns":5},{"damage":0,"enemies":"2 Fungi Beasts","floor":11,"turns":2},{"damage":8,"enemies":"Lots of Slimes","floor":12,"turns":3},{"damage":9,"enemies":"Large Slime","floor":13,"turns":8},{"damage":38,"enemies":"Slime Boss","floor":16,"turns":8},{"damage":0,"enemies":"3 Byrds","floor":18,"turns":6},{"damage":6,"enemies":"Chosen","floor":21,"turns":5},{"damage":27,"enemies":"3 Cultists","floor":24,"turns":4},{"damage":1,"enemies":"Centurion and Healer","floor":27,"turns":5},{"damage":0,"enemies":"Snake Plant","floor":30,"turns":2},{"damage":29,"enemies":"Champ","floor":33,"turns":8},{"damage":20,"enemies":"Orb Walker","floor":35,"turns":4},{"damage":20,"enemies":"3 Shapes","floor":37,"turns":3},{"damage":42,"enemies":"Maw","floor":38,"turns":7},{"damage":22,"enemies":"3 Darklings","floor":41,"turns":4},{"damage":47,"enemies":"Sphere and 2 Shapes","floor":42,"turns":5},{"damage":8,"enemies":"Mysterious Sphere","floor":45,"turns":2},{"damage":23,"enemies":"4 Shapes","floor":48,"turns":3},{"damage":69,"enemies":"Awakened One","floor":50,"turns":8}],"event_choices":[{"event_name":"Transmorgrifier","player_choice":"Transform","floor":5,"damage_taken":0},{"event_name":"Drug Dealer","player_choice":"Ignored","floor":19,"damage_taken":0},{"event_name":"Cursed Tome","player_choice":"Obtained Book","floor":20,"damage_taken":0},{"event_name":"Addict","player_choice":"Obtained Relic","floor":28,"damage_taken":0},{"event_name":"Mysterious Sphere","player_choice":"Fight","floor":45,"damage_taken":0},{"event_name":"Accursed Blacksmith","player_choice":"Ignore","floor":47,"damage_taken":0}],"boss_relics":[{"not_picked":["Eternal Feather","Philosopher\u0027s Stone"],"picked":"Black Star"},{"not_picked":["White Beast Statue","Snecko Eye","Runic Cube"]}],"potions_floor_spawned":[2,4,10,13,16,21,24,30,35,38],"seed_played":"-860146049724691197","is_trial":false}