{"gold_per_floor":[110,129,43,58,74,74,86,86,110,129,129,129,129,129,129,250,250,263,263,289,309,309],"floor_reached":22,"playtime":664,"items_purged":[],"score":282,"play_id":"2b92f2ec-10b0-42b7-82bd-b2459c4f4f92","local_time":"20190117225856","is_ascension_mode":true,"campfire_choices":[{"data":"Madness","floor":6,"key":"SMITH"},{"floor":8,"key":"REST"},{"data":"Intimidate","floor":13,"key":"SMITH"},{"data":"Flex","floor":15,"key":"SMITH"}],"neow_cost":"TEN_PERCENT_HP_LOSS","seed_source_timestamp":2007583291043997,"circlet_count":0,"master_deck":["AscendersBane","Strike_R","Strike_R","Strike_R","Defend_R","Defend_R","Defend_R","Defend_R","Madness+1","Clash","Intimidate+1","Flex+1","Rupture+1","Rampage+1","Anger+1","Flex"],"relics":["Burning Blood","Unceasing Top","Smiling Mask","Golden Idol","Astrolabe","Strawberry"],"potions_floor_usage":[22,22],"damage_taken":[{"damage":6,"enemies":"Cultist","floor":1,"turns":3},{"damage":16,"enemies":"2 Louse","floor":2,"turns":3},{"damage":4,"enemies":"Small Slimes","floor":4,"turns":3},{"damage":11,"enemies":"Blue Slaver","floor":5,"turns":3},{"damage":27,"enemies":"Exordium Wildlife","floor":7,"turns":5},{"damage":0,"enemies":"Red Slaver","floor":10,"turns":2},{"damage":40,"enemies":"Hexaghost","floor":16,"turns":7},{"damage":1,"enemies":"Spheric Guardian","floor":18,"turns":3},{"damage":20,"enemies":"Shell Parasite","floor":21,"turns":5},{"damage":77,"enemies":"Snecko","floor":22,"turns":7}],"seed_played":"-4419969297448736925","potions_obtained":[{"floor":4,"key":"Regen Potion"},{"floor":7,"key":"Block Potion"}],"is_trial":false,"path_per_floor":["M","M","$","M","M","R","M","R","T","M","?","?","R","?","R","B",null,"M","?","T","M","M"],"character_chosen":"IRONCLAD","items_purchased":["Madness"],"campfire_rested":1,"item_purchase_floors":[3],"current_hp_per_floor":[72,62,62,64,59,59,38,59,59,65,65,70,70,70,70,36,62,67,67,74,60,0],"gold":309,"neow_bonus":"ONE_RARE_RELIC","is_prod":false,"is_daily":false,"chose_seed":false,"campfire_upgraded":3,"win_rate":0,"timestamp":1547765936,"path_taken":["M","M","$","?","M","R","M","R","T","M","?","?","R","?","R","BOSS","M","?","?","?","M"],"build_version":"2019-01-10","purchased_purges":0,"victory":false,"max_hp_per_floor":[72,72,72,72,72,72,72,72,72,72,72,77,77,71,71,71,71,71,71,78,78,78],"card_choices":[{"not_picked":["Heavy Blade","Battle Trance","Pommel Strike"],"picked":"SKIP","floor":1},{"not_picked":["Searing Blow","Perfected Strike","Heavy Blade"],"picked":"SKIP","floor":2},{"not_picked":["Headbutt","Pommel Strike"],"picked":"Clash","floor":4},{"not_picked":["Havoc","Wild Strike"],"picked":"Intimidate","floor":5},{"not_picked":["Pummel","Havoc","Sword Boomerang"],"picked":"SKIP","floor":7},{"not_picked":["Power Through","Limit Break"],"picked":"Flex","floor":10},{"not_picked":["Headbutt","Body Slam"],"picked":"Anger+1","floor":18},{"not_picked":["Wild Strike","Sword Boomerang"],"picked":"Flex","floor":21}],"player_experience":404645,"relics_obtained":[{"floor":9,"key":"Smiling Mask"},{"floor":20,"key":"Strawberry"}],"event_choices":[{"damage_healed":0,"gold_gain":0,"player_choice":"Ignored","damage_taken":0,"max_hp_gain":0,"max_hp_loss":0,"event_name":"Liars Game","floor":11,"gold_loss":0},{"damage_healed":0,"gold_gain":0,"player_choice":"Donut","damage_taken":0,"max_hp_gain":5,"max_hp_loss":0,"event_name":"Big Fish","floor":12,"gold_loss":0},{"damage_healed":0,"gold_gain":0,"player_choice":"Lose Max HP","damage_taken":0,"relics_obtained":["Golden Idol"],"max_hp_gain":0,"max_hp_loss":6,"event_name":"Golden Idol","floor":14,"gold_loss":0},{"cards_removed":["Blood for Blood"],"damage_healed":0,"gold_gain":0,"player_choice":"Elegance","damage_taken":0,"max_hp_gain":0,"max_hp_loss":0,"event_name":"Back to Basics","floor":19,"gold_loss":0}],"is_beta":false,"boss_relics":[{"not_picked":["Mark of Pain","Runic Cube"],"picked":"Astrolabe"}],"items_purged_floors":[],"is_endless":false,"potions_floor_spawned":[4,7,21],"killed_by":"Snecko","ascension_level":12}