{"gold_per_floor":[110,122,142,158,176,204,204,233,256,268,293,305,202,218,218,315,315,327,327,25,41,58,58,84,84,111,61,81,115,133,152,152,251,251,264,264,317,332,349,349,361,396,466,466,497,125,160,176,176,176],"floor_reached":51,"playtime":3307,"items_purged":["Perfected Strike","Decay"],"score":966,"play_id":"3d645fe0-6ec3-4adf-9d35-8f94fd7684af","local_time":"20190430161616","is_ascension_mode":false,"campfire_choices":[{"data":"Clothesline","floor":7,"key":"SMITH"},{"data":"Whirlwind","floor":12,"key":"SMITH"},{"data":"Rage","floor":15,"key":"SMITH"},{"data":"Corruption","floor":23,"key":"SMITH"},{"data":"Bash","floor":25,"key":"SMITH"},{"data":"Blood for Blood","floor":32,"key":"SMITH"},{"data":"Juggernaut","floor":40,"key":"SMITH"},{"data":"Battle Trance","floor":44,"key":"SMITH"},{"data":"Pommel Strike","floor":49,"key":"SMITH"}],"neow_cost":"PERCENT_DAMAGE","seed_source_timestamp":1572439840553100,"circlet_count":0,"master_deck":["Strike_R","Strike_R","Strike_R+1","Strike_R+1","Strike_R","Defend_R","Defend_R+1","Defend_R","Defend_R","Bash+1","Feed","Clothesline+1","Pommel Strike+1","Headbutt","Feed","Shrug It Off+1","Whirlwind+1","Battle Trance+1","Rage+1","Ghostly Armor","Exhume","Flame Barrier+1","Whirlwind+1","Corruption+1","Disarm+1","Shrug It Off","Blood for Blood+1","Shrug It Off","Disarm+1","Juggernaut+1","Rage+1","Shrug It Off","Intimidate+1","Battle Trance"],"relics":["Burning Blood","Pocketwatch","Matryoshka","MawBank","Blood Vial","Coffee Dripper","PreservedInsect","Whetstone","Anchor","Bronze Scales","Strawberry","Cursed Key","WingedGreaves","Ornamental Fan","Mummified Hand","Frozen Egg 2","Potion Belt","FossilizedHelix"],"potions_floor_usage":[8,28,33,33,50,50,50],"damage_taken":[{"damage":0,"enemies":"Small Slimes","floor":1,"turns":4},{"damage":6,"enemies":"Jaw Worm","floor":2,"turns":3},{"damage":0,"enemies":"Cultist","floor":3,"turns":3},{"damage":0,"enemies":"2 Fungi Beasts","floor":4,"turns":3},{"damage":5,"enemies":"Gremlin Gang","floor":5,"turns":8},{"damage":26,"enemies":"Gremlin Nob","floor":6,"turns":5},{"damage":10,"enemies":"Lagavulin","floor":8,"turns":8},{"damage":0,"enemies":"Large Slime","floor":11,"turns":8},{"damage":0,"enemies":"2 Fungi Beasts","floor":14,"turns":4},{"damage":17,"enemies":"The Guardian","floor":16,"turns":16},{"damage":2,"enemies":"Shell Parasite","floor":18,"turns":11},{"damage":0,"enemies":"3 Byrds","floor":21,"turns":5},{"damage":12,"enemies":"Snake Plant","floor":22,"turns":6},{"damage":6,"enemies":"Book of Stabbing","floor":24,"turns":7},{"damage":11,"enemies":"Sentry and Sphere","floor":28,"turns":6},{"damage":0,"enemies":"Gremlin Leader","floor":29,"turns":5},{"damage":0,"enemies":"3 Cultists","floor":30,"turns":4},{"damage":0,"enemies":"Shelled Parasite and Fungi","floor":31,"turns":6},{"damage":30,"enemies":"Collector","floor":33,"turns":11},{"damage":4,"enemies":"3 Darklings","floor":35,"turns":5},{"damage":13,"enemies":"2 Orb Walkers","floor":37,"turns":5},{"damage":3,"enemies":"Orb Walker","floor":38,"turns":5},{"damage":0,"enemies":"3 Darklings","floor":39,"turns":4},{"damage":0,"enemies":"Transient","floor":41,"turns":5},{"damage":9,"enemies":"Reptomancer","floor":42,"turns":6},{"damage":0,"enemies":"Nemesis","floor":45,"turns":7},{"damage":0,"enemies":"Reptomancer","floor":47,"turns":5},{"damage":0,"enemies":"Spire Growth","floor":48,"turns":5},{"damage":0,"enemies":"Donu and Deca","floor":50,"turns":8}],"seed_played":"5017979949618925322","potions_obtained":[{"floor":2,"key":"Block Potion"},{"floor":6,"key":"Poison Potion"},{"floor":8,"key":"BloodPotion"},{"floor":11,"key":"Block Potion"},{"floor":16,"key":"Poison Potion"},{"floor":28,"key":"AttackPotion"},{"floor":33,"key":"Regen Potion"},{"floor":35,"key":"Block Potion"}],"is_trial":false,"path_per_floor":["M","M","M","M","M","E","R","E","T","?","M","R","$","M","R","B",null,"M","?","$","M","M","R","E","R","T","?","M","E","M","M","R","B",null,"M","?","?","M","M","R","M","E","T","R","E","$","E","M","R","B",null],"character_chosen":"IRONCLAD","items_purchased":["Battle Trance","Rage","PreservedInsect","Corruption","Potion Belt","Strength Potion","Regen Potion"],"campfire_rested":0,"item_purchase_floors":[13,13,20,20,46,46,46],"current_hp_per_floor":[65,68,77,86,90,73,73,72,72,52,66,66,66,80,80,74,116,119,119,119,125,122,122,127,127,127,127,130,147,150,156,156,135,159,162,162,161,169,174,174,174,174,174,174,180,180,183,186,186,186],"gold":176,"neow_bonus":"THREE_RARE_CARDS","is_prod":false,"is_daily":false,"chose_seed":false,"campfire_upgraded":9,"win_rate":1,"timestamp":1556666176,"path_taken":["M","M","M","M","M","E","R","E","T","?","M","R","$","M","R","BOSS","M","?","$","?","M","R","E","R","T","?","M","E","M","?","R","BOSS","M","?","?","M","M","R","M","E","T","R","E","$","E","M","R","BOSS"],"build_version":"2019-01-23","purchased_purges":2,"victory":true,"max_hp_per_floor":[83,86,89,92,95,98,98,101,101,101,107,107,107,113,113,116,116,119,119,119,125,128,128,131,131,131,131,137,147,150,156,156,159,159,162,162,168,171,174,174,174,177,177,177,180,180,183,186,186,186],"card_choices":[{"not_picked":["Exhume","Demon Form"],"picked":"Feed","floor":0},{"not_picked":["Heavy Blade","Second Wind"],"picked":"Clothesline","floor":1},{"not_picked":["True Grit","Clothesline"],"picked":"Pommel Strike","floor":2},{"not_picked":["Rampage","Armaments"],"picked":"Headbutt","floor":3},{"not_picked":["Havoc","Twin Strike"],"picked":"Ghostly Armor","floor":4},{"not_picked":["Warcry","Pommel Strike"],"picked":"Feed","floor":5},{"not_picked":["Warcry","Entrench"],"picked":"Shrug It Off","floor":6},{"not_picked":["Cleave","Sword Boomerang"],"picked":"Whirlwind","floor":8},{"not_picked":["Power Through","Pommel Strike"],"picked":"Perfected Strike","floor":11},{"not_picked":["Pommel Strike","Flex"],"picked":"Ghostly Armor","floor":14},{"not_picked":["Feed","Brutality"],"picked":"Exhume","floor":16},{"not_picked":["Flex","Burning Pact"],"picked":"Flame Barrier+1","floor":18},{"not_picked":["Searing Blow+1","Corruption+1"],"picked":"Disarm+1","floor":21},{"not_picked":["Body Slam","Flex+1"],"picked":"Shrug It Off","floor":22},{"not_picked":["Sword Boomerang","Burning Pact","Cleave"],"picked":"SKIP","floor":24},{"not_picked":["Sword Boomerang","Burning Pact","Cleave"],"picked":"SKIP","floor":24},{"not_picked":["Pommel Strike","Perfected Strike","Iron Wave"],"picked":"SKIP","floor":28},{"not_picked":["Twin Strike","Anger"],"picked":"Blood for Blood","floor":29},{"not_picked":["Sword Boomerang","Thunderclap"],"picked":"Shrug It Off","floor":30},{"not_picked":["Body Slam","Burning Pact"],"picked":"Disarm+1","floor":31},{"not_picked":["Immolate","Berserk"],"picked":"Juggernaut","floor":33},{"not_picked":["Warcry","Clothesline","Sword Boomerang"],"picked":"SKIP","floor":35},{"not_picked":["Reckless Charge+1","Uppercut"],"picked":"Rage+1","floor":37},{"not_picked":["Twin Strike","Battle Trance"],"picked":"Shrug It Off","floor":38},{"not_picked":["Sword Boomerang+1","Rampage+1","Sever Soul"],"picked":"SKIP","floor":39},{"not_picked":["Seeing Red+1","Offering"],"picked":"Intimidate+1","floor":41},{"not_picked":["Pummel","Warcry+1","Thunderclap"],"picked":"SKIP","floor":42},{"not_picked":["True Grit","Wild Strike+1","Burning Pact"],"picked":"SKIP","floor":45},{"not_picked":["Clothesline","Fiend Fire"],"picked":"Battle Trance","floor":47},{"not_picked":["True Grit","Sword Boomerang+1","Burning Pact"],"picked":"SKIP","floor":48}],"player_experience":685437,"relics_obtained":[{"floor":6,"key":"Pocketwatch"},{"floor":8,"key":"Matryoshka"},{"floor":9,"key":"MawBank"},{"floor":9,"key":"Blood Vial"},{"floor":24,"key":"Whetstone"},{"floor":26,"key":"Anchor"},{"floor":26,"key":"Bronze Scales"},{"floor":29,"key":"Strawberry"},{"floor":37,"key":"WingedGreaves"},{"floor":42,"key":"Ornamental Fan"},{"floor":43,"key":"Mummified Hand"},{"floor":45,"key":"Frozen Egg 2"},{"floor":47,"key":"FossilizedHelix"}],"event_choices":[{"damage_healed":0,"gold_gain":0,"player_choice":"Entered Light","damage_taken":20,"max_hp_gain":0,"max_hp_loss":0,"event_name":"Shining Light","floor":10,"gold_loss":0,"cards_upgraded":["Shrug It Off","Defend_R"]},{"damage_healed":0,"gold_gain":0,"player_choice":"Copied","damage_taken":0,"max_hp_gain":0,"max_hp_loss":0,"event_name":"Duplicator","floor":19,"gold_loss":0,"cards_obtained":["Whirlwind"]},{"damage_healed":0,"gold_gain":0,"player_choice":"Bet on Owner","damage_taken":0,"max_hp_gain":0,"max_hp_loss":0,"event_name":"The Joust","floor":27,"gold_loss":50},{"cards_removed":["Ghostly Armor"],"damage_healed":0,"gold_gain":0,"player_choice":"Removed Skill","damage_taken":0,"max_hp_gain":0,"max_hp_loss":0,"event_name":"Falling","floor":36,"gold_loss":0},{"damage_healed":0,"gold_gain":0,"player_choice":"Fight","damage_taken":0,"max_hp_gain":0,"max_hp_loss":0,"event_name":"Mysterious Sphere","floor":37,"gold_loss":0}],"is_beta":false,"boss_relics":[{"not_picked":["Orrery","Pandora\u0027s Box"],"picked":"Coffee Dripper"},{"not_picked":["White Beast Statue","Astrolabe"],"picked":"Cursed Key"}],"items_purged_floors":[20,46],"is_endless":false,"potions_floor_spawned":[2,6,8,11,14,16,21,22,28,31,33,35,38,42,48],"ascension_level":0}