{"gold_per_floor":[117,117,130,55,70,109,109,109,109,189,189,41,41,41,41,137,137,151,151,1,1,15,15,39,39,62,78,96,96,114,164,164,164],"floor_reached":33,"playtime":1159,"items_purged":["Injury","Parasite"],"score":425,"play_id":"c6c8be3e-78fa-4290-8b44-6cbe31ff33fa","local_time":"20190121142301","is_ascension_mode":true,"campfire_choices":[{"floor":7,"key":"REST"},{"data":"Skewer","floor":11,"key":"SMITH"},{"floor":13,"key":"REST"},{"data":"Flying Knee","floor":15,"key":"SMITH"},{"floor":23,"key":"REST"},{"data":"Footwork","floor":25,"key":"SMITH"},{"floor":29,"key":"REST"},{"floor":32,"key":"REST"}],"neow_cost":"NONE","seed_source_timestamp":2321746707443615,"circlet_count":0,"master_deck":["AscendersBane","Defend_G","Defend_G","Defend_G+1","Defend_G+1","Defend_G","Strike_G","Strike_G","Strike_G","Strike_G","Strike_G","Survivor","Neutralize","Flying Knee","Sucker Punch","Dagger Spray","Skewer+1","Flying Knee+1","Quick Slash","Skewer+1","Sucker Punch","Footwork+1","Blur"],"relics":["Sozu","Golden Idol","Mercury Hourglass","Ninja Scroll","Meat on the Bone","CultistMask","Velvet Choker","War Paint","Boot"],"potions_floor_usage":[],"damage_taken":[{"damage":0,"enemies":"Jaw Worm","floor":1,"turns":5},{"damage":11,"enemies":"Small Slimes","floor":3,"turns":4},{"damage":0,"enemies":"2 Louse","floor":5,"turns":3},{"damage":44,"enemies":"Lagavulin","floor":6,"turns":9},{"damage":5,"enemies":"3 Sentries","floor":10,"turns":6},{"damage":17,"enemies":"Slime Boss","floor":16,"turns":7},{"damage":12,"enemies":"3 Byrds","floor":18,"turns":4},{"damage":5,"enemies":"Shell Parasite","floor":22,"turns":3},{"damage":16,"enemies":"Shelled Parasite and Fungi","floor":24,"turns":4},{"damage":10,"enemies":"Centurion and Healer","floor":27,"turns":4},{"damage":23,"enemies":"Snake Plant","floor":28,"turns":4},{"damage":2,"enemies":"Sentry and Sphere","floor":30,"turns":4},{"damage":65,"enemies":"Collector","floor":33,"turns":6}],"seed_played":"8624229169812622302","potions_obtained":[],"is_trial":false,"path_per_floor":["M","?","M","$","M","E","R","?","T","?","R","$","R","?","R","B",null,"M","?","$","?","M","R","M","R","T","M","M","R","M","?","R","B"],"character_chosen":"THE_SILENT","items_purchased":["Flying Knee","War Paint"],"campfire_rested":5,"item_purchase_floors":[12,20],"current_hp_per_floor":[59,59,48,48,48,4,23,39,39,34,34,34,52,52,52,35,56,44,44,44,44,39,57,41,41,41,43,32,50,48,48,63,0],"gold":164,"neow_bonus":"BOSS_RELIC","is_prod":false,"is_daily":false,"chose_seed":false,"campfire_upgraded":3,"win_rate":0,"timestamp":1548080581,"path_taken":["M","?","M","$","M","E","R","?","T","?","R","$","R","?","R","BOSS","M","?","?","?","M","R","M","R","T","M","M","R","M","?","R","BOSS"],"build_version":"2019-01-17v2","purchased_purges":2,"victory":false,"max_hp_per_floor":[66,66,66,66,66,66,66,66,66,66,66,63,63,63,63,63,63,63,63,63,63,63,63,63,63,63,63,63,63,63,63,63,63],"card_choices":[{"not_picked":["Prepared","Setup"],"picked":"Flying Knee","floor":1},{"not_picked":["Blade Dance","Dodge and Roll","Well Laid Plans"],"picked":"SKIP","floor":3},{"not_picked":["Acrobatics","Deadly Poison"],"picked":"Sucker Punch","floor":5},{"not_picked":["Calculated Gamble","Eviscerate"],"picked":"Dagger Spray","floor":6},{"not_picked":["Slice","Predator"],"picked":"Skewer","floor":10},{"not_picked":["Sucker Punch","Deadly Poison"],"picked":"Quick Slash","floor":18},{"not_picked":["Skewer","Poisoned Stab"],"picked":"Sucker Punch","floor":22},{"not_picked":["Bane","Dagger Spray"],"picked":"Footwork","floor":24},{"not_picked":["Dagger Spray","Cloak And Dagger","Acrobatics"],"picked":"SKIP","floor":27},{"not_picked":["Deadly Poison","Underhanded Strike","Skewer"],"picked":"SKIP","floor":28},{"not_picked":["Tactician","Flying Knee"],"picked":"Blur","floor":30}],"player_experience":444497,"relics_obtained":[{"floor":6,"key":"Mercury Hourglass"},{"floor":9,"key":"Ninja Scroll"},{"floor":10,"key":"Meat on the Bone"},{"floor":26,"key":"Boot"}],"event_choices":[{"damage_healed":0,"gold_gain":0,"player_choice":"Take Wound","damage_taken":0,"relics_obtained":["Golden Idol"],"max_hp_gain":0,"max_hp_loss":0,"event_name":"Golden Idol","floor":2,"gold_loss":0,"cards_obtained":["Injury"]},{"damage_healed":16,"gold_gain":0,"player_choice":"Healed and dodged fight","damage_taken":0,"max_hp_gain":0,"max_hp_loss":0,"event_name":"Mushrooms","floor":8,"gold_loss":0,"cards_obtained":["Parasite"]},{"damage_healed":0,"gold_gain":0,"player_choice":"Searched \u00271\u0027 times","damage_taken":0,"max_hp_gain":0,"max_hp_loss":0,"event_name":"Dead Adventurer","floor":10,"gold_loss":0},{"damage_healed":0,"gold_gain":0,"player_choice":"Trade","damage_taken":0,"relics_obtained":["CultistMask"],"max_hp_gain":0,"max_hp_loss":0,"event_name":"FaceTrader","floor":14,"gold_loss":0},{"damage_healed":0,"gold_gain":0,"player_choice":"Copied","damage_taken":0,"max_hp_gain":0,"max_hp_loss":0,"event_name":"Duplicator","floor":19,"gold_loss":0,"cards_obtained":["Skewer"]},{"damage_healed":0,"gold_gain":0,"player_choice":"Ignored","damage_taken":0,"max_hp_gain":0,"max_hp_loss":0,"event_name":"Ghosts","floor":21,"gold_loss":0},{"damage_healed":0,"gold_gain":50,"player_choice":"Pray","damage_taken":0,"max_hp_gain":0,"max_hp_loss":0,"event_name":"Golden Shrine","floor":31,"gold_loss":0}],"is_beta":false,"boss_relics":[{"not_picked":["Busted Crown","Pandora\u0027s Box"],"picked":"Velvet Choker"}],"items_purged_floors":[4,12],"is_endless":false,"potions_floor_spawned":[3,6,10,18,24,28],"killed_by":"Collector","ascension_level":15}