{"gold_per_floor":[113,113,188,206,226,266,266,302,328,351,351,57,81,105,105,230,230,244,244,244,45,68,102,102,115,163,202,227,20,35,48,48,179,242,263,279,293,10,24,124,164,164,164,178,178],"floor_reached":45,"playtime":2498,"items_purged":[],"score":749,"play_id":"fc753fde-6e00-445c-924e-f70195dd4352","local_time":"20190113001400","is_ascension_mode":true,"campfire_choices":[{"floor":7,"key":"REST"},{"data":"Reaper","floor":11,"key":"SMITH"},{"data":"Uppercut","floor":15,"key":"SMITH"},{"data":"Flex","floor":32,"key":"SMITH"},{"floor":42,"key":"REST"}],"neow_cost":"PERCENT_DAMAGE","seed_source_timestamp":1578232903709240,"circlet_count":0,"master_deck":["Strike_R+1","Strike_R+1","Strike_R+1","Strike_R+1","Strike_R+1","Defend_R+1","Defend_R+1","Defend_R+1","Defend_R+1","Bash","Clash+1","Cleave","Clash+1","Reaper+1","Shrug It Off","Uppercut+1","Headbutt","Impervious","Flex+1","Rage","Iron Wave","Iron Wave+1","Armaments","Rage+1","Feed","Anger","Thunderclap","Rage+1","Reaper","Shrug It Off+1","Parasite"],"relics":["Burning Blood","Magic Flower","Golden Idol","PreservedInsect","Boot","Whetstone","Strawberry","Happy Flower","Runic Pyramid","Sling","Bottled Lightning","Art of War","Juzu Bracelet","Blood Vial","Membership Card","Tiny House","Dodecahedron","Potion Belt","Singing Bowl","Pear"],"potions_floor_usage":[16,27,33,35,35,37,39],"damage_taken":[{"damage":10,"enemies":"Small Slimes","floor":1,"turns":3},{"damage":7,"enemies":"Jaw Worm","floor":4,"turns":3},{"damage":1,"enemies":"Cultist","floor":5,"turns":3},{"damage":25,"enemies":"Lagavulin","floor":6,"turns":5},{"damage":20,"enemies":"3 Sentries","floor":8,"turns":6},{"damage":3,"enemies":"Looter","floor":10,"turns":2},{"damage":10,"enemies":"Large Slime","floor":13,"turns":5},{"damage":10,"enemies":"Lots of Slimes","floor":14,"turns":2},{"damage":67,"enemies":"Slime Boss","floor":16,"turns":10},{"damage":12,"enemies":"Chosen","floor":18,"turns":4},{"damage":19,"enemies":"Shell Parasite","floor":22,"turns":3},{"damage":18,"enemies":"Slavers","floor":23,"turns":5},{"damage":43,"enemies":"3 Cultists","floor":25,"turns":7},{"damage":6,"enemies":"Book of Stabbing","floor":27,"turns":4},{"damage":23,"enemies":"Centurion and Healer","floor":28,"turns":10},{"damage":6,"enemies":"Sentry and Sphere","floor":30,"turns":6},{"damage":20,"enemies":"3 Cultists","floor":31,"turns":6},{"damage":84,"enemies":"Automaton","floor":33,"turns":14},{"damage":33,"enemies":"3 Shapes","floor":35,"turns":5},{"damage":27,"enemies":"3 Darklings","floor":36,"turns":8},{"damage":32,"enemies":"Transient","floor":37,"turns":5},{"damage":33,"enemies":"Spire Growth","floor":39,"turns":8},{"damage":12,"enemies":"Nemesis","floor":41,"turns":6},{"damage":65,"enemies":"Writhing Mass","floor":44,"turns":9},{"damage":79,"enemies":"Giant Head","floor":45,"turns":7}],"seed_played":"4550127658184328097","potions_obtained":[{"floor":4,"key":"Dexterity Potion"},{"floor":5,"key":"PowerPotion"},{"floor":13,"key":"Fire Potion"},{"floor":14,"key":"Block Potion"},{"floor":22,"key":"GamblersBrew"},{"floor":28,"key":"Block Potion"},{"floor":33,"key":"SkillPotion"},{"floor":36,"key":"EssenceOfSteel"},{"floor":37,"key":"Dexterity Potion"}],"is_trial":false,"path_per_floor":["M","?","?","M","M","E","R","E","T","M","R","$","M","M","R","B",null,"M","?","?","$","M","E","?","M","T","E","M","$","M","M","R","B",null,"M","M","M","$","M","?","E","R","T","M","E"],"character_chosen":"IRONCLAD","items_purchased":["Strawberry","Happy Flower","Sling","Membership Card","Dodecahedron","Potion Belt","Reaper"],"campfire_rested":2,"item_purchase_floors":[12,12,21,29,38,38,38],"current_hp_per_floor":[50,30,19,21,29,13,37,38,38,53,53,60,77,86,86,51,78,86,86,86,86,86,87,87,79,79,82,73,73,79,86,86,18,75,73,76,56,56,46,46,56,85,95,58,0],"gold":178,"neow_bonus":"ONE_RARE_RELIC","is_prod":false,"is_daily":false,"chose_seed":false,"campfire_upgraded":3,"win_rate":0,"timestamp":1547338440,"path_taken":["M","?","?","M","M","E","R","E","T","M","R","?","?","?","R","BOSS","M","?","?","$","M","E","?","M","T","E","M","$","M","M","R","BOSS","M","M","M","$","M","?","E","R","T","M","E"],"build_version":"2019-01-10","purchased_purges":0,"victory":false,"max_hp_per_floor":[80,80,80,80,80,80,80,80,80,80,80,87,87,87,87,87,87,87,87,87,87,87,87,87,87,87,87,87,87,87,87,87,87,92,95,95,95,95,95,95,97,97,107,112,112],"card_choices":[{"not_picked":["Evolve","Fire Breathing"],"picked":"Clash","floor":1},{"not_picked":["Havoc","Body Slam"],"picked":"Cleave","floor":4},{"not_picked":["Hemokinesis","True Grit"],"picked":"Clash","floor":5},{"not_picked":["Clash","Rage"],"picked":"Reaper","floor":6},{"not_picked":["Infernal Blade","Brutality"],"picked":"Shrug It Off","floor":8},{"not_picked":["Seeing Red","Combust","Disarm"],"picked":"SKIP","floor":10},{"not_picked":["Combust","Wild Strike"],"picked":"Uppercut","floor":13},{"not_picked":["Havoc","Disarm"],"picked":"Headbutt","floor":14},{"not_picked":["Bludgeon","Limit Break"],"picked":"Impervious","floor":16},{"not_picked":["Searing Blow+1","Havoc","Warcry"],"picked":"SKIP","floor":18},{"not_picked":["Clothesline+1","Cleave"],"picked":"Rage","floor":22},{"not_picked":["Rampage","Iron Wave","Carnage"],"picked":"SKIP","floor":23},{"not_picked":["Rampage","Carnage"],"picked":"Iron Wave","floor":23},{"not_picked":["Thunderclap","Entrench+1","Corruption"],"picked":"SKIP","floor":25},{"not_picked":["Carnage","Dropkick"],"picked":"Iron Wave+1","floor":27},{"not_picked":["Iron Wave","Battle Trance"],"picked":"Armaments","floor":28},{"not_picked":["Thunderclap","Feel No Pain","Heavy Blade"],"picked":"SKIP","floor":30},{"not_picked":["Thunderclap","Feel No Pain","Heavy Blade"],"picked":"SKIP","floor":30},{"not_picked":["Ghostly Armor","Offering"],"picked":"Rage+1","floor":31},{"not_picked":["Reaper","Limit Break"],"picked":"Feed","floor":33},{"not_picked":["Twin Strike","Wild Strike"],"picked":"Anger","floor":34},{"not_picked":["Combust+1","Clothesline","Pommel Strike+1"],"picked":"SKIP","floor":35},{"not_picked":["Clothesline+1","Whirlwind"],"picked":"Thunderclap","floor":36},{"not_picked":["Thunderclap+1","Infernal Blade+1"],"picked":"Rage+1","floor":37},{"not_picked":["Pummel","Whirlwind"],"picked":"Shrug It Off+1","floor":39},{"not_picked":["Disarm","Armaments","Rampage+1"],"picked":"Singing Bowl","floor":41},{"not_picked":["Iron Wave","Headbutt","Body Slam"],"picked":"Singing Bowl","floor":44}],"player_experience":233267,"relics_obtained":[{"floor":6,"key":"PreservedInsect"},{"floor":8,"key":"Boot"},{"floor":9,"key":"Whetstone"},{"floor":23,"key":"Bottled Lightning"},{"floor":26,"key":"Juzu Bracelet"},{"floor":27,"key":"Blood Vial"},{"floor":41,"key":"Singing Bowl"},{"floor":43,"key":"Pear"}],"event_choices":[{"damage_healed":0,"gold_gain":0,"player_choice":"Take Damage","damage_taken":20,"relics_obtained":["Golden Idol"],"max_hp_gain":0,"max_hp_loss":0,"event_name":"Golden Idol","floor":2,"gold_loss":0},{"damage_healed":0,"gold_gain":75,"player_choice":"Gather Gold","damage_taken":11,"max_hp_gain":0,"max_hp_loss":0,"event_name":"World of Goop","floor":3,"gold_loss":0},{"damage_healed":0,"gold_gain":0,"player_choice":"Simplicity","damage_taken":0,"max_hp_gain":0,"max_hp_loss":0,"event_name":"Back to Basics","floor":19,"gold_loss":0,"cards_upgraded":["Strike_R","Strike_R","Strike_R","Strike_R","Defend_R","Defend_R","Defend_R","Defend_R"]},{"damage_healed":0,"gold_gain":0,"player_choice":"Read","damage_taken":0,"max_hp_gain":0,"max_hp_loss":0,"event_name":"The Library","floor":20,"gold_loss":0,"cards_obtained":["Flex"]},{"damage_healed":0,"gold_gain":0,"player_choice":"Opened","damage_taken":0,"relics_obtained":["Art of War"],"max_hp_gain":0,"max_hp_loss":0,"event_name":"The Mausoleum","floor":24,"gold_loss":0},{"damage_healed":0,"gold_gain":100,"player_choice":"Pray","damage_taken":0,"max_hp_gain":0,"max_hp_loss":0,"event_name":"Golden Shrine","floor":40,"gold_loss":0}],"is_beta":false,"boss_relics":[{"not_picked":["Fusion Hammer","Snecko Eye"],"picked":"Runic Pyramid"},{"not_picked":["Runic Dome","Philosopher\u0027s Stone"],"picked":"Tiny House"}],"items_purged_floors":[],"is_endless":false,"potions_floor_spawned":[4,5,13,14,22,23,28,30,33,36,37],"killed_by":"Giant Head","ascension_level":7}