{"gold_per_floor":[20,20,37,37,37,50,64,82,82,82,117,141,153,176,188,304,316,346,358,370,398,422,434,474,501,513,450,462,474,486,509,521,533],"floor_reached":33,"playtime":1523,"items_purged":[],"score":334,"play_id":"23027785-4523-4ab2-a5a6-46fa495e269c","local_time":"20190112025625","is_ascension_mode":true,"campfire_choices":[{"data":"Blur","floor":10,"key":"SMITH"},{"floor":13,"key":"REST"},{"data":"Dash","floor":15,"key":"SMITH"},{"floor":23,"key":"REST"},{"floor":28,"key":"DIG"},{"floor":30,"key":"DIG"},{"floor":32,"key":"REST"}],"neow_cost":"NO_GOLD","seed_source_timestamp":1502552176717182,"circlet_count":0,"master_deck":["Defend_G","Defend_G","Defend_G","Defend_G","Strike_G","Strike_G","Strike_G","Survivor","Neutralize","Acrobatics","Dagger Throw","Blur+1","Quick Slash","Backstab","Dagger Throw","Flying Knee","Dash+1","Grand Finale","Deflect+1","Dagger Spray+1","Deflect+1"],"relics":["Ring of the Serpent","CultistMask","Bottled Lightning","Sundial","MawBank","Nilry\u0027s Codex","MutagenicStrength","Shovel","Art of War","Happy Flower","Snake Skull"],"potions_floor_usage":[7,16,22,24,24,31],"damage_taken":[{"damage":0,"enemies":"Cultist","floor":1,"turns":4},{"damage":1,"enemies":"Small Slimes","floor":3,"turns":4},{"damage":1,"enemies":"2 Louse","floor":6,"turns":2},{"damage":17,"enemies":"Gremlin Gang","floor":7,"turns":8},{"damage":7,"enemies":"Exordium Wildlife","floor":8,"turns":5},{"damage":17,"enemies":"Gremlin Nob","floor":11,"turns":5},{"damage":0,"enemies":"Looter","floor":14,"turns":3},{"damage":25,"enemies":"Hexaghost","floor":16,"turns":16},{"damage":30,"enemies":"Chosen","floor":18,"turns":7},{"damage":10,"enemies":"Spheric Guardian","floor":21,"turns":5},{"damage":1,"enemies":"3 Cultists","floor":22,"turns":6},{"damage":32,"enemies":"Slavers","floor":24,"turns":7},{"damage":0,"enemies":"Snecko","floor":25,"turns":5},{"damage":15,"enemies":"Snake Plant","floor":31,"turns":4},{"damage":4,"enemies":"Automaton","floor":33,"turns":6}],"seed_played":"2054596847096491666","potions_obtained":[{"floor":3,"key":"SkillPotion"},{"floor":8,"key":"Weak Potion"},{"floor":11,"key":"Fire Potion"},{"floor":21,"key":"Energy Potion"},{"floor":22,"key":"PowerPotion"},{"floor":24,"key":"SteroidPotion"}],"is_trial":false,"path_per_floor":["M","?","M","?","?","M","M","M","T","R","E","T","R","M","R","B",null,"M","?","?","M","M","R","E","M","T","?","R","?","R","M","R","B"],"character_chosen":"THE_SILENT","items_purchased":[],"campfire_rested":3,"item_purchase_floors":[],"current_hp_per_floor":[84,84,83,76,76,75,58,51,51,51,34,34,59,59,59,34,72,42,26,26,16,15,40,8,8,8,8,8,36,36,21,46,42],"gold":533,"neow_bonus":"TWENTY_PERCENT_HP_BONUS","is_prod":false,"is_daily":false,"chose_seed":false,"campfire_upgraded":2,"win_rate":0,"timestamp":1547261785,"path_taken":["M","?","M","?","?","?","M","M","T","R","E","?","R","M","R","BOSS","M","?","?","M","M","R","E","M","T","?","R","?","R","M","R","BOSS"],"build_version":"2019-01-10","purchased_purges":0,"victory":false,"max_hp_per_floor":[84,84,84,84,84,84,84,84,84,84,84,84,84,84,84,84,84,84,84,84,84,84,84,84,84,84,84,84,84,84,84,84,84],"card_choices":[{"not_picked":["Deflect","Catalyst"],"picked":"Acrobatics","floor":1},{"not_picked":["Distraction","Catalyst"],"picked":"Blur","floor":3},{"not_picked":["Sucker Punch","Dagger Throw"],"picked":"Quick Slash","floor":6},{"not_picked":["Skewer","Outmaneuver"],"picked":"Backstab","floor":7},{"not_picked":["Outmaneuver","Flechettes"],"picked":"Dagger Throw","floor":8},{"not_picked":["Concentrate","Acrobatics"],"picked":"Flying Knee","floor":11},{"not_picked":["Dagger Spray","Acrobatics"],"picked":"Dash","floor":14},{"not_picked":["Die Die Die","Doppelganger"],"picked":"Grand Finale","floor":16},{"not_picked":["Bouncing Flask","Dodge and Roll","Choke"],"picked":"SKIP","floor":18},{"not_picked":["Cloak And Dagger","Poisoned Stab"],"picked":"Deflect+1","floor":21},{"not_picked":["Outmaneuver","Well Laid Plans"],"picked":"Dagger Spray+1","floor":22},{"not_picked":["Bane","Wraith Form v2","Noxious Fumes"],"picked":"SKIP","floor":24},{"not_picked":["Quick Slash","Blade Dance"],"picked":"Deflect+1","floor":25},{"not_picked":["Eviscerate+1","Caltrops","Skewer"],"picked":"SKIP","floor":31}],"player_experience":198735,"relics_obtained":[{"floor":9,"key":"Bottled Lightning"},{"floor":11,"key":"Sundial"},{"floor":12,"key":"MawBank"},{"floor":19,"key":"Nilry\u0027s Codex"},{"floor":24,"key":"Shovel"},{"floor":26,"key":"Art of War"},{"floor":28,"key":"Happy Flower"},{"floor":30,"key":"Snake Skull"}],"event_choices":[{"damage_healed":0,"gold_gain":0,"cards_transformed":["Strike_G"],"player_choice":"Change","damage_taken":0,"max_hp_gain":0,"max_hp_loss":0,"event_name":"Living Wall","floor":2,"gold_loss":0,"cards_obtained":["Dagger Throw"]},{"cards_removed":["Strike_G"],"damage_healed":0,"gold_gain":0,"player_choice":"Card Removal","damage_taken":7,"max_hp_gain":0,"max_hp_loss":0,"event_name":"Golden Wing","floor":4,"gold_loss":0},{"damage_healed":0,"gold_gain":0,"player_choice":"Trade","damage_taken":0,"relics_obtained":["CultistMask"],"max_hp_gain":0,"max_hp_loss":0,"event_name":"FaceTrader","floor":5,"gold_loss":0},{"damage_healed":0,"gold_gain":0,"player_choice":"Obtained Book","damage_taken":16,"max_hp_gain":0,"max_hp_loss":0,"event_name":"Cursed Tome","floor":19,"gold_loss":0},{"damage_healed":0,"gold_gain":0,"player_choice":"Inject Mutagens","damage_taken":0,"relics_obtained":["MutagenicStrength"],"max_hp_gain":0,"max_hp_loss":0,"event_name":"Drug Dealer","floor":20,"gold_loss":0},{"cards_removed":["Defend_G"],"damage_healed":0,"gold_gain":0,"player_choice":"Gave Gold","damage_taken":0,"max_hp_gain":0,"max_hp_loss":0,"event_name":"Beggar","floor":27,"gold_loss":75},{"damage_healed":28,"gold_gain":0,"player_choice":"Heal","damage_taken":0,"max_hp_gain":0,"max_hp_loss":0,"event_name":"The Library","floor":29,"gold_loss":0}],"is_beta":false,"boss_relics":[{"not_picked":["HoveringKite","Coffee Dripper"],"picked":"Ring of the Serpent"}],"items_purged_floors":[],"is_endless":false,"potions_floor_spawned":[3,8,11,21,22,24],"killed_by":"Automaton","ascension_level":5}