{"gold_per_floor":[109,109,59,9,9,9,21,21,44,78,78,78,89,102,102,202,202,212,223,236,236,246,43,43,74,101,114,114,125,142,155,155,155],"floor_reached":33,"playtime":1368,"items_purged":["Shame"],"score":417,"play_id":"d48a4149-8b91-46de-a616-441439052211","local_time":"20190115192158","is_ascension_mode":true,"campfire_choices":[{"data":"Cleave","floor":6,"key":"SMITH"},{"data":"Armaments","floor":8,"key":"SMITH"},{"data":"True Grit","floor":11,"key":"SMITH"},{"data":"Sentinel","floor":15,"key":"SMITH"},{"floor":28,"key":"REST"},{"data":"Brutality","floor":32,"key":"SMITH"}],"neow_cost":"NONE","seed_source_timestamp":1820992687494142,"circlet_count":0,"master_deck":["AscendersBane","Strike_R+1","Strike_R","Strike_R+1","Strike_R","Defend_R","Defend_R","Defend_R","Defend_R","Bash","Cleave+1","Armaments+1","True Grit+1","Anger","Sentinel+1","Offering","Ghostly Armor","Anger","Battle Trance","Uppercut","Brutality+1"],"special_seed":0,"relics":["Burning Blood","Pen Nib","Blue Candle","Whetstone","Letter Opener","Busted Crown","Sundial","Red Skull","Blood Vial"],"potions_floor_usage":[1,10,12,20,22,25,27,33,33],"damage_taken":[{"damage":23,"enemies":"Jaw Worm","floor":1,"turns":5},{"damage":0,"enemies":"2 Louse","floor":7,"turns":2},{"damage":30,"enemies":"3 Sentries","floor":10,"turns":7},{"damage":0,"enemies":"Cultist","floor":13,"turns":3},{"damage":1,"enemies":"3 Louse","floor":14,"turns":2},{"damage":25,"enemies":"The Guardian","floor":16,"turns":11},{"damage":7,"enemies":"Shell Parasite","floor":18,"turns":5},{"damage":13,"enemies":"Chosen","floor":19,"turns":4},{"damage":29,"enemies":"Centurion and Healer","floor":20,"turns":4},{"damage":30,"enemies":"Snecko","floor":22,"turns":5},{"damage":17,"enemies":"Slavers","floor":25,"turns":4},{"damage":13,"enemies":"Cultist and Chosen","floor":27,"turns":4},{"damage":6,"enemies":"3 Cultists","floor":29,"turns":2},{"damage":7,"enemies":"Centurion and Healer","floor":30,"turns":4},{"damage":6,"enemies":"Shelled Parasite and Fungi","floor":31,"turns":2},{"damage":77,"enemies":"Champ","floor":33,"turns":7}],"seed_played":"-6272355272422091622","potions_obtained":[{"floor":1,"key":"Fruit Juice"},{"floor":10,"key":"SteroidPotion"},{"floor":12,"key":"Fruit Juice"},{"floor":12,"key":"Energy Potion"},{"floor":25,"key":"Regen Potion"},{"floor":27,"key":"Ancient Potion"},{"floor":29,"key":"Block Potion"},{"floor":30,"key":"BloodPotion"}],"is_trial":false,"path_per_floor":["M","?","?","$","?","R","M","R","T","E","R","?","M","M","R","B",null,"M","M","M","?","M","$","?","E","T","M","R","M","M","M","R","B"],"character_chosen":"IRONCLAD","items_purchased":["AttackPotion","Battle Trance","AttackPotion"],"campfire_rested":1,"item_purchase_floors":[4,23,23],"current_hp_per_floor":[60,60,60,60,60,60,66,66,66,42,42,47,53,58,58,39,77,76,69,46,46,22,22,22,11,11,18,45,47,48,50,50,0],"gold":155,"neow_bonus":"RANDOM_COMMON_RELIC","is_prod":false,"is_daily":false,"chose_seed":false,"campfire_upgraded":5,"win_rate":0,"timestamp":1547580118,"path_taken":["M","?","?","$","?","R","M","R","T","E","R","?","M","M","R","BOSS","M","M","?","?","M","$","?","E","T","?","R","M","M","M","R","BOSS"],"build_version":"2019-01-10","purchased_purges":1,"victory":false,"max_hp_per_floor":[85,85,85,85,85,85,85,85,85,85,85,90,90,90,90,90,90,90,90,90,90,90,90,90,90,90,90,90,90,90,90,90,90],"card_choices":[{"not_picked":["Fire Breathing","Clothesline"],"picked":"Cleave","floor":1},{"not_picked":["Entrench","Pommel Strike"],"picked":"Armaments","floor":7},{"not_picked":["Sword Boomerang","Flame Barrier"],"picked":"True Grit","floor":10},{"not_picked":["Pommel Strike","Power Through"],"picked":"Anger","floor":13},{"not_picked":["Battle Trance","Flex"],"picked":"Sentinel","floor":14},{"not_picked":["Brutality","Exhume"],"picked":"Offering","floor":16},{"not_picked":[],"picked":"Ghostly Armor","floor":18},{"not_picked":[],"picked":"Anger","floor":19},{"not_picked":["Disarm"],"picked":"SKIP","floor":20},{"not_picked":["Perfected Strike"],"picked":"SKIP","floor":22},{"not_picked":["True Grit"],"picked":"SKIP","floor":25},{"not_picked":["Armaments"],"picked":"SKIP","floor":27},{"not_picked":[],"picked":"Brutality","floor":29},{"not_picked":["Warcry"],"picked":"SKIP","floor":30},{"not_picked":["Evolve"],"picked":"SKIP","floor":31}],"player_experience":336898,"relics_obtained":[{"floor":9,"key":"Whetstone"},{"floor":10,"key":"Letter Opener"},{"floor":25,"key":"Red Skull"},{"floor":26,"key":"Blood Vial"}],"event_choices":[{"damage_healed":0,"gold_gain":0,"player_choice":"Box","damage_taken":0,"relics_obtained":["Blue Candle"],"max_hp_gain":0,"max_hp_loss":0,"event_name":"Big Fish","floor":2,"gold_loss":0,"cards_obtained":["Regret"]},{"cards_removed":["Regret"],"damage_healed":0,"gold_gain":0,"player_choice":"Card Removal","damage_taken":0,"max_hp_gain":0,"max_hp_loss":0,"event_name":"The Cleric","floor":3,"gold_loss":50},{"damage_healed":0,"gold_gain":0,"player_choice":"Ignored","damage_taken":0,"max_hp_gain":0,"max_hp_loss":0,"event_name":"Liars Game","floor":5,"gold_loss":0},{"damage_healed":0,"gold_gain":0,"player_choice":"Got Potions","damage_taken":0,"max_hp_gain":0,"max_hp_loss":0,"event_name":"Lab","floor":12,"gold_loss":0},{"damage_healed":0,"gold_gain":0,"player_choice":"Stole Relic","damage_taken":0,"relics_obtained":["Sundial"],"max_hp_gain":0,"max_hp_loss":0,"event_name":"Addict","floor":21,"gold_loss":0,"cards_obtained":["Shame"]},{"damage_healed":0,"gold_gain":0,"cards_transformed":["Strike_R"],"player_choice":"Transformed","damage_taken":0,"max_hp_gain":0,"max_hp_loss":0,"event_name":"Transmorgrifier","floor":24,"gold_loss":0,"cards_obtained":["Uppercut"]}],"is_beta":false,"boss_relics":[{"not_picked":["White Beast Statue","Lizard Tail"],"picked":"Busted Crown"}],"items_purged_floors":[23],"is_endless":false,"potions_floor_spawned":[1,10,13,25,27,29,30,31],"killed_by":"Champ","ascension_level":11}