{"path_per_floor":["M","?","$","?","$","E","M","E","T","?","$","M","?","M","R","B",null,"M","?","?","?","M","R","E","$","T","R","M","?","M","$","R","B",null,"M","?","M","$","?"],"character_chosen":"THE_SILENT","items_purchased":["Vajra","Apotheosis"],"gold_per_floor":[110,110,110,110,35,64,76,107,160,160,4,16,116,132,132,234,234,247,170,170,170,188,188,218,41,41,41,58,58,78,78,78,179,179,194,194,211,111,111,111],"floor_reached":40,"campfire_rested":3,"playtime":1547,"current_hp_per_floor":[63,49,49,49,49,49,49,16,16,39,39,39,39,39,60,34,61,53,53,37,37,36,57,38,38,38,38,40,40,36,36,57,45,64,45,63,41,41,41,0],"items_purged":["Defend_G","Doubt"],"gold":111,"score":653,"play_id":"0e80e8c8-3bb3-4db3-8104-953b3ef41c9a","local_time":"20180508185456","is_prod":false,"is_daily":false,"chose_seed":false,"is_ascension_mode":true,"campfire_upgraded":1,"timestamp":1525802096,"path_taken":["M","?","$","?","$","E","?","E","T","?","$","M","?","M","R","BOSS","M","?","?","?","M","R","E","$","T","R","?","?","M","$","R","BOSS","M","?","?","$","?","E"],"build_version":"2018-05-03","seed_source_timestamp":244273144924636,"purchased_purges":4,"victory":false,"master_deck":["Defend_G+1","Defend_G","Defend_G","Strike_G","Strike_G","Strike_G+1","Survivor","Neutralize","AscendersBane","Backstab","Heel Hook","Venomology","Dagger Spray+1","Phantasmal Killer","J.A.X.","Necronomicurse","Terror","Predator","Apotheosis+1","Calculated Gamble+1","Dagger Throw+1","Skewer","Writhe","Underhanded Strike"],"max_hp_per_floor":[70,70,70,70,70,70,70,70,70,70,70,70,70,70,70,70,70,70,70,70,70,70,70,70,70,70,70,70,70,70,70,70,70,70,70,70,70,70,70,70],"relics":["Ring of the Snake","NeowsBlessing","Bronze Scales","Meat on the Bone","Tiny Chest","Vajra","Cursed Key","Necronomicon","Happy Flower","Ancient Tea Set","Astrolabe"],"card_choices":[{"not_picked":["Underhanded Strike","Backflip"],"picked":"Backstab","floor":1},{"not_picked":["Slice","Deadly Poison"],"picked":"Heel Hook","floor":6},{"not_picked":["Acrobatics","Endless Agony"],"picked":"Venomology","floor":8},{"not_picked":["Noxious Fumes","Deflect"],"picked":"Dagger Spray","floor":14},{"not_picked":["Bullet Time","Envenom"],"picked":"Phantasmal Killer","floor":16},{"not_picked":["Deadly Poison","After Image"],"picked":"Terror","floor":22},{"not_picked":["Cloak And Dagger","Underhanded Strike"],"picked":"Predator","floor":24},{"not_picked":["Outmaneuver","Infinite Blades"],"picked":"Skewer","floor":35},{"not_picked":["Outmaneuver","Distraction"],"picked":"Underhanded Strike","floor":37}],"player_experience":241842,"potions_floor_usage":[14,16,16,16,16,22,24,28,28,28,33,33,37,40],"damage_taken":[{"damage":0,"enemies":"2 Louse","floor":1,"turns":1},{"damage":0,"enemies":"3 Sentries","floor":6,"turns":1},{"damage":0,"enemies":"Jaw Worm","floor":7,"turns":1},{"damage":33,"enemies":"Lagavulin","floor":8,"turns":6},{"damage":0,"enemies":"Small Slimes","floor":12,"turns":3},{"damage":0,"enemies":"Looter","floor":14,"turns":1},{"damage":65,"enemies":"Hexaghost","floor":16,"turns":10},{"damage":8,"enemies":"Spheric Guardian","floor":18,"turns":3},{"damage":7,"enemies":"Chosen","floor":22,"turns":3},{"damage":19,"enemies":"Book of Stabbing","floor":24,"turns":5},{"damage":10,"enemies":"Centurion and Healer","floor":28,"turns":3},{"damage":4,"enemies":"Chosen and Byrds","floor":30,"turns":3},{"damage":36,"enemies":"Collector","floor":33,"turns":5},{"damage":19,"enemies":"Orb Walker","floor":35,"turns":2},{"damage":34,"enemies":"3 Darklings","floor":37,"turns":3},{"damage":53,"enemies":"Nemesis","floor":40,"turns":4}],"event_choices":[{"event_name":"Shining Light","player_choice":"Entered Light","floor":2,"damage_taken":0},{"event_name":"Living Wall","player_choice":"Forget","floor":4,"damage_taken":0},{"event_name":"Big Fish","player_choice":"Banana","floor":10,"damage_taken":0},{"event_name":"Golden Shrine","player_choice":"Pray","floor":13,"damage_taken":0},{"event_name":"Drug Dealer","player_choice":"Got JAXXED","floor":19,"damage_taken":0},{"event_name":"Cursed Tome","player_choice":"Obtained Book","floor":20,"damage_taken":0},{"event_name":"Accursed Blacksmith","player_choice":"Forge","floor":21,"damage_taken":0},{"event_name":"Vampires","player_choice":"Ignored","floor":29,"damage_taken":0},{"event_name":"Winding Halls","player_choice":"Writhe","floor":36,"damage_taken":0},{"event_name":"Mysterious Sphere","player_choice":"Ignore","floor":39,"damage_taken":0}],"boss_relics":[{"not_picked":["Sozu","Black Star"],"picked":"Cursed Key"},{"not_picked":["Runic Pyramid","Eternal Feather"],"picked":"Astrolabe"}],"potions_floor_spawned":[6,12,14,22,24,30,33,35],"seed_played":"-8719182190065118767","killed_by":"Nemesis","ascension_level":10,"is_trial":false}