{"gold_per_floor":[116,135,146,159,9,9,42,42,42,7,7,19,19,36,36,141,141,158,173,185,28,28],"floor_reached":22,"playtime":1002,"items_purged":[],"score":254,"play_id":"3cf460f9-bb62-4bad-8fc2-d16767ef2d3f","local_time":"20190113212224","is_ascension_mode":true,"campfire_choices":[{"floor":6,"key":"REST"},{"data":"Dodge and Roll","floor":8,"key":"SMITH"},{"data":"Finisher","floor":11,"key":"SMITH"},{"floor":15,"key":"REST"}],"neow_cost":"NONE","seed_source_timestamp":1655839175730007,"circlet_count":0,"master_deck":["Survivor","Neutralize","Finisher+1","Outmaneuver","Backflip","Quick Slash","Dodge and Roll+1","Cloak And Dagger","Endless Agony","Doppelganger","Deflect","Setup","Burst","Bullet Time","Doppelganger","Eviscerate","All Out Attack","Doppelganger","Concentrate","Escape Plan","Dodge and Roll+1","Sucker Punch+1"],"relics":["Philosopher\u0027s Stone","Lantern","Vajra","Frozen Egg 2","Pandora\u0027s Box","Blood Vial"],"potions_floor_usage":[14,14,20,22],"damage_taken":[{"damage":1,"enemies":"2 Louse","floor":1,"turns":4},{"damage":4,"enemies":"Jaw Worm","floor":2,"turns":3},{"damage":7,"enemies":"Small Slimes","floor":3,"turns":4},{"damage":15,"enemies":"Exordium Thugs","floor":4,"turns":7},{"damage":13,"enemies":"Gremlin Nob","floor":7,"turns":4},{"damage":0,"enemies":"Red Slaver","floor":12,"turns":2},{"damage":0,"enemies":"3 Louse","floor":14,"turns":1},{"damage":57,"enemies":"Hexaghost","floor":16,"turns":12},{"damage":19,"enemies":"Shell Parasite","floor":18,"turns":4},{"damage":11,"enemies":"Spheric Guardian","floor":19,"turns":4},{"damage":9,"enemies":"Cultist and Chosen","floor":20,"turns":6},{"damage":23,"enemies":"Chosen and Byrds","floor":22,"turns":3}],"seed_played":"3675768985961769466","potions_obtained":[{"floor":3,"key":"Poison Potion"},{"floor":4,"key":"SkillPotion"},{"floor":12,"key":"AttackPotion"},{"floor":14,"key":"LiquidBronze"},{"floor":18,"key":"Swift Potion"}],"is_trial":false,"path_per_floor":["M","M","M","M","$","R","E","R","T","?","R","M","?","M","R","B",null,"M","M","M","$","M"],"character_chosen":"THE_SILENT","items_purchased":["Lantern","Blood Vial"],"campfire_rested":2,"item_purchase_floors":[5,21],"current_hp_per_floor":[62,58,51,36,36,57,44,44,44,61,61,61,47,47,68,11,55,36,25,16,16,0],"gold":28,"neow_bonus":"BOSS_RELIC","is_prod":false,"is_daily":false,"chose_seed":false,"campfire_upgraded":2,"win_rate":0,"timestamp":1547414544,"path_taken":["M","M","M","M","$","R","E","R","T","?","R","M","?","M","R","BOSS","M","M","M","$","M"],"build_version":"2019-01-10","purchased_purges":0,"victory":false,"max_hp_per_floor":[70,70,70,70,70,70,70,70,70,70,70,70,70,70,70,70,70,70,70,70,70,70],"card_choices":[{"not_picked":["Quick Slash","Choke"],"picked":"Finisher","floor":1},{"not_picked":["Dagger Throw","Prepared"],"picked":"Outmaneuver","floor":2},{"not_picked":["Poisoned Stab","Caltrops"],"picked":"Backflip","floor":3},{"not_picked":["Concentrate","Deflect"],"picked":"Quick Slash","floor":4},{"not_picked":["Dagger Throw","Outmaneuver"],"picked":"Dodge and Roll","floor":7},{"not_picked":["Deadly Poison","Setup"],"picked":"Cloak And Dagger","floor":12},{"not_picked":["Dagger Throw","Deflect"],"picked":"Endless Agony","floor":14},{"not_picked":["Grand Finale","Corpse Explosion"],"picked":"Doppelganger","floor":16},{"not_picked":["Blade Dance","Cloak And Dagger"],"picked":"Dodge and Roll+1","floor":18},{"not_picked":["Heel Hook","Prepared","Terror"],"picked":"SKIP","floor":19},{"not_picked":["Endless Agony","Quick Slash"],"picked":"Sucker Punch+1","floor":20}],"player_experience":262644,"relics_obtained":[{"floor":7,"key":"Vajra"},{"floor":9,"key":"Frozen Egg 2"}],"event_choices":[{"damage_healed":17,"gold_gain":0,"player_choice":"Healed","damage_taken":0,"max_hp_gain":0,"max_hp_loss":0,"event_name":"The Cleric","floor":10,"gold_loss":35},{"damage_healed":0,"gold_gain":0,"player_choice":"Entered Light","damage_taken":14,"max_hp_gain":0,"max_hp_loss":0,"event_name":"Shining Light","floor":13,"gold_loss":0,"cards_upgraded":["Defend_G","Strike_G"]}],"is_beta":false,"boss_relics":[{"not_picked":["Fusion Hammer","Runic Dome"],"picked":"Pandora\u0027s Box"}],"items_purged_floors":[],"is_endless":false,"potions_floor_spawned":[3,4,12,14,18],"killed_by":"Chosen and Byrds","ascension_level":7}