{"gold_per_floor":[367,19,94,106,106,139,12,12,35,65,65,100,117,128,128,228,228,242,277,277,21,21,46,46,46],"floor_reached":25,"playtime":876,"items_purged":["Writhe"],"score":317,"play_id":"01a47271-6e83-4733-8f18-424ca8a60d95","local_time":"20190113002850","is_ascension_mode":true,"campfire_choices":[{"floor":8,"key":"REST"},{"floor":11,"key":"REST"},{"floor":15,"key":"REST"},{"floor":24,"key":"REST"}],"neow_cost":"TEN_PERCENT_HP_LOSS","seed_source_timestamp":1580747247956356,"circlet_count":0,"master_deck":["Defend_G","Defend_G","Defend_G","Defend_G","Defend_G","Strike_G","Strike_G","Strike_G","Strike_G","Survivor","Neutralize","Terror","Backstab","Flying Knee","Acrobatics","Dagger Spray","Footwork","Good Instincts","Predator","Quick Slash","Flying Knee","Unload","Glass Knife","Calculated Gamble+1","Dagger Throw+1","Endless Agony","Dodge and Roll"],"relics":["Ring of the Snake","Pantograph","Art of War","Juzu Bracelet","Meat on the Bone","Mummified Hand","White Beast Statue","Red Mask","MawBank","Toy Ornithopter","Bird Faced Urn"],"potions_floor_usage":[18,19,23,23,25],"damage_taken":[{"damage":6,"enemies":"Jaw Worm","floor":1,"turns":6},{"damage":0,"enemies":"2 Louse","floor":4,"turns":2},{"damage":33,"enemies":"Gremlin Nob","floor":6,"turns":4},{"damage":8,"enemies":"3 Sentries","floor":10,"turns":10},{"damage":32,"enemies":"Gremlin Nob","floor":12,"turns":4},{"damage":0,"enemies":"Small Slimes","floor":13,"turns":3},{"damage":2,"enemies":"Red Slaver","floor":14,"turns":2},{"damage":29,"enemies":"The Guardian","floor":16,"turns":10},{"damage":18,"enemies":"2 Thieves","floor":18,"turns":4},{"damage":30,"enemies":"Masked Bandits","floor":19,"turns":6},{"damage":30,"enemies":"Book of Stabbing","floor":23,"turns":5},{"damage":61,"enemies":"Gremlin Leader","floor":25,"turns":4}],"seed_played":"1006594662421530129","potions_obtained":[{"floor":6,"key":"Block Potion"},{"floor":13,"key":"SpeedPotion"},{"floor":16,"key":"Regen Potion"},{"floor":18,"key":"Swift Potion"},{"floor":19,"key":"Dexterity Potion"},{"floor":23,"key":"SkillPotion"}],"is_trial":false,"path_per_floor":["M","$","?","M","?","E","$","R","T","E","R","E","M","M","R","B",null,"M","?","?","$","?","E","R","E"],"character_chosen":"THE_SILENT","items_purchased":["Pantograph","Backstab","Flying Knee","Footwork","Good Instincts","Toy Ornithopter"],"campfire_rested":4,"item_purchase_floors":[2,2,2,7,7,21],"current_hp_per_floor":[57,57,46,46,63,30,30,48,48,40,58,38,38,36,54,34,56,38,20,20,20,20,26,44,0],"gold":46,"neow_bonus":"TWO_FIFTY_GOLD","is_prod":false,"is_daily":false,"chose_seed":false,"campfire_upgraded":0,"win_rate":0,"timestamp":1547339330,"path_taken":["M","$","?","M","?","E","$","R","T","E","R","E","M","M","R","BOSS","M","?","?","$","?","E","R","E"],"build_version":"2019-01-10","purchased_purges":1,"victory":false,"max_hp_per_floor":[63,63,63,63,63,63,63,63,63,63,63,63,63,63,63,63,63,63,63,63,63,63,63,63,63],"card_choices":[{"not_picked":["Bane","Outmaneuver"],"picked":"Terror","floor":1},{"not_picked":["Tactician","Dodge and Roll"],"picked":"Acrobatics","floor":4},{"not_picked":["Outmaneuver","Cloak And Dagger"],"picked":"Dagger Spray","floor":6},{"not_picked":["Bouncing Flask","Accuracy"],"picked":"Predator","floor":10},{"not_picked":["Bane","Outmaneuver"],"picked":"Quick Slash","floor":12},{"not_picked":["Escape Plan","Setup"],"picked":"Flying Knee","floor":13},{"not_picked":["Setup","Bane"],"picked":"Unload","floor":14},{"not_picked":["Adrenaline","Night Terror"],"picked":"Glass Knife","floor":16},{"not_picked":["Deadly Poison+1","Acrobatics"],"picked":"Calculated Gamble+1","floor":18},{"not_picked":["Quick Slash","Accuracy"],"picked":"Dagger Throw+1","floor":19},{"not_picked":["Flechettes","Underhanded Strike+1"],"picked":"Dodge and Roll","floor":23}],"player_experience":235765,"relics_obtained":[{"floor":6,"key":"Art of War"},{"floor":9,"key":"Juzu Bracelet"},{"floor":10,"key":"Meat on the Bone"},{"floor":12,"key":"Mummified Hand"},{"floor":19,"key":"Red Mask"},{"floor":23,"key":"Bird Faced Urn"}],"event_choices":[{"damage_healed":0,"gold_gain":75,"player_choice":"Gather Gold","damage_taken":11,"max_hp_gain":0,"max_hp_loss":0,"event_name":"World of Goop","floor":3,"gold_loss":0},{"damage_healed":21,"gold_gain":0,"player_choice":"Banana","damage_taken":0,"max_hp_gain":0,"max_hp_loss":0,"event_name":"Big Fish","floor":5,"gold_loss":0},{"damage_healed":0,"gold_gain":0,"player_choice":"Fought Bandits","damage_taken":0,"max_hp_gain":0,"max_hp_loss":0,"event_name":"Masked Bandits","floor":19,"gold_loss":0},{"damage_healed":0,"gold_gain":0,"player_choice":"Opened","damage_taken":0,"relics_obtained":["MawBank"],"max_hp_gain":0,"max_hp_loss":0,"event_name":"The Mausoleum","floor":20,"gold_loss":0,"cards_obtained":["Writhe"]},{"damage_healed":0,"gold_gain":0,"cards_transformed":["Strike_G"],"player_choice":"Transformed","damage_taken":0,"max_hp_gain":0,"max_hp_loss":0,"event_name":"Transmorgrifier","floor":22,"gold_loss":0,"cards_obtained":["Endless Agony"]}],"is_beta":false,"boss_relics":[{"not_picked":["Busted Crown","Runic Dome"],"picked":"White Beast Statue"}],"items_purged_floors":[21],"is_endless":false,"potions_floor_spawned":[6,13,16,18,19,23],"killed_by":"Gremlin Leader","ascension_level":7}