{"gold_per_floor":[111,111,111,111,128,162,177,177,177,177,191,191,69,98,98,197,197,217,217,142,142,156,156,187,187,187,187,187],"floor_reached":28,"playtime":1057,"items_purged":["Strike_B"],"score":360,"play_id":"77b2cfd1-bc65-4e3e-8ed3-1b148661e81b","local_time":"20190426100859","is_ascension_mode":true,"campfire_choices":[{"floor":8,"key":"REST"},{"data":"Seek","floor":10,"key":"SMITH"},{"data":"Self Repair","floor":12,"key":"SMITH"},{"data":"Loop","floor":15,"key":"SMITH"},{"data":"Loop","floor":23,"key":"SMITH"},{"floor":27,"key":"REST"}],"neow_cost":"NONE","seed_source_timestamp":180034513223183,"circlet_count":0,"master_deck":["Strike_B","Strike_B+1","Defend_B","Defend_B","Defend_B+1","Zap+1","Dualcast","Conserve Battery","Glacier","Seek+1","Self Repair+1","Cold Snap","Loop+1","Cold Snap","Cold Snap+1","RitualDagger","Loop+1","Ball Lightning+1"],"relics":["Cracked Core","NeowsBlessing","Nunchaku","Oddly Smooth Stone","Sundial","Regal Pillow","Empty Cage","Frozen Egg 2","Vajra"],"potions_floor_usage":[16,16,22,24,24],"damage_taken":[{"damage":0,"enemies":"Jaw Worm","floor":1,"turns":1},{"damage":0,"enemies":"Small Slimes","floor":5,"turns":1},{"damage":0,"enemies":"Gremlin Nob","floor":6,"turns":1},{"damage":0,"enemies":"2 Louse","floor":7,"turns":3},{"damage":0,"enemies":"Looter","floor":11,"turns":4},{"damage":3,"enemies":"Lagavulin","floor":14,"turns":9},{"damage":17,"enemies":"Slime Boss","floor":16,"turns":10},{"damage":10,"enemies":"Chosen","floor":18,"turns":8},{"damage":8,"enemies":"3 Byrds","floor":22,"turns":5},{"damage":62,"enemies":"Slavers","floor":24,"turns":8},{"damage":55,"enemies":"Gremlin Leader","floor":28,"turns":10}],"seed_played":"1111967928776314505","potions_obtained":[{"floor":1,"key":"Swift Potion"},{"floor":6,"key":"LiquidBronze"},{"floor":11,"key":"SkillPotion"},{"floor":18,"key":"LiquidBronze"},{"floor":22,"key":"SpeedPotion"}],"is_trial":false,"path_per_floor":["M","?","?","?","M","E","M","R","T","R","M","R","$","E","R","B",null,"M","?","$","?","M","R","E","?","T","R","E"],"character_chosen":"DEFECT","items_purchased":["Cold Snap","Loop"],"campfire_rested":2,"item_purchase_floors":[13,13],"current_hp_per_floor":[68,68,53,41,41,41,41,63,63,63,63,63,63,70,70,63,72,72,72,72,66,68,68,16,7,7,44,0],"gold":187,"neow_bonus":"THREE_ENEMY_KILL","is_prod":false,"is_daily":false,"chose_seed":false,"campfire_upgraded":4,"win_rate":0,"timestamp":1556294939,"path_taken":["M","?","?","?","M","E","M","R","T","R","M","R","$","E","R","BOSS","M","?","$","?","M","R","E","?","T","R","E"],"build_version":"2019-04-23","purchased_purges":1,"victory":false,"max_hp_per_floor":[75,75,75,75,75,75,75,75,75,75,75,75,75,75,75,75,75,75,75,75,75,75,75,75,75,75,75,75],"card_choices":[{"not_picked":["Storm","Rebound","Steam Power"],"picked":"SKIP","floor":1},{"not_picked":["Chaos","Steam"],"picked":"Conserve Battery","floor":5},{"not_picked":["Redo","Sunder"],"picked":"Glacier","floor":6},{"not_picked":["Ball Lightning","Melter"],"picked":"Seek","floor":7},{"not_picked":["Auto Shields","Steam"],"picked":"Self Repair","floor":11},{"not_picked":["Sweeping Beam","Beam Cell"],"picked":"Cold Snap","floor":14},{"not_picked":["Steam","Ball Lightning"],"picked":"Cold Snap+1","floor":18},{"not_picked":["Tempest","Gash"],"picked":"Loop","floor":22},{"not_picked":["Thunder Strike","Coolheaded"],"picked":"Ball Lightning+1","floor":24}],"player_experience":523389,"relics_obtained":[{"floor":6,"key":"Oddly Smooth Stone"},{"floor":9,"key":"Sundial"},{"floor":14,"key":"Regal Pillow"},{"floor":24,"key":"Frozen Egg 2"},{"floor":26,"key":"Vajra"}],"event_choices":[{"damage_healed":0,"gold_gain":0,"player_choice":"Grow","damage_taken":0,"max_hp_gain":0,"max_hp_loss":0,"event_name":"Living Wall","floor":2,"gold_loss":0,"cards_upgraded":["Zap"]},{"damage_healed":0,"gold_gain":0,"player_choice":"Entered Light","damage_taken":15,"max_hp_gain":0,"max_hp_loss":0,"event_name":"Shining Light","floor":3,"gold_loss":0,"cards_upgraded":["Strike_B","Defend_B"]},{"damage_healed":0,"gold_gain":0,"player_choice":"Success","damage_taken":12,"relics_obtained":["Nunchaku"],"max_hp_gain":0,"max_hp_loss":0,"event_name":"Scrap Ooze","floor":4,"gold_loss":0},{"damage_healed":0,"gold_gain":0,"player_choice":"Ignored","damage_taken":0,"max_hp_gain":0,"max_hp_loss":0,"event_name":"Ghosts","floor":19,"gold_loss":0},{"damage_healed":0,"gold_gain":0,"player_choice":"Joined the Cult","damage_taken":6,"max_hp_gain":0,"max_hp_loss":0,"event_name":"Nest","floor":21,"gold_loss":0,"cards_obtained":["RitualDagger"]},{"damage_healed":0,"gold_gain":0,"player_choice":"Stopped","damage_taken":9,"max_hp_gain":0,"max_hp_loss":0,"event_name":"Cursed Tome","floor":25,"gold_loss":0}],"is_beta":true,"boss_relics":[{"not_picked":["Orrery","Runic Dome"],"picked":"Empty Cage"}],"items_purged_floors":[20],"is_endless":false,"potions_floor_spawned":[1,6,11,18,22],"killed_by":"Gremlin Leader","ascension_level":7}