{"gold_per_floor":[19,19,33,33,48,48,66,66,66,125,144,154,187,214,226,333,345,371,483,505,12,12,12,25,35,35,35,35,69,79,109,109,204,204,222,297,307,326,339,371,26,44,44,94,94,126,126,157,157,157],"floor_reached":51,"playtime":3157,"items_purged":[],"score":1068,"play_id":"b1778010-93d4-49f2-a73f-9b4130be5abd","local_time":"20190112182625","is_ascension_mode":true,"campfire_choices":[{"data":"Armaments","floor":6,"key":"SMITH"},{"floor":15,"key":"REST"},{"floor":23,"key":"REST"},{"floor":27,"key":"DIG"},{"floor":32,"key":"DIG"},{"data":"Regret","floor":45,"key":"PURGE"},{"floor":47,"key":"DIG"},{"floor":49,"key":"REST"}],"neow_cost":"NO_GOLD","seed_source_timestamp":1556706440711732,"circlet_count":0,"master_deck":["Strike_R","Strike_R","Strike_R","Defend_R","Defend_R","Defend_R","Defend_R","Bash","Headbutt","Shrug It Off","Armaments+1","Pommel Strike","Battle Trance","Anger","Body Slam","Reaper","Body Slam","Shockwave+1","Double Tap+1","Ghostly Armor+1","Anger","Injury","Anger+1","Thunderclap+1","Clash+1","Immolate+1","Dual Wield+1","Battle Trance+1","Anger+1","Headbutt+1","Armaments+1","Shrug It Off+1","Dropkick+1"],"relics":["Burning Blood","Gambling Chip","Nunchaku","Torii","Tiny Chest","MawBank","Cursed Key","Shovel","Toxic Egg 2","Magic Flower","Molten Egg 2","Blood Vial","Du-Vu Doll","Boot","Anchor","Lizard Tail","Peace Pipe","Ginger","Gremlin Horn","FossilizedHelix","Happy Flower","Centennial Puzzle","Blue Candle"],"potions_floor_usage":[11,13,19,33,33,46,50,50],"damage_taken":[{"damage":4,"enemies":"Jaw Worm","floor":1,"turns":6},{"damage":1,"enemies":"Cultist","floor":3,"turns":3},{"damage":3,"enemies":"Small Slimes","floor":5,"turns":4},{"damage":0,"enemies":"Red Slaver","floor":7,"turns":5},{"damage":25,"enemies":"Lagavulin","floor":10,"turns":5},{"damage":20,"enemies":"Gremlin Gang","floor":11,"turns":5},{"damage":8,"enemies":"Blue Slaver","floor":12,"turns":4},{"damage":13,"enemies":"Gremlin Nob","floor":13,"turns":3},{"damage":2,"enemies":"Exordium Wildlife","floor":14,"turns":3},{"damage":35,"enemies":"The Guardian","floor":16,"turns":7},{"damage":6,"enemies":"Spheric Guardian","floor":18,"turns":3},{"damage":46,"enemies":"Colosseum Slavers","floor":19,"turns":4},{"damage":17,"enemies":"Colosseum Nobs","floor":19,"turns":5},{"damage":6,"enemies":"3 Byrds","floor":20,"turns":6},{"damage":3,"enemies":"3 Cultists","floor":24,"turns":6},{"damage":11,"enemies":"Cultist and Chosen","floor":25,"turns":6},{"damage":14,"enemies":"Book of Stabbing","floor":29,"turns":4},{"damage":10,"enemies":"Snecko","floor":30,"turns":3},{"damage":25,"enemies":"Gremlin Leader","floor":31,"turns":5},{"damage":29,"enemies":"Champ","floor":33,"turns":10},{"damage":0,"enemies":"3 Darklings","floor":35,"turns":2},{"damage":11,"enemies":"3 Shapes","floor":37,"turns":3},{"damage":8,"enemies":"Writhing Mass","floor":38,"turns":3},{"damage":11,"enemies":"4 Shapes","floor":39,"turns":2},{"damage":26,"enemies":"Reptomancer","floor":40,"turns":5},{"damage":0,"enemies":"Jaw Worm Horde","floor":42,"turns":2},{"damage":0,"enemies":"2 Orb Walkers","floor":44,"turns":2},{"damage":0,"enemies":"Nemesis","floor":46,"turns":3},{"damage":32,"enemies":"Reptomancer","floor":48,"turns":5},{"damage":125,"enemies":"Awakened One","floor":50,"turns":11}],"seed_played":"-4504363506698887552","potions_obtained":[{"floor":1,"key":"GamblersBrew"},{"floor":7,"key":"SteroidPotion"},{"floor":10,"key":"FearPotion"},{"floor":13,"key":"Dexterity Potion"},{"floor":25,"key":"LiquidBronze"},{"floor":29,"key":"Block Potion"},{"floor":33,"key":"Ancient Potion"},{"floor":39,"key":"SteroidPotion"},{"floor":44,"key":"Swift Potion"}],"is_trial":false,"path_per_floor":["M","?","M","?","M","R","M","?","T","E","M","M","E","M","R","B",null,"M","?","M","$","?","R","M","M","T","R","?","E","M","E","R","B",null,"M","?","M","M","M","E","$","M","T","?","R","E","R","E","R","B",null],"character_chosen":"IRONCLAD","items_purchased":["Double Tap+1","Magic Flower","PowerPotion","Armaments+1","Ginger"],"campfire_rested":3,"item_purchase_floors":[21,21,21,41,41],"current_hp_per_floor":[74,74,79,79,80,80,80,55,55,36,22,20,13,17,41,12,63,63,22,29,29,29,53,80,78,78,78,78,75,80,64,64,69,77,80,72,73,77,80,80,80,80,80,80,80,80,80,57,80,30],"gold":157,"neow_bonus":"ONE_RARE_RELIC","is_prod":false,"is_daily":false,"chose_seed":false,"campfire_upgraded":1,"win_rate":0,"timestamp":1547317585,"path_taken":["M","?","?","?","?","R","?","?","T","E","M","M","E","M","R","BOSS","M","?","M","$","?","R","M","M","T","R","?","E","M","E","R","BOSS","M","?","M","M","?","E","$","M","T","?","R","E","R","E","R","BOSS"],"build_version":"2019-01-10","purchased_purges":0,"victory":true,"max_hp_per_floor":[80,80,80,80,80,80,80,80,80,80,80,80,80,80,80,80,80,80,80,80,80,80,80,80,80,80,80,80,80,80,80,80,80,80,80,80,80,80,80,80,80,80,80,80,80,80,80,80,80,80],"card_choices":[{"not_picked":["Pummel","Armaments"],"picked":"Headbutt","floor":1},{"not_picked":["Clash","Second Wind"],"picked":"Shrug It Off","floor":3},{"not_picked":["Clash","Thunderclap","Perfected Strike"],"picked":"SKIP","floor":5},{"not_picked":["Intimidate","Disarm"],"picked":"Pommel Strike","floor":7},{"not_picked":["Blood for Blood","Seeing Red","Whirlwind"],"picked":"SKIP","floor":10},{"not_picked":["Armaments","Thunderclap"],"picked":"Battle Trance","floor":11},{"not_picked":["Perfected Strike","Dark Embrace"],"picked":"Anger","floor":12},{"not_picked":["Whirlwind","Thunderclap"],"picked":"Body Slam","floor":13},{"not_picked":["Sever Soul","True Grit","Sword Boomerang"],"picked":"SKIP","floor":14},{"not_picked":["Limit Break","Offering"],"picked":"Reaper","floor":16},{"not_picked":["Disarm","Pommel Strike"],"picked":"Body Slam","floor":18},{"not_picked":["Pommel Strike+1","Thunderclap"],"picked":"Shockwave+1","floor":20},{"not_picked":["Heavy Blade+1","Havoc+1"],"picked":"Ghostly Armor+1","floor":24},{"not_picked":["Headbutt","Fiend Fire"],"picked":"Anger","floor":25},{"not_picked":["Body Slam+1","Flex+1"],"picked":"Anger+1","floor":29},{"not_picked":["Power Through+1","Body Slam+1"],"picked":"Thunderclap+1","floor":30},{"not_picked":["Perfected Strike+1","Sever Soul+1"],"picked":"Clash+1","floor":31},{"not_picked":["Offering+1","Limit Break+1"],"picked":"Immolate+1","floor":33},{"not_picked":["Sentinel+1","Heavy Blade+1","Evolve+1"],"picked":"SKIP","floor":35},{"not_picked":["Twin Strike+1","Combust+1"],"picked":"Dual Wield+1","floor":37},{"not_picked":["Perfected Strike+1","Sword Boomerang+1"],"picked":"Battle Trance+1","floor":38},{"not_picked":["Whirlwind+1","Seeing Red+1"],"picked":"Anger+1","floor":39},{"not_picked":["Burning Pact+1","Iron Wave+1"],"picked":"Headbutt+1","floor":40},{"not_picked":["Searing Blow+1","Pummel+1","Sword Boomerang+1"],"picked":"SKIP","floor":42},{"not_picked":["Searing Blow+1","Pummel+1","Sword Boomerang+1"],"picked":"SKIP","floor":42},{"not_picked":["Reckless Charge+1","Anger+1"],"picked":"Shrug It Off+1","floor":46},{"not_picked":["Sword Boomerang+1","Wild Strike+1"],"picked":"Dropkick+1","floor":48}],"player_experience":215828,"relics_obtained":[{"floor":9,"key":"Torii"},{"floor":10,"key":"Tiny Chest"},{"floor":13,"key":"MawBank"},{"floor":19,"key":"Shovel"},{"floor":19,"key":"Toxic Egg 2"},{"floor":26,"key":"Molten Egg 2"},{"floor":27,"key":"Blood Vial"},{"floor":29,"key":"Du-Vu Doll"},{"floor":31,"key":"Boot"},{"floor":32,"key":"Anchor"},{"floor":40,"key":"Peace Pipe"},{"floor":43,"key":"Gremlin Horn"},{"floor":44,"key":"FossilizedHelix"},{"floor":46,"key":"Happy Flower"},{"floor":47,"key":"Centennial Puzzle"},{"floor":48,"key":"Blue Candle"}],"event_choices":[{"cards_removed":["Strike_R"],"damage_healed":0,"gold_gain":0,"player_choice":"Card Removal","damage_taken":0,"max_hp_gain":0,"max_hp_loss":0,"event_name":"Wheel of Change","floor":2,"gold_loss":0},{"damage_healed":0,"gold_gain":0,"cards_transformed":["Strike_R"],"player_choice":"Transformed","damage_taken":0,"max_hp_gain":0,"max_hp_loss":0,"event_name":"Transmorgrifier","floor":4,"gold_loss":0,"cards_obtained":["Armaments"]},{"damage_healed":0,"gold_gain":0,"player_choice":"Success","damage_taken":25,"relics_obtained":["Nunchaku"],"max_hp_gain":0,"max_hp_loss":0,"event_name":"Scrap Ooze","floor":8,"gold_loss":0},{"damage_healed":0,"gold_gain":0,"player_choice":"Fight","damage_taken":0,"max_hp_gain":0,"max_hp_loss":0,"event_name":"Colosseum","floor":19,"gold_loss":0},{"damage_healed":0,"gold_gain":0,"player_choice":"Fought Nobs","damage_taken":0,"max_hp_gain":0,"max_hp_loss":0,"event_name":"Colosseum","floor":19,"gold_loss":0},{"damage_healed":0,"gold_gain":0,"player_choice":"Ignored","damage_taken":0,"max_hp_gain":0,"max_hp_loss":0,"event_name":"Beggar","floor":22,"gold_loss":0},{"damage_healed":0,"gold_gain":0,"player_choice":"Ignored","damage_taken":0,"max_hp_gain":0,"max_hp_loss":0,"event_name":"Ghosts","floor":28,"gold_loss":0},{"damage_healed":0,"gold_gain":75,"player_choice":"Touch","damage_taken":8,"max_hp_gain":0,"max_hp_loss":0,"event_name":"FaceTrader","floor":36,"gold_loss":0},{"damage_healed":0,"gold_gain":0,"player_choice":"Fight","damage_taken":0,"max_hp_gain":0,"max_hp_loss":0,"event_name":"Mysterious Sphere","floor":44,"gold_loss":0}],"is_beta":false,"boss_relics":[{"not_picked":["Fusion Hammer","Busted Crown"],"picked":"Cursed Key"},{"not_picked":["Philosopher\u0027s Stone","Mark of Pain"],"picked":"Lizard Tail"}],"items_purged_floors":[],"is_endless":false,"potions_floor_spawned":[1,7,10,13,19,25,29,30,31,33,39,40,44],"ascension_level":6}