{"path_per_floor":["M","M","T","M","$","R","E","R","T","E","R","?","M","M","R","B",null,"M","?","M","M","?"],"character_chosen":"THE_SILENT","items_purchased":[],"gold_per_floor":[114,125,204,215,140,140,175,175,175,205,205,205,218,241,241,361,361,361,361,361,361,361],"floor_reached":23,"campfire_rested":3,"playtime":2449,"current_hp_per_floor":[68,61,61,59,59,59,2,23,23,3,24,24,24,21,40,39,59,54,54,45,39,39],"items_purged":["Strike_G"],"gold":361,"score":251,"play_id":"83d1f41b-eb19-4b26-95c8-7c7eb40d7b38","is_prod":false,"is_daily":false,"is_ascension_mode":true,"campfire_upgraded":1,"path_taken":["M","?","?","M","$","R","E","R","T","E","R","?","M","M","R","BOSS","M","?","M","?","?","E"],"build_version":"2018-02-23-BETA1","purchased_purges":1,"victory":false,"master_deck":["Defend_G","Defend_G","Defend_G","Defend_G","Defend_G","Strike_G","Strike_G","Strike_G","Strike_G","Survivor","Neutralize","PiercingWail","Backflip+1","Flying Knee","Tools of the Trade","Cloak And Dagger","Burst","Flechettes","Acrobatics"],"max_hp_per_floor":[70,70,70,70,70,70,70,70,70,70,70,65,65,65,65,65,65,65,65,65,65,65],"relics":["Runic Pyramid","Toolbox","Mummified Hand","Gambling Chip","Kunai","Golden Idol","Ectoplasm","Red Mask","Tiny Chest"],"card_choices":[{"not_picked":["Poisoned Stab","Endless Agony"],"picked":"PiercingWail"},{"not_picked":["Dagger Throw","Wraith Form"],"picked":"Backflip"},{"not_picked":["Deadly Poison","PiercingWail"],"picked":"Flying Knee"},{"not_picked":["All Out Attack","Dodge and Roll"],"picked":"Tools of the Trade"},{"not_picked":["Accuracy","Bane"],"picked":"Cloak And Dagger"},{"not_picked":["Unload","Night Terror"],"picked":"Burst"},{"not_picked":["Caltrops","Quick Slash"],"picked":"Flechettes"},{"not_picked":["Dagger Spray","Riddle With Holes"],"picked":"Acrobatics"}],"player_experience":181904,"potions_floor_usage":[4,16,19,19],"damage_taken":[{"damage":2,"enemies":"Cultist","floor":1,"turns":5},{"damage":7,"enemies":"Jaw Worm","floor":2,"turns":5},{"damage":2,"enemies":"2 Louse","floor":4,"turns":2},{"damage":57,"enemies":"Gremlin Nob","floor":7,"turns":6},{"damage":20,"enemies":"3 Sentries","floor":10,"turns":13},{"damage":0,"enemies":"Red Slaver","floor":13,"turns":5},{"damage":3,"enemies":"Large Slime","floor":14,"turns":11},{"damage":1,"enemies":"The Guardian","floor":16,"turns":23},{"damage":5,"enemies":"Shell Parasite","floor":18,"turns":7},{"damage":0,"enemies":"Masked Bandits","floor":19,"turns":6},{"damage":9,"enemies":"Chosen","floor":20,"turns":8},{"damage":6,"enemies":"Snecko","floor":21,"turns":8},{"damage":51,"enemies":"Gremlin Leader","floor":23,"turns":7}],"event_choices":[{"event_name":"Golden Idol","player_choice":"Lose Max HP","floor":12,"damage_taken":0},{"event_name":"Masked Bandits","player_choice":"Fought over 361 gold","floor":19,"damage_taken":0},{"event_name":"The Mausoleum","player_choice":"Yes","floor":22,"damage_taken":0}],"boss_relics":[{"not_picked":["The Specimen","Lizard Tail"],"picked":"Ectoplasm"}],"potions_floor_spawned":[2,7,14,16,18],"seed_played":"4720175468656157604","killed_by":"Gremlin Leader","ascension_level":5,"is_trial":false}