{"gold_per_floor":[116,15,35,35,35,60,78,158,185,17,17,32,32,32,32,128,128,148,162,87,102,152,152],"floor_reached":23,"playtime":614,"items_purged":["Strike_R"],"score":189,"play_id":"a5aeb630-e559-402f-9553-390293a3eb44","local_time":"20190420170338","is_ascension_mode":false,"campfire_choices":[{"data":"Heavy Blade","floor":13,"key":"SMITH"},{"floor":15,"key":"REST"}],"neow_cost":"NONE","seed_source_timestamp":2866295237696921,"circlet_count":0,"master_deck":["Strike_R+1","Strike_R+1","Strike_R+1","Strike_R+1","Defend_R+1","Defend_R+1","Defend_R+1","Defend_R+1","Bash","Heavy Blade+1","Cleave","Inflame","Pommel Strike","Offering","Violence","Dual Wield","Feed","Shrug It Off"],"special_seed":0,"relics":["Velvet Choker","Pen Nib","Juzu Bracelet","SsserpentHead","Black Star"],"potions_floor_usage":[21,23],"damage_taken":[{"damage":0,"enemies":"2 Louse","floor":1,"turns":3},{"damage":11,"enemies":"Jaw Worm","floor":3,"turns":2},{"damage":22,"enemies":"3 Sentries","floor":6,"turns":6},{"damage":0,"enemies":"Cultist","floor":7,"turns":2},{"damage":11,"enemies":"Gremlin Gang","floor":12,"turns":3},{"damage":56,"enemies":"Hexaghost","floor":16,"turns":7},{"damage":6,"enemies":"Chosen","floor":18,"turns":4},{"damage":32,"enemies":"3 Byrds","floor":19,"turns":5},{"damage":48,"enemies":"Shelled Parasite and Fungi","floor":21,"turns":6},{"damage":5,"enemies":"Gremlin Leader","floor":23,"turns":4}],"seed_played":"4612441506820755392","potions_obtained":[{"floor":3,"key":"Poison Potion"},{"floor":7,"key":"Block Potion"},{"floor":11,"key":"PowerPotion"},{"floor":11,"key":"Dexterity Potion"},{"floor":21,"key":"Poison Potion"}],"is_trial":false,"path_per_floor":["M","$","M","?","$","E","M","?","T","$","?","M","R","?","R","B",null,"M","M","$","M","?","E"],"character_chosen":"IRONCLAD","items_purchased":["SteroidPotion","Cleave","Violence"],"campfire_rested":1,"item_purchase_floors":[2,2,10],"current_hp_per_floor":[80,80,69,74,74,52,52,52,52,52,52,41,41,41,66,10,85,79,50,50,2,2,0],"gold":152,"neow_bonus":"BOSS_RELIC","is_prod":false,"is_daily":false,"chose_seed":false,"campfire_upgraded":1,"win_rate":0,"timestamp":1555776218,"path_taken":["M","$","M","?","$","E","M","?","T","?","?","M","R","?","R","BOSS","M","M","$","M","?","E"],"build_version":"2019-01-23","purchased_purges":1,"victory":false,"max_hp_per_floor":[80,80,80,85,85,85,85,85,85,85,85,85,85,85,85,85,85,85,88,88,88,88,88],"card_choices":[{"not_picked":["Headbutt","Dual Wield"],"picked":"Heavy Blade","floor":1},{"not_picked":["Perfected Strike","Sword Boomerang"],"picked":"Inflame","floor":3},{"not_picked":["Ghostly Armor","Reckless Charge"],"picked":"Pommel Strike","floor":6},{"not_picked":["Perfected Strike","Thunderclap"],"picked":"Offering","floor":7},{"not_picked":["Second Wind","Pommel Strike"],"picked":"Dual Wield","floor":12},{"not_picked":["Berserk","Double Tap"],"picked":"Feed","floor":16},{"not_picked":["Cleave","Body Slam","Warcry"],"picked":"SKIP","floor":18},{"not_picked":["Hemokinesis","Dual Wield+1","Dropkick"],"picked":"SKIP","floor":19},{"not_picked":["Body Slam","Perfected Strike+1"],"picked":"Shrug It Off","floor":21}],"player_experience":613715,"relics_obtained":[{"floor":6,"key":"Pen Nib"},{"floor":9,"key":"Juzu Bracelet"}],"event_choices":[{"damage_healed":0,"gold_gain":0,"player_choice":"Donut","damage_taken":0,"max_hp_gain":5,"max_hp_loss":0,"event_name":"Big Fish","floor":4,"gold_loss":0},{"damage_healed":0,"gold_gain":80,"player_choice":"Gained Gold","damage_taken":0,"max_hp_gain":0,"max_hp_loss":0,"event_name":"Golden Wing","floor":8,"gold_loss":0},{"damage_healed":0,"gold_gain":0,"player_choice":"Got Potions","damage_taken":0,"max_hp_gain":0,"max_hp_loss":0,"event_name":"Lab","floor":11,"gold_loss":0},{"damage_healed":0,"gold_gain":0,"player_choice":"Trade","damage_taken":0,"relics_obtained":["SsserpentHead"],"max_hp_gain":0,"max_hp_loss":0,"event_name":"FaceTrader","floor":14,"gold_loss":0},{"damage_healed":0,"gold_gain":0,"player_choice":"Simplicity","damage_taken":0,"max_hp_gain":0,"max_hp_loss":0,"event_name":"Back to Basics","floor":22,"gold_loss":0,"cards_upgraded":["Strike_R","Strike_R","Strike_R","Strike_R","Defend_R","Defend_R","Defend_R","Defend_R"]}],"is_beta":false,"boss_relics":[{"not_picked":["Lizard Tail","Eternal Feather"],"picked":"Black Star"}],"items_purged_floors":[20],"is_endless":false,"potions_floor_spawned":[3,7,12,16,18,21],"killed_by":"Gremlin Leader","ascension_level":0}