{"path_per_floor":["M","M","?","?","M","R","E","?","T","R","M","$","T","M","R","B",null,"M","$","M","M","M","R","?","R","T","M","?","R","?"],"character_chosen":"IRONCLAD","items_purchased":["Bag of Marbles","Dexterity Potion","Dual Wield","Strawberry"],"gold_per_floor":[117,87,87,87,106,106,142,219,219,219,232,32,32,52,52,181,181,196,0,14,38,52,52,52,52,52,77,77,77,77],"floor_reached":31,"campfire_rested":1,"playtime":2393,"current_hp_per_floor":[76,77,82,81,81,81,74,74,74,74,79,79,79,81,81,24,81,77,84,66,54,26,60,60,68,68,62,62,70,70],"items_purged":[],"gold":77,"play_id":"f4742551-a829-4f9c-bbcb-0268a6c32c3c","is_prod":false,"is_daily":false,"campfire_rituals":0,"campfire_upgraded":5,"is_hardmode":false,"path_taken":["M","M","?","?","M","R","E","?","T","R","?","$","?","M","R","BOSS","M","$","?","M","M","R","?","R","T","M","?","R","?","E"],"build_version":"2017-12-21-PROD1","purchased_purges":0,"victory":false,"master_deck":["Strike_R","Strike_R","Strike_R","Strike_R","Strike_R","Defend_R","Defend_R","Defend_R","Defend_R","Bash","Anger","Clash","Headbutt","Headbutt","Pommel Strike","Impervious","Flex","Dual Wield","Flex","Rampage","Cleave","Rampage"],"max_hp_per_floor":[80,80,85,81,81,81,81,81,81,81,81,81,81,81,81,81,81,81,88,88,88,88,88,88,88,88,88,88,88,88],"relics":["Burning Blood","Golden Idol","Anchor","Gremlin Horn","Bag of Marbles","Eternal Feather","Strawberry","Juzu Bracelet","Nloth\u0027s Gift"],"campfire_meditates":0,"card_choices":[{"not_picked":["Dual Wield","Armaments"],"picked":"Anger"},{"not_picked":["Perfected Strike","Thunderclap"],"picked":"Clash"},{"not_picked":["Pommel Strike","Combust"],"picked":"Headbutt"},{"not_picked":["Body Slam","Iron Wave"],"picked":"Headbutt"},{"not_picked":["Clothesline","Shockwave"],"picked":"Pommel Strike"},{"not_picked":["Brutality","Berserk"],"picked":"Impervious"},{"not_picked":["Iron Wave","Perfected Strike"],"picked":"Flex"},{"not_picked":["Body Slam","Cleave"],"picked":"Flex"},{"not_picked":["Infernal Blade","Corruption"],"picked":"Rampage"},{"not_picked":["Shrug It Off","Twin Strike"],"picked":"Cleave"}],"player_experience":0,"potions_floor_usage":[],"damage_taken":[{"damage":10,"enemies":"Cultist","floor":1,"turns":4},{"damage":5,"enemies":"Looter","floor":2,"turns":4},{"damage":6,"enemies":"Jaw Worm","floor":5,"turns":2},{"damage":13,"enemies":"Gremlin Nob","floor":7,"turns":4},{"damage":1,"enemies":"Large Slime","floor":11,"turns":4},{"damage":2,"enemies":"Exordium Wildlife","floor":14,"turns":2},{"damage":63,"enemies":"The Guardian","floor":16,"turns":8},{"damage":10,"enemies":"Shell Parasite","floor":18,"turns":4},{"damage":24,"enemies":"Spheric Guardian","floor":20,"turns":5},{"damage":18,"enemies":"Snecko","floor":21,"turns":4},{"damage":34,"enemies":"Chosen and Byrds","floor":22,"turns":6},{"damage":12,"enemies":"Centurion and Healer","floor":27,"turns":3},{"damage":71,"enemies":"Book of Stabbing","floor":31,"turns":5}],"event_choices":[{"event_name":"Big Fish","player_choice":"Donut","floor":3,"damage_taken":0},{"event_name":"Golden Idol","player_choice":"Lose Max HP","floor":4,"damage_taken":0},{"event_name":"Golden Wing","player_choice":"Gained Gold","floor":8,"damage_taken":0},{"event_name":"Duplicator","player_choice":"One dupe","floor":24,"damage_taken":0},{"event_name":"The Lab","player_choice":"Got Potions","floor":28,"damage_taken":0},{"event_name":"N\u0027loth","player_choice":"Traded a Frozen Eye","floor":30,"damage_taken":0}],"boss_relics":[{"not_picked":["Tiny House","Runic Dome"],"picked":"Eternal Feather"}],"potions_floor_spawned":[11,14,21,27],"seed_played":"-4465852011661783494","killed_by":"Book of Stabbing","is_trial":false}