{"gold_per_floor":[119,133,208,208,208,208,33,33,33,33,45,65,65,75,75,172,172,184,32,44,64,79,90,90,22,22,22,22,40,58,72,72,72],"floor_reached":33,"playtime":4077,"items_purged":["Strike_R","Strike_R"],"score":266,"play_id":"9acd182a-a47b-4aa9-a3f7-56ecf7640b04","local_time":"20190416020137","is_ascension_mode":false,"campfire_choices":[{"data":"Body Slam","floor":6,"key":"SMITH"},{"data":"Whirlwind","floor":8,"key":"SMITH"},{"data":"Shrug It Off","floor":13,"key":"SMITH"},{"data":"True Grit","floor":15,"key":"SMITH"},{"data":"Feel No Pain","floor":24,"key":"SMITH"},{"data":"Inflame","floor":28,"key":"SMITH"},{"floor":32,"key":"REST"}],"neow_cost":"NONE","seed_source_timestamp":334474346914175,"circlet_count":0,"master_deck":["Strike_R+1","Strike_R","Defend_R","Defend_R+1","Defend_R","Defend_R","Bash","Power Through","Body Slam+1","Shrug It Off+1","Whirlwind+1","Anger","Second Wind","True Grit+1","Feed","Feel No Pain+1","Flex","True Grit+1","Seeing Red","Clash","Inflame+1","Flex"],"relics":["Black Blood"],"potions_floor_usage":[16,22,22,22,23,23,33,33],"damage_taken":[{"damage":5,"enemies":"Jaw Worm","floor":1,"turns":5},{"damage":4,"enemies":"2 Louse","floor":2,"turns":4},{"damage":0,"enemies":"Small Slimes","floor":11,"turns":3},{"damage":0,"enemies":"Blue Slaver","floor":12,"turns":2},{"damage":2,"enemies":"3 Louse","floor":14,"turns":2},{"damage":21,"enemies":"Slime Boss","floor":16,"turns":14},{"damage":29,"enemies":"Shell Parasite","floor":18,"turns":11},{"damage":7,"enemies":"3 Byrds","floor":20,"turns":7},{"damage":32,"enemies":"Centurion and Healer","floor":21,"turns":21},{"damage":16,"enemies":"Chosen and Byrds","floor":22,"turns":10},{"damage":12,"enemies":"Cultist and Chosen","floor":23,"turns":8},{"damage":26,"enemies":"Snecko","floor":29,"turns":10},{"damage":20,"enemies":"Centurion and Healer","floor":30,"turns":8},{"damage":31,"enemies":"Cultist and Chosen","floor":31,"turns":6},{"damage":56,"enemies":"Automaton","floor":33,"turns":10}],"seed_played":"7145801558363161890","potions_obtained":[{"floor":11,"key":"Explosive Potion"},{"floor":12,"key":"BloodPotion"},{"floor":14,"key":"EssenceOfSteel"},{"floor":21,"key":"EntropicBrew"},{"floor":23,"key":"SpeedPotion"},{"floor":31,"key":"Energy Potion"}],"is_trial":false,"path_per_floor":["M","M","?","?","?","R","$","R","T","?","M","M","R","M","R","B",null,"M","$","M","M","M","M","R","$","T","$","R","M","M","M","R","B"],"character_chosen":"IRONCLAD","items_purchased":["Shrug It Off","Whirlwind","Flex","Inflame"],"campfire_rested":1,"item_purchase_floors":[7,7,19,25],"current_hp_per_floor":[88,88,77,82,63,63,63,63,63,63,69,75,75,79,79,64,93,77,77,80,61,67,68,68,68,68,68,68,52,45,24,56,0],"gold":72,"neow_bonus":"TEN_PERCENT_HP_BONUS","is_prod":false,"is_daily":false,"chose_seed":false,"campfire_upgraded":6,"win_rate":0,"timestamp":1555401697,"path_taken":["M","M","?","?","?","R","$","R","T","?","M","M","R","M","R","BOSS","M","$","M","M","M","M","R","?","T","$","R","M","M","M","R","BOSS"],"build_version":"2019-01-23","purchased_purges":2,"victory":false,"max_hp_per_floor":[88,88,88,93,93,93,93,93,93,93,93,93,93,93,93,93,93,96,96,96,99,102,105,105,105,105,105,105,105,108,108,108,108],"card_choices":[{"not_picked":["Wild Strike","Sentinel"],"picked":"Power Through","floor":1},{"not_picked":["Anger","Clash"],"picked":"Body Slam","floor":2},{"not_picked":["Sword Boomerang","Dual Wield","Feel No Pain"],"picked":"SKIP","floor":11},{"not_picked":["Shockwave","Sword Boomerang"],"picked":"Second Wind","floor":12},{"not_picked":["Searing Blow","Body Slam"],"picked":"True Grit","floor":14},{"not_picked":["Fiend Fire","Impervious"],"picked":"Feed","floor":16},{"not_picked":["True Grit+1","Perfected Strike"],"picked":"Feel No Pain","floor":18},{"not_picked":["Pommel Strike","Heavy Blade"],"picked":"True Grit+1","floor":20},{"not_picked":["Hemokinesis","Body Slam","Cleave"],"picked":"SKIP","floor":21},{"not_picked":["Thunderclap","Warcry+1"],"picked":"Seeing Red","floor":22},{"not_picked":["Clothesline+1","Twin Strike"],"picked":"Clash","floor":23},{"not_picked":["Twin Strike","Wild Strike"],"picked":"Flex","floor":29},{"not_picked":["Bludgeon","Body Slam","Havoc"],"picked":"SKIP","floor":30},{"not_picked":["Flame Barrier","Shockwave","Anger"],"picked":"SKIP","floor":31}],"player_experience":426909,"relics_obtained":[],"event_choices":[{"damage_healed":0,"gold_gain":75,"player_choice":"Gather Gold","damage_taken":11,"max_hp_gain":0,"max_hp_loss":0,"event_name":"World of Goop","floor":3,"gold_loss":0},{"damage_healed":0,"gold_gain":0,"player_choice":"Donut","damage_taken":0,"max_hp_gain":5,"max_hp_loss":0,"event_name":"Big Fish","floor":4,"gold_loss":0},{"damage_healed":0,"gold_gain":0,"player_choice":"Entered Light","damage_taken":19,"max_hp_gain":0,"max_hp_loss":0,"event_name":"Shining Light","floor":5,"gold_loss":0,"cards_upgraded":["Strike_R","Defend_R"]},{"damage_healed":0,"gold_gain":0,"cards_transformed":["Strike_R"],"player_choice":"Transformed","damage_taken":0,"max_hp_gain":0,"max_hp_loss":0,"event_name":"Transmorgrifier","floor":10,"gold_loss":0,"cards_obtained":["Anger"]}],"is_beta":false,"boss_relics":[{"not_picked":["Black Star","Mark of Pain"],"picked":"Black Blood"}],"items_purged_floors":[7,19],"is_endless":false,"potions_floor_spawned":[11,12,14,21,23,31],"killed_by":"Automaton","ascension_level":0}