{"path_per_floor":["M","M","M","?","M","R","$","M","T","M","R","?","M","E","R","B",null,"M","?","$","?","M","R","E","M","T","R","M","?","M","M","R"],"character_chosen":"IRONCLAD","items_purchased":["Immolate","Shrug It Off"],"gold_per_floor":[117,129,139,139,159,159,8,18,18,28,28,28,43,72,72,172,172,186,136,12,12,32,32,61,73,100,100,111,111,129,144,144],"floor_reached":33,"campfire_rested":2,"playtime":2922,"current_hp_per_floor":[80,80,80,87,81,81,81,80,80,76,76,64,71,59,59,87,87,84,84,84,84,84,84,38,24,24,50,48,48,34,28,54],"items_purged":["Strike_R"],"gold":144,"play_id":"373e1edc-a2a7-4525-a77a-6d7f1d0e69f5","is_prod":false,"is_daily":false,"campfire_rituals":0,"campfire_upgraded":4,"is_hardmode":false,"path_taken":["M","M","M","?","?","R","$","M","T","M","R","?","M","E","R","BOSS","M","?","$","?","M","R","E","?","T","R","M","?","M","M","R","BOSS"],"build_version":"2018-01-11-PROD2","purchased_purges":1,"victory":false,"master_deck":["Strike_R","Strike_R","Strike_R","Strike_R","Defend_R","Defend_R","Defend_R","Defend_R","Bash","Rampage","Body Slam","Wild Strike","Regret","Sever Soul","Immolate","Battle Trance","Ghostly Armor","Ghostly Armor","Flame Barrier","Impervious","Evolve","Shrug It Off","Wild Strike","Offering","Headbutt","Seeing Red"],"max_hp_per_floor":[80,80,80,87,87,87,87,87,87,87,87,87,87,87,87,87,87,87,87,87,87,87,87,87,87,87,87,87,87,87,87,87],"relics":["Burning Blood","Strawberry","Pantograph","Magic Flower","Bottled Flame","Runic Dome","Art of War","Bag of Marbles"],"campfire_meditates":0,"card_choices":[{"not_picked":["Shrug It Off","Clothesline"],"picked":"Rampage"},{"not_picked":["Clash","Iron Wave"],"picked":"Body Slam"},{"not_picked":["Twin Strike","Blood for Blood"],"picked":"Wild Strike"},{"not_picked":["Dropkick","Dual Wield"],"picked":"Sever Soul"},{"not_picked":["Corruption","Offering"],"picked":"Battle Trance"},{"not_picked":["Reckless Charge","Sword Boomerang"],"picked":"Ghostly Armor"},{"not_picked":["Sword Boomerang","Headbutt"],"picked":"Ghostly Armor"},{"not_picked":["Corruption","Spot Weakness"],"picked":"Flame Barrier"},{"not_picked":["Immolate","Double Tap"],"picked":"Impervious"},{"not_picked":["Thunderclap","Flex"],"picked":"Evolve"},{"not_picked":["Pommel Strike","Perfected Strike"],"picked":"Wild Strike"},{"not_picked":["Sword Boomerang","Combust"],"picked":"Offering"},{"not_picked":["Dual Wield","Twin Strike"],"picked":"Headbutt"},{"not_picked":["Ghostly Armor","Pommel Strike"],"picked":"Seeing Red"}],"player_experience":270503,"potions_floor_usage":[13,16,22,31,33,33,33],"damage_taken":[{"damage":5,"enemies":"Jaw Worm","floor":1,"turns":4},{"damage":6,"enemies":"Cultist","floor":2,"turns":3},{"damage":6,"enemies":"Blue Slaver","floor":3,"turns":4},{"damage":12,"enemies":"Exordium Wildlife","floor":5,"turns":5},{"damage":7,"enemies":"3 Louse","floor":8,"turns":2},{"damage":10,"enemies":"Red Slaver","floor":10,"turns":4},{"damage":2,"enemies":"Exordium Thugs","floor":13,"turns":3},{"damage":21,"enemies":"Lagavulin","floor":14,"turns":6},{"damage":6,"enemies":"Slime Boss","floor":16,"turns":10},{"damage":12,"enemies":"Shell Parasite","floor":18,"turns":6},{"damage":9,"enemies":"2 Thieves","floor":22,"turns":4},{"damage":55,"enemies":"Book of Stabbing","floor":24,"turns":7},{"damage":23,"enemies":"3 Cultists","floor":25,"turns":5},{"damage":11,"enemies":"Snake Plant","floor":28,"turns":4},{"damage":23,"enemies":"Slaver and Parasite","floor":30,"turns":7},{"damage":15,"enemies":"Centurion and Healer","floor":31,"turns":5},{"damage":96,"enemies":"Champ","floor":33,"turns":11}],"event_choices":[{"event_name":"Big Fish","player_choice":"Box","floor":4,"damage_taken":0},{"event_name":"Scrap Ooze","player_choice":"success","floor":12,"damage_taken":12},{"event_name":"The Joust","player_choice":"Bet on Murderer","floor":19,"damage_taken":0},{"event_name":"Drug Dealer","player_choice":"Ignored","floor":21,"damage_taken":0},{"event_name":"Vampires","player_choice":"Ignored","floor":29,"damage_taken":0}],"boss_relics":[{"not_picked":["Sozu","Tiny House"],"picked":"Runic Dome"}],"potions_floor_spawned":[3,10,14,18,25,30,31],"seed_played":"4626623784331662750","killed_by":"Champ","is_trial":false}