{"gold_per_floor":[361,41,56,231,241,241,141,141,141,156,156,175,175,186,186],"floor_reached":15,"playtime":223,"items_purged":["Strike_R","Doubt"],"score":87,"play_id":"70198356-663c-42b6-a3ba-dc53f5383122","local_time":"20190426092915","is_ascension_mode":false,"campfire_choices":[{"data":"Uppercut","floor":6,"key":"SMITH"},{"data":"Bash","floor":8,"key":"SMITH"},{"data":"Limit Break","floor":13,"key":"SMITH"},{"data":"Armaments","floor":15,"key":"SMITH"}],"neow_cost":"TEN_PERCENT_HP_LOSS","seed_source_timestamp":17566699023006,"circlet_count":0,"master_deck":["Strike_R","Strike_R","Strike_R","Strike_R","Defend_R","Defend_R","Defend_R","Bash+1","Uppercut+1","Clothesline+1","Limit Break+1","Rampage+1","Pommel Strike+1","Armaments+1"],"relics":["Burning Blood","Molten Egg 2","Kunai"],"potions_floor_usage":[],"damage_taken":[{"damage":3,"enemies":"Jaw Worm","floor":1,"turns":4},{"damage":0,"enemies":"2 Louse","floor":3,"turns":3},{"damage":1,"enemies":"Cultist","floor":5,"turns":4},{"damage":4,"enemies":"Blue Slaver","floor":10,"turns":3},{"damage":6,"enemies":"Gremlin Gang","floor":12,"turns":5},{"damage":20,"enemies":"Exordium Thugs","floor":14,"turns":5}],"seed_played":"-3671664928702674574","potions_obtained":[{"floor":14,"key":"Block Potion"}],"is_trial":false,"path_per_floor":["M","$","M","?","M","R","$","R","T","M","?","M","R","M","R"],"character_chosen":"IRONCLAD","items_purchased":["Molten Egg 2"],"campfire_rested":0,"item_purchase_floors":[2],"current_hp_per_floor":[72,72,72,72,72,72,72,72,72,72,72,72,72,58,58],"gold":186,"neow_bonus":"TWO_FIFTY_GOLD","is_prod":false,"is_daily":false,"chose_seed":false,"campfire_upgraded":4,"win_rate":0,"timestamp":1556292555,"path_taken":["M","$","M","?","M","R","$","R","T","M","?","M","R","M","R"],"build_version":"2019-01-23","purchased_purges":2,"victory":false,"max_hp_per_floor":[72,72,72,72,72,72,72,72,72,72,72,72,72,72,72],"card_choices":[{"not_picked":["Shrug It Off","Wild Strike"],"picked":"Uppercut","floor":1},{"not_picked":["Shockwave","Sword Boomerang+1"],"picked":"Clothesline+1","floor":3},{"not_picked":["Armaments","Shrug It Off"],"picked":"Limit Break","floor":5},{"not_picked":["Pommel Strike+1","Body Slam+1"],"picked":"Rampage+1","floor":10},{"not_picked":["Body Slam+1","Second Wind"],"picked":"Pommel Strike+1","floor":12},{"not_picked":["Evolve","Ghostly Armor"],"picked":"Armaments","floor":14}],"player_experience":1319216,"relics_obtained":[{"floor":9,"key":"Kunai"}],"event_choices":[{"damage_healed":0,"gold_gain":175,"player_choice":"AGREE","damage_taken":0,"max_hp_gain":0,"max_hp_loss":0,"event_name":"Liars Game","floor":4,"gold_loss":0,"cards_obtained":["Doubt"]},{"cards_removed":["Defend_R"],"damage_healed":0,"gold_gain":0,"player_choice":"Purged","damage_taken":0,"max_hp_gain":0,"max_hp_loss":0,"event_name":"Purifier","floor":11,"gold_loss":0}],"is_beta":false,"boss_relics":[],"items_purged_floors":[2,7],"is_endless":false,"potions_floor_spawned":[14],"ascension_level":0}