{"path_per_floor":["M","?","M","?","?","E","?","$","T","M","R","$","M","M","R","B",null,"M","$","?","M"],"character_chosen":"THE_SILENT","items_purchased":["Noxious Fumes","Poisoned Stab"],"gold_per_floor":[111,111,136,136,136,171,121,43,69,83,83,8,26,47,47,168,168,181,33,33,52],"floor_reached":22,"campfire_rested":2,"playtime":1223,"current_hp_per_floor":[70,70,63,49,49,7,7,7,7,7,28,28,25,25,46,9,70,31,31,31,16],"items_purged":["Decay","Strike_G"],"gold":52,"play_id":"e6a1879b-524a-4cb1-afaa-d4cc80ded36f","is_prod":false,"is_daily":false,"campfire_rituals":0,"campfire_upgraded":0,"is_hardmode":false,"path_taken":["M","?","M","?","?","E","?","?","T","M","R","$","M","M","R","BOSS","M","$","?","M","?"],"build_version":"2017-12-21-PROD1","purchased_purges":3,"victory":false,"master_deck":["Defend_G","Defend_G","Defend_G","Defend_G","Defend_G","Strike_G","Strike_G","Strike_G","Strike_G","Survivor","Neutralize","Poisoned Stab","Deadly Poison","Outmaneuver","Noxious Fumes","Flying Knee","Prepared","Bane","Corpse Explosion","Catalyst","Poisoned Stab","Catalyst"],"max_hp_per_floor":[70,70,70,70,70,70,70,70,70,70,70,70,70,70,70,70,70,70,70,70,70],"relics":["Ring of the Snake","Golden Idol","Mercury Hourglass","Bag of Preparation","Sozu"],"campfire_meditates":0,"card_choices":[{"not_picked":["Finisher","Blur"],"picked":"Poisoned Stab"},{"not_picked":["Endless Agony","Dagger Spray"],"picked":"Deadly Poison"},{"not_picked":["Footwork","Acrobatics"],"picked":"Outmaneuver"},{"not_picked":["Slice","Heel Hook"],"picked":"Flying Knee"},{"not_picked":["Sucker Punch","PiercingWail"],"picked":"Prepared"},{"not_picked":["Corpse Explosion","Sucker Punch"],"picked":"Bane"},{"not_picked":["Bullet Time","Glass Knife"],"picked":"Corpse Explosion"},{"not_picked":["Masterful Stab","Backflip"],"picked":"Catalyst"},{"not_picked":["Dodge and Roll","Quick Slash"],"picked":"Catalyst"}],"player_experience":49469,"potions_floor_usage":[],"damage_taken":[{"damage":0,"enemies":"Jaw Worm","floor":1,"turns":5},{"damage":7,"enemies":"Looter","floor":3,"turns":4},{"damage":42,"enemies":"3 Sentries","floor":6,"turns":11},{"damage":0,"enemies":"Cultist","floor":10,"turns":3},{"damage":3,"enemies":"3 Louse","floor":13,"turns":2},{"damage":0,"enemies":"Exordium Wildlife","floor":14,"turns":4},{"damage":37,"enemies":"The Guardian","floor":16,"turns":8},{"damage":39,"enemies":"2 Thieves","floor":18,"turns":4},{"damage":15,"enemies":"3 Byrds","floor":21,"turns":4},{"damage":17,"enemies":"Snecko","floor":22,"turns":3}],"event_choices":[{"event_name":"Golden Idol","player_choice":"Take Wound","floor":2,"damage_taken":0},{"event_name":"Shining Light","player_choice":"Entered Light","floor":4,"damage_taken":0},{"event_name":"Wheel of Change","player_choice":"Curse","floor":5,"damage_taken":0},{"event_name":"The Cleric","player_choice":"Card Removal","floor":7,"damage_taken":0},{"event_name":"The Lab","player_choice":"Got Potions","floor":20,"damage_taken":0}],"boss_relics":[{"not_picked":["Calling Bell","Tiny House"],"picked":"Sozu"}],"potions_floor_spawned":[3,10,18],"seed_played":"-4437158220930356611","killed_by":"Snecko","is_trial":false}