{"gold_per_floor":[310,330,345,359,24,49,49,76,76,76,31,47,47,67,67,138,138,149,249,249,2,2,2,27,46,46,66,85,85,65,83,83,161,161,173,173,187,206,223,223,1,1,1,1,21,52,7,23,23,23],"floor_reached":51,"playtime":2280,"items_purged":["Decay"],"score":1397,"play_id":"af087669-19cc-4c21-9a81-70d3b0a610ed","local_time":"20190426193915","is_ascension_mode":true,"campfire_choices":[{"floor":7,"key":"REST"},{"data":"1","floor":10,"key":"LIFT"},{"data":"2","floor":15,"key":"LIFT"},{"floor":23,"key":"REST"},{"floor":32,"key":"REST"},{"floor":40,"key":"REST"},{"floor":42,"key":"REST"},{"data":"3","floor":44,"key":"LIFT"},{"floor":49,"key":"REST"}],"neow_cost":"NO_GOLD","seed_source_timestamp":3392401389961096,"circlet_count":0,"master_deck":["AscendersBane","Defend_G","Defend_G","Defend_G","Defend_G","Defend_G","Strike_G","Strike_G","Strike_G","Strike_G","Strike_G","Survivor","Neutralize","Flying Knee","Predator","Dodge and Roll","Quick Slash","Quick Slash","Footwork","Blade Dance","Backflip","Glass Knife","Escape Plan","Dodge and Roll","Calculated Gamble","Dagger Throw+1","Cloak And Dagger","Terror","Backstab+1","Adrenaline","PiercingWail+1","Deflect","Cloak And Dagger","Endless Agony+1"],"relics":["Ring of the Snake","Old Coin","Vajra","Oddly Smooth Stone","Bag of Preparation","Girya","Pantograph","Runic Dome","Tingsha","Molten Egg 2","Strawberry","Kunai","The Courier","Cursed Key","Frozen Eye","Ancient Tea Set"],"potions_floor_usage":[8,16,18,24,24,31,33,39,46,48,50],"damage_taken":[{"damage":2,"enemies":"Cultist","floor":1,"turns":5},{"damage":0,"enemies":"2 Louse","floor":2,"turns":4},{"damage":1,"enemies":"Jaw Worm","floor":3,"turns":3},{"damage":6,"enemies":"3 Louse","floor":4,"turns":3},{"damage":29,"enemies":"Lagavulin","floor":6,"turns":6},{"damage":6,"enemies":"Gremlin Nob","floor":8,"turns":4},{"damage":3,"enemies":"2 Fungi Beasts","floor":12,"turns":3},{"damage":0,"enemies":"Red Slaver","floor":14,"turns":2},{"damage":12,"enemies":"Slime Boss","floor":16,"turns":8},{"damage":5,"enemies":"2 Thieves","floor":18,"turns":3},{"damage":13,"enemies":"Colosseum Slavers","floor":19,"turns":3},{"damage":32,"enemies":"Colosseum Nobs","floor":19,"turns":6},{"damage":0,"enemies":"Gremlin Leader","floor":24,"turns":6},{"damage":0,"enemies":"Chosen","floor":25,"turns":3},{"damage":17,"enemies":"Centurion and Healer","floor":27,"turns":7},{"damage":5,"enemies":"3 Cultists","floor":28,"turns":6},{"damage":9,"enemies":"Cultist and Chosen","floor":31,"turns":3},{"damage":60,"enemies":"Collector","floor":33,"turns":17},{"damage":26,"enemies":"3 Darklings","floor":35,"turns":4},{"damage":0,"enemies":"Orb Walker","floor":37,"turns":2},{"damage":21,"enemies":"4 Shapes","floor":38,"turns":8},{"damage":5,"enemies":"Sphere and 2 Shapes","floor":39,"turns":5},{"damage":8,"enemies":"3 Darklings","floor":45,"turns":5},{"damage":3,"enemies":"Giant Head","floor":46,"turns":6},{"damage":30,"enemies":"Spire Growth","floor":48,"turns":4},{"damage":6,"enemies":"Awakened One","floor":50,"turns":22}],"seed_played":"7572692118909283019","potions_obtained":[{"floor":2,"key":"SpeedPotion"},{"floor":4,"key":"GhostInAJar"},{"floor":8,"key":"GhostInAJar"},{"floor":14,"key":"PowerPotion"},{"floor":18,"key":"Fruit Juice"},{"floor":19,"key":"PowerPotion"},{"floor":27,"key":"Dexterity Potion"},{"floor":30,"key":"SkillPotion"},{"floor":33,"key":"EssenceOfSteel"},{"floor":37,"key":"Dexterity Potion"},{"floor":46,"key":"Weak Potion"}],"is_trial":false,"path_per_floor":["M","M","M","M","$","E","R","E","T","R","?","M","?","M","R","B",null,"M","?","?","$","?","R","E","M","T","M","M","?","?","M","R","B",null,"M","?","M","M","M","R","$","R","T","R","M","E","$","M","R","B",null],"character_chosen":"THE_SILENT","items_purchased":["Vajra","Oddly Smooth Stone","Strawberry","Frozen Eye","SkillPotion","Cloak And Dagger"],"campfire_rested":6,"item_purchase_floors":[5,5,21,41,41,47],"current_hp_per_floor":[57,57,56,50,50,21,40,34,34,34,34,31,31,31,31,44,61,61,16,16,23,23,46,46,46,46,29,24,24,24,15,38,3,59,33,33,33,12,7,30,30,53,53,53,45,42,42,12,35,54],"gold":23,"neow_bonus":"ONE_RARE_RELIC","is_prod":false,"is_daily":false,"chose_seed":false,"campfire_upgraded":0,"win_rate":0,"timestamp":1556303955,"path_taken":["M","M","M","M","$","E","R","E","T","R","?","M","?","M","R","BOSS","M","?","?","$","?","R","E","M","T","M","M","?","?","?","R","BOSS","M","?","?","M","M","R","$","R","T","R","M","E","$","M","R","BOSS"],"build_version":"2019-01-23","purchased_purges":1,"victory":true,"max_hp_per_floor":[66,66,66,66,66,66,66,66,66,66,66,66,66,66,66,66,66,71,71,71,78,78,78,78,78,78,78,78,78,78,78,78,78,78,78,78,78,78,78,78,78,78,78,78,78,78,78,78,78,78],"card_choices":[{"not_picked":["Expertise","Slice"],"picked":"Flying Knee","floor":1},{"not_picked":["Crippling Poison","PiercingWail"],"picked":"Predator","floor":2},{"not_picked":["Bane","Deadly Poison"],"picked":"Dodge and Roll","floor":3},{"not_picked":["Storm of Steel","Dagger Spray"],"picked":"Quick Slash","floor":4},{"not_picked":["Choke","A Thousand Cuts"],"picked":"Quick Slash","floor":6},{"not_picked":["Masterful Stab","Caltrops"],"picked":"Footwork","floor":8},{"not_picked":["Dagger Throw","Endless Agony"],"picked":"Blade Dance","floor":12},{"not_picked":["Infinite Blades","Well Laid Plans"],"picked":"Backflip","floor":14},{"not_picked":["Unload","Tools of the Trade"],"picked":"Glass Knife","floor":16},{"not_picked":["Acrobatics","Sucker Punch"],"picked":"Escape Plan","floor":18},{"not_picked":["Dagger Throw","Flechettes+1"],"picked":"Dodge and Roll","floor":19},{"not_picked":["Acrobatics","Reflex+1"],"picked":"Calculated Gamble","floor":24},{"not_picked":["Outmaneuver","Deadly Poison"],"picked":"Dagger Throw+1","floor":25},{"not_picked":["Burst","Deflect"],"picked":"Cloak And Dagger","floor":27},{"not_picked":["Dagger Spray+1","Dagger Throw+1"],"picked":"Terror","floor":28},{"not_picked":["Sucker Punch+1","Outmaneuver"],"picked":"Backstab+1","floor":31},{"not_picked":["Malaise","Storm of Steel"],"picked":"Adrenaline","floor":33},{"not_picked":["Setup+1","Bouncing Flask","Footwork"],"picked":"SKIP","floor":35},{"not_picked":["Slice+1","Tactician+1","All Out Attack+1"],"picked":"SKIP","floor":37},{"not_picked":["Crippling Poison","Bane+1","Quick Slash+1"],"picked":"SKIP","floor":38},{"not_picked":["Acrobatics+1","Dagger Spray+1"],"picked":"PiercingWail+1","floor":39},{"not_picked":["Outmaneuver","Expertise+1"],"picked":"Deflect","floor":45},{"not_picked":["Predator+1","Underhanded Strike+1","Reflex"],"picked":"SKIP","floor":46},{"not_picked":["Predator+1","Underhanded Strike+1","Reflex"],"picked":"SKIP","floor":46},{"not_picked":["Outmaneuver","Bane+1"],"picked":"Endless Agony+1","floor":48}],"player_experience":674106,"relics_obtained":[{"floor":6,"key":"Bag of Preparation"},{"floor":8,"key":"Girya"},{"floor":9,"key":"Pantograph"},{"floor":19,"key":"Tingsha"},{"floor":19,"key":"Molten Egg 2"},{"floor":24,"key":"Kunai"},{"floor":26,"key":"The Courier"},{"floor":46,"key":"Ancient Tea Set"}],"event_choices":[{"damage_healed":0,"gold_gain":0,"player_choice":"Left Gold","damage_taken":0,"max_hp_gain":0,"max_hp_loss":0,"event_name":"World of Goop","floor":11,"gold_loss":45},{"damage_healed":0,"gold_gain":0,"player_choice":"Ignored","damage_taken":0,"max_hp_gain":0,"max_hp_loss":0,"event_name":"Golden Idol","floor":13,"gold_loss":0},{"damage_healed":0,"gold_gain":0,"player_choice":"Fight","damage_taken":0,"max_hp_gain":0,"max_hp_loss":0,"event_name":"Colosseum","floor":19,"gold_loss":0},{"damage_healed":0,"gold_gain":0,"player_choice":"Fought Nobs","damage_taken":0,"max_hp_gain":0,"max_hp_loss":0,"event_name":"Colosseum","floor":19,"gold_loss":0},{"damage_healed":0,"gold_gain":0,"player_choice":"Smashed Altar","damage_taken":0,"max_hp_gain":0,"max_hp_loss":0,"event_name":"Forgotten Altar","floor":20,"gold_loss":0,"cards_obtained":["Decay"]},{"damage_healed":0,"gold_gain":0,"player_choice":"Ignored","damage_taken":0,"max_hp_gain":0,"max_hp_loss":0,"event_name":"Beggar","floor":22,"gold_loss":0},{"damage_healed":0,"gold_gain":0,"player_choice":"Ignored","damage_taken":0,"max_hp_gain":0,"max_hp_loss":0,"event_name":"Ghosts","floor":29,"gold_loss":0},{"damage_healed":0,"gold_gain":0,"player_choice":"Bought 1 Potion","damage_taken":0,"max_hp_gain":0,"max_hp_loss":0,"event_name":"The Woman in Blue","floor":30,"gold_loss":0},{"damage_healed":0,"gold_gain":0,"player_choice":"Leave","damage_taken":0,"max_hp_gain":0,"max_hp_loss":0,"event_name":"FaceTrader","floor":36,"gold_loss":0}],"is_beta":false,"boss_relics":[{"not_picked":["Calling Bell","Empty Cage"],"picked":"Runic Dome"},{"not_picked":["Snecko Eye","Velvet Choker"],"picked":"Cursed Key"}],"items_purged_floors":[21],"is_endless":false,"potions_floor_spawned":[2,4,8,14,18,19,27,33,37,45,46],"ascension_level":18}