{"gold_per_floor":[19,19,19,35,48,48,75,75,127,162,174,206,246,270,282,389,401,429,453,465,0,20,20,20,51,74,92,118,118,135,135,135,135],"floor_reached":33,"playtime":2052,"items_purged":["Strike_G"],"score":529,"play_id":"a2e3d57d-8ed6-4fb8-adf3-44f04bb91e2b","local_time":"20190110173625","is_ascension_mode":true,"campfire_choices":[{"data":"Phantasmal Killer","floor":6,"key":"SMITH"},{"data":"Masterful Stab","floor":8,"key":"SMITH"},{"data":"All Out Attack","floor":11,"key":"SMITH"},{"data":"Well Laid Plans","floor":15,"key":"SMITH"},{"data":"Wraith Form v2","floor":23,"key":"SMITH"},{"data":"Ghostly","floor":32,"key":"SMITH"}],"neow_cost":"NO_GOLD","seed_source_timestamp":422408469237375,"circlet_count":0,"master_deck":["Defend_G","Defend_G","Defend_G","Defend_G+1","Strike_G","Strike_G","Survivor","Neutralize","Phantasmal Killer+1","Well Laid Plans+1","Blur+1","All Out Attack+1","Masterful Stab+1","Backflip","All Out Attack+1","Wraith Form v2+1","Backflip","Backstab+1","Adrenaline","Footwork","Ghostly+1","Ghostly","Ghostly","Ghostly","Ghostly","Bullet Time","Dagger Spray+1","RitualDagger+1","PiercingWail"],"relics":["Ring of the Snake","Anchor","MawBank","War Paint","Molten Egg 2","Empty Cage","Ninja Scroll","Bronze Scales","Potion Belt","Blood Vial","Singing Bowl"],"potions_floor_usage":[7,13,16,33,33],"damage_taken":[{"damage":3,"enemies":"2 Louse","floor":1,"turns":4},{"damage":0,"enemies":"Cultist","floor":4,"turns":4},{"damage":2,"enemies":"Small Slimes","floor":5,"turns":5},{"damage":47,"enemies":"Lagavulin","floor":7,"turns":10},{"damage":0,"enemies":"Red Slaver","floor":12,"turns":4},{"damage":0,"enemies":"3 Sentries","floor":13,"turns":5},{"damage":0,"enemies":"Lots of Slimes","floor":14,"turns":1},{"damage":0,"enemies":"The Guardian","floor":16,"turns":12},{"damage":0,"enemies":"2 Thieves","floor":18,"turns":3},{"damage":0,"enemies":"Chosen","floor":19,"turns":3},{"damage":10,"enemies":"Centurion and Healer","floor":22,"turns":9},{"damage":0,"enemies":"Book of Stabbing","floor":25,"turns":8},{"damage":7,"enemies":"Cultist and Chosen","floor":27,"turns":10},{"damage":0,"enemies":"Gremlin Leader","floor":28,"turns":7},{"damage":3,"enemies":"Snake Plant","floor":30,"turns":4},{"damage":45,"enemies":"Collector","floor":33,"turns":13}],"seed_played":"207745292160255506","potions_obtained":[{"floor":1,"key":"SkillPotion"},{"floor":7,"key":"Strength Potion"},{"floor":13,"key":"Swift Potion"},{"floor":14,"key":"GamblersBrew"},{"floor":19,"key":"GamblersBrew"},{"floor":30,"key":"Poison Potion"}],"is_trial":false,"path_per_floor":["M","$","?","M","M","R","E","R","T","T","R","M","E","M","R","B",null,"M","M","?","$","M","R","?","E","T","M","E","?","M","?","R","B"],"character_chosen":"THE_SILENT","items_purchased":["Adrenaline","Ninja Scroll","Footwork"],"campfire_rested":0,"item_purchase_floors":[21,21,21],"current_hp_per_floor":[67,67,67,67,65,65,18,18,18,18,18,18,18,18,18,18,70,70,70,70,70,60,60,35,35,35,28,28,22,21,21,21,0],"gold":135,"neow_bonus":"THREE_RARE_CARDS","is_prod":false,"is_daily":false,"chose_seed":false,"campfire_upgraded":6,"win_rate":0,"timestamp":1547141785,"path_taken":["M","$","?","?","M","R","E","R","T","?","R","?","E","M","R","BOSS","M","M","?","$","M","R","?","E","T","M","E","?","M","?","R","BOSS"],"build_version":"2019-01-03v4","purchased_purges":1,"victory":false,"max_hp_per_floor":[70,70,70,70,70,70,70,70,70,70,70,70,70,70,70,70,70,70,70,70,70,70,70,35,35,35,35,35,35,35,35,35,35],"card_choices":[{"not_picked":["Wraith Form v2","Venomology"],"picked":"Phantasmal Killer","floor":0},{"not_picked":["Bane","Underhanded Strike"],"picked":"Well Laid Plans","floor":1},{"not_picked":["Outmaneuver","Prepared"],"picked":"Blur","floor":4},{"not_picked":["Deflect","Expertise"],"picked":"All Out Attack","floor":5},{"not_picked":["Flying Knee","Deflect"],"picked":"Masterful Stab","floor":7},{"not_picked":["Flying Knee","Underhanded Strike"],"picked":"Backflip","floor":12},{"not_picked":["Underhanded Strike","Slice"],"picked":"All Out Attack","floor":13},{"not_picked":["Acrobatics","Accuracy","Choke+1"],"picked":"SKIP","floor":14},{"not_picked":["Burst","After Image"],"picked":"Wraith Form v2","floor":16},{"not_picked":["Finisher+1","Slice+1"],"picked":"Backflip","floor":18},{"not_picked":["Acrobatics","Infinite Blades","Quick Slash+1"],"picked":"SKIP","floor":19},{"not_picked":["Dagger Throw+1","Blade Dance","Backflip"],"picked":"SKIP","floor":22},{"not_picked":["Bouncing Flask+1","All Out Attack+1","Poisoned Stab+1"],"picked":"SKIP","floor":25},{"not_picked":["Cloak And Dagger","Dagger Throw+1"],"picked":"Bullet Time","floor":27},{"not_picked":["Backflip","Outmaneuver"],"picked":"Dagger Spray+1","floor":28},{"not_picked":["Underhanded Strike+1","Dagger Spray+1"],"picked":"PiercingWail","floor":30}],"player_experience":43802,"relics_obtained":[{"floor":7,"key":"Anchor"},{"floor":9,"key":"MawBank"},{"floor":10,"key":"War Paint"},{"floor":13,"key":"Molten Egg 2"},{"floor":25,"key":"Bronze Scales"},{"floor":26,"key":"Potion Belt"},{"floor":28,"key":"Blood Vial"}],"event_choices":[{"cards_removed":["Strike_G"],"damage_healed":0,"gold_gain":0,"player_choice":"Purged","damage_taken":0,"max_hp_gain":0,"max_hp_loss":0,"event_name":"Purifier","floor":3,"gold_loss":0},{"damage_healed":0,"gold_gain":0,"player_choice":"Read","damage_taken":0,"max_hp_gain":0,"max_hp_loss":0,"event_name":"The Library","floor":20,"gold_loss":0,"cards_obtained":["Backstab"]},{"damage_healed":0,"gold_gain":0,"player_choice":"Became a Ghost","damage_taken":0,"max_hp_gain":0,"max_hp_loss":35,"event_name":"Ghosts","floor":24,"gold_loss":0,"cards_obtained":["Ghostly","Ghostly","Ghostly","Ghostly","Ghostly"]},{"damage_healed":0,"gold_gain":0,"player_choice":"Joined the Cult","damage_taken":6,"max_hp_gain":0,"max_hp_loss":0,"event_name":"Nest","floor":29,"gold_loss":0,"cards_obtained":["RitualDagger"]},{"damage_healed":0,"gold_gain":0,"player_choice":"Gave Potion","damage_taken":0,"relics_obtained":["Singing Bowl"],"max_hp_gain":0,"max_hp_loss":0,"event_name":"WeMeetAgain","floor":31,"gold_loss":0}],"is_beta":false,"boss_relics":[{"not_picked":["Astrolabe","Calling Bell"],"picked":"Empty Cage"}],"items_purged_floors":[21],"is_endless":false,"potions_floor_spawned":[1,7,13,14,19,30],"killed_by":"Collector","ascension_level":4}