{"gold_per_floor":[109,126,175,100,113,113,146,146,171,171,171,190,202,202,202,281,281,291,262,312,34,34,34],"floor_reached":23,"playtime":651,"items_purged":[],"score":378,"play_id":"f4c5d6fd-741a-4397-bf5e-0fa2f98713fa","local_time":"20190429154052","is_ascension_mode":true,"campfire_choices":[{"data":"Zap","floor":6,"key":"SMITH"},{"floor":8,"key":"REST"},{"floor":10,"key":"REST"},{"data":"Aggregate","floor":15,"key":"SMITH"}],"neow_cost":"TEN_PERCENT_HP_LOSS","seed_source_timestamp":3638947998248851,"circlet_count":0,"master_deck":["AscendersBane","Strike_B","Strike_B","Strike_B","Defend_B","Defend_B","Defend_B","Defend_B","Zap+1","Dualcast","Ball Lightning","Reprogram","Chill","Sweeping Beam","Aggregate+1","Conserve Battery","Creative AI","Ball Lightning","FTL"],"relics":["Cracked Core","Unceasing Top","Boot","Potion Belt","Bag of Preparation","Inserter","Sling","MutagenicStrength"],"potions_floor_usage":[7,16,23,23,23],"damage_taken":[{"damage":7,"enemies":"Cultist","floor":1,"turns":4},{"damage":9,"enemies":"Small Slimes","floor":2,"turns":4},{"damage":1,"enemies":"2 Louse","floor":5,"turns":3},{"damage":37,"enemies":"Gremlin Nob","floor":7,"turns":4},{"damage":3,"enemies":"Exordium Wildlife","floor":12,"turns":3},{"damage":0,"enemies":"Looter","floor":13,"turns":3},{"damage":32,"enemies":"Slime Boss","floor":16,"turns":12},{"damage":38,"enemies":"3 Byrds","floor":18,"turns":5},{"damage":14,"enemies":"2 Thieves","floor":19,"turns":4},{"damage":8,"enemies":"Book of Stabbing","floor":23,"turns":1}],"seed_played":"3108736730846640911","potions_obtained":[{"floor":1,"key":"Dexterity Potion"},{"floor":2,"key":"GamblersBrew"},{"floor":7,"key":"Explosive Potion"},{"floor":18,"key":"Strength Potion"}],"is_trial":false,"path_per_floor":["M","M","T","?","M","R","E","R","T","R","?","M","M","?","R","B",null,"M","M","?","$","?","E"],"character_chosen":"DEFECT","items_purchased":["PowerPotion","Sling"],"campfire_rested":2,"item_purchase_floors":[21,21],"current_hp_per_floor":[57,48,48,48,47,47,10,29,29,48,48,45,45,50,50,18,56,18,4,4,4,4,0],"gold":34,"neow_bonus":"ONE_RARE_RELIC","is_prod":false,"is_daily":false,"chose_seed":false,"campfire_upgraded":2,"win_rate":0,"timestamp":1556548852,"path_taken":["M","M","?","?","M","R","E","R","T","R","?","M","?","?","R","BOSS","M","M","?","$","?","E"],"build_version":"2019-01-23","purchased_purges":0,"victory":false,"max_hp_per_floor":[64,64,64,64,64,64,64,64,64,64,64,64,64,69,69,69,69,69,69,69,69,69,69],"card_choices":[{"not_picked":["Reinforced Body","Rebound"],"picked":"Ball Lightning","floor":1},{"not_picked":["Aggregate","Rebound"],"picked":"Reprogram","floor":2},{"not_picked":["Leap","Sweeping Beam"],"picked":"Chill","floor":5},{"not_picked":["Rebound","Storm"],"picked":"Sweeping Beam","floor":7},{"not_picked":["Blizzard","Go for the Eyes"],"picked":"Aggregate","floor":12},{"not_picked":["Rebound","Redo"],"picked":"Conserve Battery","floor":13},{"not_picked":["Hyperbeam","Buffer"],"picked":"Creative AI","floor":16},{"not_picked":["Capacitor","Conserve Battery"],"picked":"Ball Lightning","floor":18},{"not_picked":["Fusion","Consume"],"picked":"FTL","floor":19}],"player_experience":729268,"relics_obtained":[{"floor":3,"key":"Boot"},{"floor":7,"key":"Potion Belt"},{"floor":9,"key":"Bag of Preparation"}],"event_choices":[{"cards_removed":["Strike_B"],"damage_healed":0,"gold_gain":0,"player_choice":"Card Removal","damage_taken":0,"max_hp_gain":0,"max_hp_loss":0,"event_name":"The Cleric","floor":4,"gold_loss":75},{"damage_healed":0,"gold_gain":0,"player_choice":"Ignored","damage_taken":0,"max_hp_gain":0,"max_hp_loss":0,"event_name":"Liars Game","floor":11,"gold_loss":0},{"damage_healed":0,"gold_gain":0,"player_choice":"Donut","damage_taken":0,"max_hp_gain":5,"max_hp_loss":0,"event_name":"Big Fish","floor":14,"gold_loss":0},{"damage_healed":0,"gold_gain":50,"player_choice":"Stole From Cult","damage_taken":0,"max_hp_gain":0,"max_hp_loss":0,"event_name":"Nest","floor":20,"gold_loss":0},{"damage_healed":0,"gold_gain":0,"player_choice":"Inject Mutagens","damage_taken":0,"relics_obtained":["MutagenicStrength"],"max_hp_gain":0,"max_hp_loss":0,"event_name":"Drug Dealer","floor":22,"gold_loss":0}],"is_beta":false,"boss_relics":[{"not_picked":["Black Star","Runic Pyramid"],"picked":"Inserter"}],"items_purged_floors":[],"is_endless":false,"potions_floor_spawned":[1,2,7,18],"killed_by":"Book of Stabbing","ascension_level":20}