{"gold_per_floor":[20,30,48,65,75,100,29,29,29,29,29,64,83,95,95,196,196,212,228,84,184,184,184,210,210,210,239,239,239,258,270,270,366,366,378,389,408,177,195,228,228,554,554,554,565,0,50,61,61,61],"floor_reached":51,"playtime":2583,"items_purged":["Strike_R","Strike_R+1"],"score":859,"play_id":"0b147936-d988-46e4-81b0-16eba5e21f51","local_time":"20190430101910","is_ascension_mode":false,"campfire_choices":[{"data":"Armaments","floor":8,"key":"SMITH"},{"data":"Shockwave","floor":10,"key":"SMITH"},{"data":"Blood for Blood","floor":15,"key":"SMITH"},{"data":"Clothesline","floor":23,"key":"SMITH"},{"data":"Bash","floor":25,"key":"SMITH"},{"floor":29,"key":"DIG"},{"floor":32,"key":"DIG"},{"floor":41,"key":"DIG"},{"data":"Fiend Fire","floor":44,"key":"SMITH"},{"floor":49,"key":"DIG"}],"neow_cost":"NO_GOLD","seed_source_timestamp":1551738129671000,"circlet_count":0,"master_deck":["Strike_R+1","Strike_R+1","Defend_R+1","Defend_R+1","Defend_R+1","Defend_R+1","Bash+1","Reaper","Pommel Strike","Iron Wave","Shockwave+1","Shrug It Off","Armaments+1","Rampage","True Grit","Shrug It Off","Blood for Blood+1","Shrug It Off","Feel No Pain+1","Juggernaut+1","Clothesline+1","Wild Strike+1","Combust+1","Power Through+1","Anger+1","Disarm+1","Fiend Fire+1","Corruption+1","Warcry+1","Spot Weakness+1","Shrug It Off","Spot Weakness+1"],"relics":["Burning Blood","Mummified Hand","Ornamental Fan","Frozen Egg 2","Busted Crown","Shovel","Meat on the Bone","Paper Frog","Bag of Preparation","Nunchaku","Boot","Oddly Smooth Stone","Lizard Tail","Bronze Scales","Red Skull","Old Coin","Mercury Hourglass","Red Mask","Du-Vu Doll","Vajra"],"potions_floor_usage":[21,33,33,42,42,50,50,50],"damage_taken":[{"damage":1,"enemies":"Cultist","floor":1,"turns":4},{"damage":0,"enemies":"Small Slimes","floor":2,"turns":4},{"damage":2,"enemies":"2 Louse","floor":3,"turns":4},{"damage":49,"enemies":"Exordium Thugs","floor":4,"turns":8},{"damage":3,"enemies":"3 Louse","floor":5,"turns":5},{"damage":10,"enemies":"Lagavulin","floor":6,"turns":10},{"damage":18,"enemies":"Gremlin Nob","floor":12,"turns":4},{"damage":4,"enemies":"Looter","floor":13,"turns":4},{"damage":13,"enemies":"Exordium Thugs","floor":14,"turns":5},{"damage":14,"enemies":"The Guardian","floor":16,"turns":11},{"damage":4,"enemies":"3 Byrds","floor":18,"turns":6},{"damage":5,"enemies":"Chosen","floor":19,"turns":4},{"damage":17,"enemies":"Colosseum Slavers","floor":21,"turns":6},{"damage":3,"enemies":"Colosseum Nobs","floor":21,"turns":7},{"damage":10,"enemies":"Book of Stabbing","floor":24,"turns":5},{"damage":11,"enemies":"Gremlin Leader","floor":27,"turns":6},{"damage":7,"enemies":"Shelled Parasite and Fungi","floor":30,"turns":4},{"damage":0,"enemies":"Centurion and Healer","floor":31,"turns":5},{"damage":17,"enemies":"Automaton","floor":33,"turns":8},{"damage":3,"enemies":"3 Darklings","floor":35,"turns":3},{"damage":3,"enemies":"Orb Walker","floor":36,"turns":3},{"damage":2,"enemies":"4 Shapes","floor":37,"turns":3},{"damage":5,"enemies":"3 Darklings","floor":39,"turns":5},{"damage":2,"enemies":"Nemesis","floor":40,"turns":5},{"damage":2,"enemies":"Reptomancer","floor":42,"turns":6},{"damage":0,"enemies":"Jaw Worm Horde","floor":45,"turns":4},{"damage":25,"enemies":"2 Orb Walkers","floor":47,"turns":5},{"damage":2,"enemies":"4 Shapes","floor":48,"turns":4},{"damage":42,"enemies":"Awakened One","floor":50,"turns":10}],"seed_played":"-6358549388384714106","potions_obtained":[{"floor":1,"key":"Block Potion"},{"floor":2,"key":"Energy Potion"},{"floor":6,"key":"FearPotion"},{"floor":24,"key":"Dexterity Potion"},{"floor":39,"key":"GamblersBrew"},{"floor":45,"key":"Weak Potion"},{"floor":47,"key":"Regen Potion"}],"is_trial":false,"path_per_floor":["M","M","M","M","M","E","$","R","T","R","?","E","M","M","R","B",null,"M","M","$","?","?","R","E","R","T","E","?","R","M","M","R","B",null,"M","M","M","$","M","E","R","E","T","R","M","?","?","M","R","B",null],"character_chosen":"IRONCLAD","items_purchased":["True Grit","Shrug It Off","Combust+1","Corruption+1","Strength Potion"],"campfire_rested":0,"item_purchase_floors":[7,7,20,38,38],"current_hp_per_floor":[80,80,80,43,55,51,51,51,51,51,51,39,47,45,45,37,80,80,80,80,78,78,78,79,79,79,80,80,80,80,80,80,76,80,80,80,80,80,80,80,80,80,80,80,80,80,73,77,77,75],"gold":61,"neow_bonus":"THREE_RARE_CARDS","is_prod":false,"is_daily":false,"chose_seed":false,"campfire_upgraded":6,"win_rate":1,"timestamp":1556644750,"path_taken":["M","?","M","M","M","E","$","R","T","R","?","E","M","M","R","BOSS","M","?","$","?","?","R","E","R","T","E","?","R","M","M","R","BOSS","M","M","M","$","M","E","R","E","T","R","M","?","?","M","R","BOSS"],"build_version":"2019-01-23","purchased_purges":2,"victory":true,"max_hp_per_floor":[80,80,80,80,80,80,80,80,80,80,80,80,80,80,80,80,80,80,80,80,80,80,80,80,80,80,80,80,80,80,80,80,80,80,80,80,80,80,80,80,80,80,80,80,80,80,80,80,80,80],"card_choices":[{"not_picked":["Fiend Fire","Barricade"],"picked":"Reaper","floor":0},{"not_picked":["Evolve","Dual Wield"],"picked":"Pommel Strike","floor":1},{"not_picked":["Second Wind","Evolve"],"picked":"Iron Wave","floor":2},{"not_picked":["Dropkick","Burning Pact"],"picked":"Shockwave","floor":3},{"not_picked":["Combust","Battle Trance"],"picked":"Shrug It Off","floor":4},{"not_picked":["Body Slam","Ghostly Armor"],"picked":"Armaments","floor":5},{"not_picked":["Twin Strike","Sword Boomerang"],"picked":"Rampage","floor":6},{"not_picked":["Dropkick","Havoc","Perfected Strike"],"picked":"SKIP","floor":12},{"not_picked":["Havoc","Second Wind"],"picked":"Shrug It Off","floor":13},{"not_picked":["Twin Strike","Armaments"],"picked":"Feel No Pain+1","floor":14},{"not_picked":["Fiend Fire","Double Tap"],"picked":"Juggernaut+1","floor":16},{"not_picked":[],"picked":"Clothesline","floor":18},{"not_picked":[],"picked":"Wild Strike+1","floor":19},{"not_picked":[],"picked":"Power Through+1","floor":24},{"not_picked":[],"picked":"Anger+1","floor":27},{"not_picked":["Pommel Strike"],"picked":"SKIP","floor":30},{"not_picked":[],"picked":"Disarm+1","floor":31},{"not_picked":[],"picked":"Fiend Fire","floor":33},{"not_picked":["Twin Strike+1"],"picked":"SKIP","floor":35},{"not_picked":["Pummel+1"],"picked":"SKIP","floor":36},{"not_picked":["Thunderclap+1"],"picked":"SKIP","floor":37},{"not_picked":[],"picked":"Warcry+1","floor":39},{"not_picked":[],"picked":"Spot Weakness+1","floor":40},{"not_picked":["Reckless Charge"],"picked":"SKIP","floor":42},{"not_picked":[],"picked":"Shrug It Off","floor":45},{"not_picked":[],"picked":"Spot Weakness+1","floor":47},{"not_picked":["Wild Strike+1"],"picked":"SKIP","floor":48}],"player_experience":677118,"relics_obtained":[{"floor":6,"key":"Mummified Hand"},{"floor":9,"key":"Ornamental Fan"},{"floor":12,"key":"Frozen Egg 2"},{"floor":21,"key":"Shovel"},{"floor":21,"key":"Meat on the Bone"},{"floor":24,"key":"Paper Frog"},{"floor":26,"key":"Bag of Preparation"},{"floor":27,"key":"Nunchaku"},{"floor":29,"key":"Boot"},{"floor":32,"key":"Oddly Smooth Stone"},{"floor":40,"key":"Bronze Scales"},{"floor":41,"key":"Red Skull"},{"floor":42,"key":"Old Coin"},{"floor":43,"key":"Mercury Hourglass"},{"floor":47,"key":"Du-Vu Doll"},{"floor":49,"key":"Vajra"}],"event_choices":[{"damage_healed":0,"gold_gain":0,"cards_transformed":["Strike_R"],"player_choice":"Transformed","damage_taken":0,"max_hp_gain":0,"max_hp_loss":0,"event_name":"Transmorgrifier","floor":11,"gold_loss":0,"cards_obtained":["Blood for Blood"]},{"damage_healed":0,"gold_gain":0,"player_choice":"Fight","damage_taken":0,"max_hp_gain":0,"max_hp_loss":0,"event_name":"Colosseum","floor":21,"gold_loss":0},{"damage_healed":0,"gold_gain":0,"player_choice":"Fought Nobs","damage_taken":0,"max_hp_gain":0,"max_hp_loss":0,"event_name":"Colosseum","floor":21,"gold_loss":0},{"damage_healed":0,"gold_gain":0,"player_choice":"Simplicity","damage_taken":0,"max_hp_gain":0,"max_hp_loss":0,"event_name":"Back to Basics","floor":22,"gold_loss":0,"cards_upgraded":["Strike_R","Strike_R","Strike_R","Defend_R","Defend_R","Defend_R","Defend_R"]},{"damage_healed":0,"gold_gain":0,"player_choice":"Ignored","damage_taken":0,"max_hp_gain":0,"max_hp_loss":0,"event_name":"Ghosts","floor":28,"gold_loss":0},{"damage_healed":0,"gold_gain":0,"player_choice":"Paid","damage_taken":0,"relics_obtained":["Red Mask"],"max_hp_gain":0,"max_hp_loss":0,"event_name":"Tomb of Lord Red Mask","floor":46,"gold_loss":565},{"damage_healed":0,"gold_gain":0,"player_choice":"Fight","damage_taken":0,"max_hp_gain":0,"max_hp_loss":0,"event_name":"Mysterious Sphere","floor":47,"gold_loss":0}],"is_beta":false,"boss_relics":[{"not_picked":["Runic Pyramid","Calling Bell"],"picked":"Busted Crown"},{"not_picked":["Astrolabe","Pandora\u0027s Box"],"picked":"Lizard Tail"}],"items_purged_floors":[20,38],"is_endless":false,"potions_floor_spawned":[1,2,6,12,14,16,19,21,24,30,39,45,47],"ascension_level":0}