{"gold_per_floor":[116,116,116,136,159,195,67,83,83,34,55,96,96,96,96,216,216,239,82,82,3,3,3,47,47,95,107,19,43,59,82,82,82],"floor_reached":33,"playtime":1322,"items_purged":["Injury","Noxious Fumes"],"score":369,"play_id":"af8876bc-8d5e-4917-a3cb-a7e1aee695d1","local_time":"20190113210529","is_ascension_mode":true,"campfire_choices":[{"floor":13,"key":"REST"},{"data":"Backstab","floor":15,"key":"SMITH"},{"data":"Glass Knife","floor":23,"key":"SMITH"},{"data":"Dodge and Roll","floor":25,"key":"SMITH"},{"data":"Phantasmal Killer","floor":32,"key":"SMITH"}],"neow_cost":"NONE","seed_source_timestamp":1654459001418339,"circlet_count":0,"master_deck":["Survivor","Neutralize","Quick Slash","Sucker Punch","Footwork","Backstab+1","Dagger Spray","Masterful Stab","Flying Knee","Die Die Die","Venomology","Phantasmal Killer+1","Expertise","Crippling Poison","Glass Knife+1","Riddle With Holes","Dodge and Roll+1","Concentrate","Cloak And Dagger+1","Expertise","All Out Attack","Leg Sweep","Backstab+1","Riddle With Holes+1","Setup"],"special_seed":0,"relics":["Ring of the Snake","Anchor","Golden Idol","CultistMask","Letter Opener","Bottled Flame","Pantograph","Meat on the Bone","Pandora\u0027s Box","Strawberry","Happy Flower","MawBank"],"potions_floor_usage":[6,16,16,24,24,33,33,33,33],"damage_taken":[{"damage":0.0,"enemies":"Cultist","floor":1.0,"turns":3.0},{"damage":0,"enemies":"Small Slimes","floor":4,"turns":3},{"damage":0,"enemies":"Jaw Worm","floor":5,"turns":4},{"damage":34,"enemies":"3 Sentries","floor":6,"turns":9},{"damage":2,"enemies":"Exordium Thugs","floor":8,"turns":5},{"damage":0,"enemies":"2 Fungi Beasts","floor":11,"turns":2},{"damage":11,"enemies":"Gremlin Nob","floor":12,"turns":4},{"damage":58,"enemies":"The Guardian","floor":16,"turns":19},{"damage":0,"enemies":"Chosen","floor":18,"turns":4},{"damage":33,"enemies":"Book of Stabbing","floor":24,"turns":4},{"damage":0,"enemies":"3 Byrds","floor":29,"turns":2},{"damage":4,"enemies":"3 Cultists","floor":30,"turns":4},{"damage":0,"enemies":"Sentry and Sphere","floor":31,"turns":2},{"damage":85,"enemies":"Champ","floor":33,"turns":12}],"seed_played":"-8261292937567975808","potions_obtained":[{"floor":1.0,"key":"Strength Potion"},{"floor":4,"key":"PowerPotion"},{"floor":6,"key":"SpeedPotion"},{"floor":16,"key":"SteroidPotion"},{"floor":18,"key":"SpeedPotion"},{"floor":24,"key":"SpeedPotion"}],"is_trial":false,"path_per_floor":["M","?","?","M","M","E","$","M","T","$","M","E","R","T","R","B",null,"M","$","?","$","?","R","E","R","T","?","$","M","M","M","R","B"],"character_chosen":"THE_SILENT","items_purchased":["Dagger Spray","AttackPotion","Strawberry","All Out Attack"],"campfire_rested":1,"item_purchase_floors":[7,10,19,21],"current_hp_per_floor":[63,63,63,63,63,29,29,27,27,27,27,16,37,37,37,16,57,57,64,64,64,55,55,46,46,46,46,46,46,42,42,42,0],"gold":82,"neow_bonus":"RANDOM_COMMON_RELIC","is_prod":false,"is_daily":false,"chose_seed":false,"campfire_upgraded":4,"win_rate":0,"timestamp":1547413529,"path_taken":["M","?","?","M","?","E","$","M","T","?","?","E","R","?","R","BOSS","M","$","?","?","?","R","E","R","T","?","$","?","M","M","R","BOSS"],"build_version":"2019-01-10","purchased_purges":2,"victory":false,"max_hp_per_floor":[70,70,70,70,70,70,70,70,70,70,70,70,70,70,70,70,70,70,77,77,77,77,77,77,77,77,77,77,77,77,77,77,77],"card_choices":[{"not_picked":["Accuracy","PiercingWail"],"picked":"Quick Slash","floor":1.0},{"not_picked":["Calculated Gamble","Prepared"],"picked":"Sucker Punch","floor":4},{"not_picked":["Poisoned Stab","Tactician"],"picked":"Footwork","floor":5},{"not_picked":["Doppelganger","Poisoned Stab"],"picked":"Backstab","floor":6},{"not_picked":["Poisoned Stab","Choke"],"picked":"Masterful Stab","floor":8},{"not_picked":["Expertise","Underhanded Strike"],"picked":"Flying Knee","floor":11},{"not_picked":["Dodge and Roll","Flying Knee","Blade Dance"],"picked":"SKIP","floor":12},{"not_picked":["Night Terror","Venomology"],"picked":"Die Die Die","floor":16},{"not_picked":["Endless Agony","Leg Sweep+1"],"picked":"Cloak And Dagger+1","floor":18},{"not_picked":["Slice","Prepared"],"picked":"Leg Sweep","floor":24},{"not_picked":["Outmaneuver","Slice"],"picked":"Riddle With Holes+1","floor":29},{"not_picked":["Cloak And Dagger","Bouncing Flask","Crippling Poison"],"picked":"SKIP","floor":30},{"not_picked":["Bane+1","Prepared"],"picked":"Setup","floor":31}],"player_experience":261322,"relics_obtained":[{"floor":6,"key":"Letter Opener"},{"floor":9,"key":"Bottled Flame"},{"floor":12,"key":"Pantograph"},{"floor":14,"key":"Meat on the Bone"},{"floor":24,"key":"Happy Flower"},{"floor":26,"key":"MawBank"}],"event_choices":[{"damage_healed":0.0,"max_hp_gain":0.0,"max_hp_loss":0.0,"gold_gain":0.0,"event_name":"Golden Idol","player_choice":"Take Wound","floor":2.0,"gold_loss":0.0,"damage_taken":0.0,"relics_obtained":["Golden Idol"],"cards_obtained":["Injury"]},{"damage_healed":0,"gold_gain":0,"player_choice":"Trade","damage_taken":0,"relics_obtained":["CultistMask"],"max_hp_gain":0,"max_hp_loss":0,"event_name":"FaceTrader","floor":3,"gold_loss":0},{"damage_healed":0,"gold_gain":0,"cards_transformed":["Catalyst"],"player_choice":"Transformed","damage_taken":0,"max_hp_gain":0,"max_hp_loss":0,"event_name":"Transmorgrifier","floor":20,"gold_loss":0,"cards_obtained":["Expertise"]},{"damage_healed":0,"gold_gain":0,"player_choice":"Stopped","damage_taken":9,"max_hp_gain":0,"max_hp_loss":0,"event_name":"Cursed Tome","floor":22,"gold_loss":0},{"damage_healed":0,"gold_gain":0,"player_choice":"Copied","damage_taken":0,"max_hp_gain":0,"max_hp_loss":0,"event_name":"Duplicator","floor":27,"gold_loss":0,"cards_obtained":["Backstab"]}],"is_beta":false,"boss_relics":[{"not_picked":["Lizard Tail","Coffee Dripper"],"picked":"Pandora\u0027s Box"}],"items_purged_floors":[7,28],"is_endless":false,"potions_floor_spawned":[1,4,6,16,18,24,31],"killed_by":"Champ","ascension_level":7}