{"gold_per_floor":[213,232,245,43,59,59,89,89,136,153,153,170,21,21,21,119,119,129,54,65,83,100,100,118,153,199,210,210],"floor_reached":28,"playtime":2932,"items_purged":["Strike_B"],"score":338,"play_id":"92512009-dae1-4609-9141-cbe6d125eaff","local_time":"20181219121304","is_ascension_mode":true,"campfire_choices":[{"data":"Dualcast","floor":6,"key":"SMITH"},{"floor":8,"key":"REST"},{"data":"Glacier","floor":11,"key":"SMITH"},{"floor":15,"key":"REST"},{"floor":23,"key":"REST"}],"neow_cost":"NONE","seed_source_timestamp":39576119028327,"circlet_count":0,"master_deck":["Strike_B","Strike_B","Strike_B","Defend_B","Defend_B","Defend_B","Defend_B","Zap","Dualcast+1","Genetic Algorithm","Glacier+1","Ball Lightning","Melter","Hologram","Hello World+1","Compile Driver","Streamline","Defragment+1","Sunder","Multi-Cast","Doubt","Pain","Loop+1","White Noise","Conserve Battery+1","Leap+1","Self Repair+1","Electrodynamics+1"],"relics":["Cracked Core","Frozen Egg 2","Bag of Preparation","Calling Bell","Strawberry","Gremlin Horn","Torii","PreservedInsect","Happy Flower"],"potions_floor_usage":[21,25,25,25,25,25,25,27],"damage_taken":[{"damage":1,"enemies":"Cultist","floor":1,"turns":3},{"damage":2,"enemies":"Jaw Worm","floor":2,"turns":3},{"damage":14,"enemies":"Small Slimes","floor":3,"turns":3},{"damage":6,"enemies":"Looter","floor":5,"turns":3},{"damage":33,"enemies":"Gremlin Nob","floor":7,"turns":5},{"damage":11,"enemies":"Exordium Thugs","floor":10,"turns":4},{"damage":3,"enemies":"3 Louse","floor":12,"turns":5},{"damage":0,"enemies":"The Guardian","floor":16,"turns":11},{"damage":16,"enemies":"3 Byrds","floor":18,"turns":4},{"damage":5,"enemies":"Chosen","floor":20,"turns":7},{"damage":22,"enemies":"Centurion and Healer","floor":21,"turns":7},{"damage":17,"enemies":"Snecko","floor":22,"turns":7},{"damage":14,"enemies":"Snake Plant","floor":24,"turns":3},{"damage":29,"enemies":"Gremlin Leader","floor":25,"turns":7},{"damage":9,"enemies":"Cultist and Chosen","floor":27,"turns":4},{"damage":21,"enemies":"Slavers","floor":28,"turns":1}],"seed_played":"955645025533656861","potions_obtained":[{"floor":1,"key":"Dexterity Potion"},{"floor":7,"key":"EntropicBrew"},{"floor":16,"key":"Fire Potion"},{"floor":22,"key":"Ancient Potion"},{"floor":25,"key":"EssenceOfSteel"}],"is_trial":false,"path_per_floor":["M","M","M","$","M","R","E","R","T","M","R","M","$","?","R","B",null,"M","?","M","M","M","R","M","E","T","M","E"],"character_chosen":"DEFECT","items_purchased":["Melter","Hologram","Defragment+1","Sunder"],"campfire_rested":3,"item_purchase_floors":[4,4,13,13],"current_hp_per_floor":[74,72,58,58,52,52,19,41,41,30,30,27,27,27,49,49,82,66,66,61,39,22,46,32,13,13,14,0],"gold":210,"neow_bonus":"HUNDRED_GOLD","is_prod":false,"is_daily":false,"chose_seed":false,"campfire_upgraded":2,"win_rate":0,"timestamp":1545243184,"path_taken":["M","M","M","?","M","R","E","R","T","M","R","M","$","?","R","BOSS","M","?","M","M","M","R","M","E","T","M","E"],"build_version":"2018-12-13","purchased_purges":1,"victory":false,"max_hp_per_floor":[75,75,75,75,75,75,75,75,75,75,75,75,75,75,75,75,82,82,82,82,82,82,82,82,82,82,82,82],"card_choices":[{"not_picked":["Coolheaded","Turbo"],"picked":"Genetic Algorithm","floor":1},{"not_picked":["Coolheaded","Stack"],"picked":"Glacier","floor":2},{"not_picked":["Chaos","Scrape"],"picked":"Ball Lightning","floor":3},{"not_picked":["Compile Driver","Biased Cognition","Barrage"],"picked":"SKIP","floor":5},{"not_picked":["Reprogram","Gash"],"picked":"Hello World","floor":7},{"not_picked":["Turbo","Coolheaded"],"picked":"Compile Driver","floor":10},{"not_picked":["Ball Lightning","Compile Driver"],"picked":"Streamline","floor":12},{"not_picked":["Meteor Strike","Hyperbeam"],"picked":"Multi-Cast","floor":16},{"not_picked":["Self Repair+1","Redo"],"picked":"Loop+1","floor":18},{"not_picked":["Ball Lightning","Leap"],"picked":"White Noise","floor":20},{"not_picked":["Static Discharge+1","Cold Snap"],"picked":"Conserve Battery+1","floor":21},{"not_picked":["Scrape","Conserve Battery"],"picked":"Leap+1","floor":22},{"not_picked":["Ball Lightning","Reinforced Body+1"],"picked":"Self Repair+1","floor":24},{"not_picked":["Auto Shields+1","Go for the Eyes"],"picked":"Electrodynamics+1","floor":25},{"not_picked":["Coolheaded+1","Darkness","Steam"],"picked":"SKIP","floor":27}],"player_experience":251249,"relics_obtained":[{"floor":7,"key":"Frozen Egg 2"},{"floor":9,"key":"Bag of Preparation"},{"floor":17,"key":"Strawberry"},{"floor":17,"key":"Gremlin Horn"},{"floor":17,"key":"Torii"},{"floor":25,"key":"PreservedInsect"},{"floor":26,"key":"Happy Flower"}],"event_choices":[{"damage_healed":0,"gold_gain":0,"player_choice":"Ignored","damage_taken":0,"max_hp_gain":0,"max_hp_loss":0,"event_name":"Liars Game","floor":14,"gold_loss":0},{"cards_removed":["Normality"],"damage_healed":0,"gold_gain":0,"player_choice":"Gave Gold","damage_taken":0,"max_hp_gain":0,"max_hp_loss":0,"event_name":"Beggar","floor":19,"gold_loss":75}],"is_beta":false,"boss_relics":[{"not_picked":["Lizard Tail","Snecko Eye"],"picked":"Calling Bell"}],"items_purged_floors":[4],"is_endless":false,"potions_floor_spawned":[1,7,16,18,22,24,25],"killed_by":"Slavers","ascension_level":3}