{"gold_per_floor":[119,119,132,6,6,40,59,59,59,91,156,168,180,225,237,380,392,419,33,57,78,101,101,137,137],"floor_reached":25,"playtime":1048,"items_purged":["Strike_G","Defend_G"],"score":356,"play_id":"70611d01-5a17-4aa5-947c-27bdfc2c8909","local_time":"20190113214005","is_ascension_mode":true,"campfire_choices":[{"floor":8,"key":"REST"},{"data":"Catalyst","floor":15,"key":"SMITH"},{"floor":23,"key":"REST"}],"neow_cost":"NONE","seed_source_timestamp":1656854519402900,"circlet_count":0,"master_deck":["Defend_G+1","Defend_G","Strike_G+1","Strike_G+1","Survivor","Neutralize","Cloak And Dagger+1","Deflect+1","Deadly Poison+1","Poisoned Stab+1","Dagger Spray","Acrobatics+1","Noxious Fumes","Bane","Bane","Catalyst+1","Corpse Explosion","Crippling Poison","Deflect","Prepared+1","Deadly Poison","Bane"],"relics":["Astrolabe","Pear","Question Card","Whetstone","Tough Bandages","MawBank","Golden Idol","CultistMask","Anchor","Empty Cage","Oddly Smooth Stone","War Paint","Ornamental Fan"],"potions_floor_usage":[24,24,25,25],"damage_taken":[{"damage":0,"enemies":"Cultist","floor":1,"turns":3},{"damage":0,"enemies":"Jaw Worm","floor":3,"turns":3},{"damage":23,"enemies":"Gremlin Nob","floor":6,"turns":4},{"damage":0,"enemies":"Small Slimes","floor":7,"turns":3},{"damage":9,"enemies":"Lagavulin","floor":10,"turns":5},{"damage":26,"enemies":"Lagavulin Event","floor":11,"turns":4},{"damage":10,"enemies":"3 Sentries","floor":14,"turns":7},{"damage":7,"enemies":"Hexaghost","floor":16,"turns":6},{"damage":12,"enemies":"Shell Parasite","floor":18,"turns":5},{"damage":9,"enemies":"2 Thieves","floor":20,"turns":2},{"damage":15,"enemies":"Centurion and Healer","floor":21,"turns":3},{"damage":6,"enemies":"Snake Plant","floor":22,"turns":4},{"damage":43,"enemies":"Gremlin Leader","floor":24,"turns":9},{"damage":8,"enemies":"Sentry and Sphere","floor":25,"turns":3}],"seed_played":"1492903735073969462","potions_obtained":[{"floor":7,"key":"Swift Potion"},{"floor":11,"key":"Strength Potion"},{"floor":14,"key":"Weak Potion"},{"floor":24,"key":"Poison Potion"}],"is_trial":false,"path_per_floor":["M","?","M","$","?","E","M","R","T","E","?","?","?","E","R","B",null,"M","$","M","M","M","R","E","M"],"character_chosen":"THE_SILENT","items_purchased":["Acrobatics","Oddly Smooth Stone","War Paint"],"campfire_rested":2,"item_purchase_floors":[4,19,19],"current_hp_per_floor":[63,63,63,63,70,47,47,71,71,62,36,36,36,26,26,19,65,53,53,44,29,23,47,4,0],"gold":137,"neow_bonus":"BOSS_RELIC","is_prod":false,"is_daily":false,"chose_seed":false,"campfire_upgraded":1,"win_rate":0,"timestamp":1547415605,"path_taken":["M","?","M","$","?","E","M","R","T","E","?","?","?","E","R","BOSS","M","$","M","M","M","R","E","M"],"build_version":"2019-01-10","purchased_purges":2,"victory":false,"max_hp_per_floor":[70,70,70,70,80,80,80,80,80,80,80,80,80,80,80,80,80,80,80,80,80,80,80,80,80],"card_choices":[{"not_picked":["Outmaneuver","Underhanded Strike"],"picked":"Poisoned Stab","floor":1},{"not_picked":["Footwork","Tactician"],"picked":"Dagger Spray","floor":3},{"not_picked":["Footwork","Blade Dance"],"picked":"Noxious Fumes","floor":6},{"not_picked":["Dodge and Roll","Deflect","Heel Hook","Cloak And Dagger"],"picked":"SKIP","floor":7},{"not_picked":["Cloak And Dagger","Crippling Poison","Grand Finale"],"picked":"Bane","floor":10},{"not_picked":["Dodge and Roll","PiercingWail","Bouncing Flask"],"picked":"Bane","floor":11},{"not_picked":["Heel Hook","PiercingWail","Eviscerate"],"picked":"Catalyst","floor":14},{"not_picked":["Wraith Form v2","Adrenaline","Phantasmal Killer"],"picked":"Corpse Explosion","floor":16},{"not_picked":["Leg Sweep","Acrobatics","Dagger Spray+1"],"picked":"Crippling Poison","floor":18},{"not_picked":["Eviscerate","Noxious Fumes","Backflip"],"picked":"Deflect","floor":20},{"not_picked":["Skewer","Dodge and Roll","Acrobatics+1"],"picked":"Prepared+1","floor":21},{"not_picked":["Cloak And Dagger","Prepared","Poisoned Stab"],"picked":"Deadly Poison","floor":22},{"not_picked":["Outmaneuver","Die Die Die","Acrobatics"],"picked":"Bane","floor":24}],"player_experience":263646,"relics_obtained":[{"floor":6,"key":"Question Card"},{"floor":9,"key":"Whetstone"},{"floor":10,"key":"Tough Bandages"},{"floor":11,"key":"MawBank"},{"floor":14,"key":"Anchor"},{"floor":24,"key":"Ornamental Fan"}],"event_choices":[{"damage_healed":0,"gold_gain":0,"player_choice":"Grow","damage_taken":0,"max_hp_gain":0,"max_hp_loss":0,"event_name":"Living Wall","floor":2,"gold_loss":0,"cards_upgraded":["Poisoned Stab"]},{"damage_healed":0,"gold_gain":0,"player_choice":"Success","damage_taken":3,"relics_obtained":["Pear"],"max_hp_gain":0,"max_hp_loss":0,"event_name":"Scrap Ooze","floor":5,"gold_loss":0},{"damage_healed":0,"gold_gain":0,"player_choice":"Searched \u00271\u0027 times","damage_taken":0,"max_hp_gain":0,"max_hp_loss":0,"event_name":"Dead Adventurer","floor":11,"gold_loss":0},{"damage_healed":0,"gold_gain":0,"player_choice":"Take Wound","damage_taken":0,"relics_obtained":["Golden Idol"],"max_hp_gain":0,"max_hp_loss":0,"event_name":"Golden Idol","floor":12,"gold_loss":0,"cards_obtained":["Injury"]},{"damage_healed":0,"gold_gain":0,"player_choice":"Trade","damage_taken":0,"relics_obtained":["CultistMask"],"max_hp_gain":0,"max_hp_loss":0,"event_name":"FaceTrader","floor":13,"gold_loss":0}],"is_beta":false,"boss_relics":[{"not_picked":["White Beast Statue","Lizard Tail"],"picked":"Empty Cage"}],"items_purged_floors":[4,19],"is_endless":false,"potions_floor_spawned":[7,11,14,18,24],"killed_by":"Sentry and Sphere","ascension_level":7}