{"gold_per_floor":[117,42,59,134,134,134,147,191,218,218,237,237,237,273,273,398,398,418,418,43,66,81,112,112,156,210,225,248,248,284,297,297,417,417,442,455,455,455,475,508,508,547,547,562,602,602,616,616,616,616],"floor_reached":51,"playtime":6319,"items_purged":["Strike_G","Catalyst"],"score":923,"play_id":"5be3361f-adb6-40e7-876b-c432942e5210","local_time":"20180715040400","is_ascension_mode":true,"campfire_choices":[{"data":"Infinite Blades","floor":6,"key":"SMITH"},{"data":"Neutralize","floor":10,"key":"SMITH"},{"data":"Terror","floor":12,"key":"SMITH"},{"data":"Acrobatics","floor":15,"key":"SMITH"},{"data":"Calculated Gamble","floor":24,"key":"SMITH"},{"data":"Outmaneuver","floor":29,"key":"SMITH"},{"data":"Phantasmal Killer","floor":32,"key":"SMITH"},{"data":"Cloak And Dagger","floor":41,"key":"SMITH"},{"data":"Cloak And Dagger","floor":49,"key":"SMITH"}],"neow_cost":"NONE","seed_source_timestamp":193521320954056,"circlet_count":0,"master_deck":["Survivor","Neutralize+1","Escape Plan","Infinite Blades+1","Dagger Throw","Terror+1","Acrobatics+1","Die Die Die","Cloak And Dagger","Outmaneuver+1","Dodge and Roll","Prepared","Expertise","Reflex","Cloak And Dagger+1","Acrobatics+1","Prepared","Accuracy+1","Calculated Gamble+1","Footwork+1","Underhanded Strike","Cloak And Dagger+1","Escape Plan","Phantasmal Killer+1","Cloak And Dagger","A Thousand Cuts+1","Reflex+1","Terror+1","After Image+1","Acrobatics+1","Madness","Madness"],"relics":["Ring of the Snake","Golden Idol","Blood Vial","Bag of Preparation","Tough Bandages","Frozen Egg 2","Pandora\u0027s Box","TheAbacus","Strawberry","Unceasing Top","Bag of Marbles","Torii","Eternal Feather","Bronze Scales","Centennial Puzzle","Oddly Smooth Stone","Question Card","Singing Bowl"],"potions_floor_usage":[14,30,31,33,50,50,50],"damage_taken":[{"damage":0,"enemies":"Cultist","floor":1,"turns":5},{"damage":1,"enemies":"Jaw Worm","floor":3,"turns":8},{"damage":0,"enemies":"Small Slimes","floor":7,"turns":3},{"damage":12,"enemies":"3 Sentries","floor":8,"turns":10},{"damage":3,"enemies":"2 Fungi Beasts","floor":11,"turns":4},{"damage":0,"enemies":"Lagavulin","floor":14,"turns":5},{"damage":8,"enemies":"Hexaghost","floor":16,"turns":12},{"damage":0,"enemies":"Chosen","floor":18,"turns":5},{"damage":3,"enemies":"Spheric Guardian","floor":21,"turns":4},{"damage":16,"enemies":"Snecko","floor":22,"turns":5},{"damage":3,"enemies":"Gremlin Leader","floor":23,"turns":5},{"damage":0,"enemies":"Book of Stabbing","floor":25,"turns":6},{"damage":0,"enemies":"3 Cultists","floor":27,"turns":4},{"damage":0,"enemies":"Sentry and Sphere","floor":28,"turns":4},{"damage":0,"enemies":"Gremlin Leader","floor":30,"turns":5},{"damage":0,"enemies":"Snake Plant","floor":31,"turns":4},{"damage":29,"enemies":"Collector","floor":33,"turns":7},{"damage":0,"enemies":"Orb Walker","floor":35,"turns":3},{"damage":11,"enemies":"3 Darklings","floor":36,"turns":4},{"damage":1,"enemies":"Spire Growth","floor":39,"turns":4},{"damage":6,"enemies":"Nemesis","floor":40,"turns":7},{"damage":7,"enemies":"Giant Head","floor":42,"turns":4},{"damage":0,"enemies":"Transient","floor":44,"turns":5},{"damage":32,"enemies":"2 Orb Walkers","floor":45,"turns":5},{"damage":0,"enemies":"3 Darklings","floor":47,"turns":5},{"damage":2,"enemies":"Donu and Deca","floor":50,"turns":6}],"seed_played":"2688359238415202459","potions_obtained":[{"floor":3,"key":"FearPotion"},{"floor":11,"key":"AttackPotion"},{"floor":14,"key":"GamblersBrew"},{"floor":23,"key":"Block Potion"},{"floor":25,"key":"Ancient Potion"},{"floor":28,"key":"Fire Potion"},{"floor":31,"key":"PowerPotion"},{"floor":36,"key":"Dexterity Potion"},{"floor":39,"key":"LiquidBronze"},{"floor":42,"key":"Block Potion"},{"floor":47,"key":"Fruit Juice"}],"is_trial":false,"path_per_floor":["M","$","M","?","?","R","M","E","T","R","M","R","T","E","R","B",null,"M","?","$","M","M","E","R","E","T","M","M","R","E","M","R","B",null,"M","M","T","?","M","E","R","E","T","M","E","?","M","?","R","B"],"character_chosen":"THE_SILENT","items_purchased":["Accuracy+1","TheAbacus"],"campfire_rested":0,"item_purchase_floors":[20,20],"current_hp_per_floor":[70,70,69,58,58,58,58,46,46,46,45,45,45,47,47,41,65,65,65,65,62,48,54,54,56,56,58,60,60,62,64,64,37,72,72,61,61,61,62,58,68,63,63,65,35,26,30,65,65,68],"gold":616,"neow_bonus":"REMOVE_CARD","is_prod":false,"is_daily":false,"chose_seed":false,"campfire_upgraded":9,"win_rate":0,"timestamp":1531598640,"path_taken":["M","?","?","?","?","R","?","E","T","R","M","R","?","E","R","BOSS","M","?","?","M","M","E","R","E","T","?","M","R","E","M","R","BOSS","M","M","?","?","M","E","R","E","T","M","E","?","M","?","R","BOSS"],"build_version":"2018-07-12","purchased_purges":2,"victory":true,"max_hp_per_floor":[70,70,70,70,65,65,65,65,65,65,65,65,65,65,65,65,65,65,65,65,65,65,72,72,72,72,72,72,72,72,72,72,72,72,72,72,72,72,72,72,72,72,72,72,72,72,74,65,65,70],"card_choices":[{"not_picked":["Outmaneuver","Underhanded Strike"],"picked":"Escape Plan","floor":1},{"not_picked":["Terror","Calculated Gamble"],"picked":"Infinite Blades","floor":3},{"not_picked":["Poisoned Stab","Outmaneuver"],"picked":"Dagger Throw","floor":7},{"not_picked":["PiercingWail","Dash","Poisoned Stab"],"picked":"SKIP","floor":8},{"not_picked":["Sucker Punch","Dodge and Roll"],"picked":"Terror","floor":11},{"not_picked":["Footwork","Dagger Spray"],"picked":"Acrobatics","floor":14},{"not_picked":["Corpse Explosion","Bullet Time"],"picked":"Die Die Die","floor":16},{"not_picked":["Deadly Poison","Dash"],"picked":"Acrobatics+1","floor":18},{"not_picked":["Bane","Flying Knee+1"],"picked":"Calculated Gamble","floor":21},{"not_picked":["Catalyst","Backflip"],"picked":"Footwork+1","floor":22},{"not_picked":["Reflex","Poisoned Stab"],"picked":"Underhanded Strike","floor":23},{"not_picked":["Blur","Footwork+1"],"picked":"Cloak And Dagger","floor":25},{"not_picked":["Sucker Punch","Dagger Spray"],"picked":"Escape Plan","floor":27},{"not_picked":["Flying Knee","Malaise","Catalyst"],"picked":"SKIP","floor":28},{"not_picked":["Flying Knee","Predator+1"],"picked":"Phantasmal Killer","floor":30},{"not_picked":["PiercingWail+1","Concentrate"],"picked":"Cloak And Dagger","floor":31},{"not_picked":["Grand Finale","After Image+1"],"picked":"A Thousand Cuts+1","floor":33},{"not_picked":["Poisoned Stab+1","Deadly Poison"],"picked":"Reflex+1","floor":35},{"not_picked":["Sucker Punch","Underhanded Strike","Dodge and Roll+1"],"picked":"SKIP","floor":36},{"not_picked":["Flying Knee+1","Footwork+1"],"picked":"Terror+1","floor":39},{"not_picked":["Malaise+1","Dagger Spray","Quick Slash+1"],"picked":"SKIP","floor":40},{"not_picked":["Quick Slash","Catalyst","Flechettes+1"],"picked":"SKIP","floor":42},{"not_picked":["Acrobatics","Cloak And Dagger+1","Sucker Punch"],"picked":"After Image+1","floor":44},{"not_picked":["Bane+1","Deflect+1","All Out Attack"],"picked":"Acrobatics+1","floor":45},{"not_picked":["Quick Slash","Escape Plan+1","Dash","PiercingWail"],"picked":"Singing Bowl","floor":47}],"player_experience":139478,"relics_obtained":[{"floor":8,"key":"Blood Vial"},{"floor":9,"key":"Bag of Preparation"},{"floor":13,"key":"Tough Bandages"},{"floor":14,"key":"Frozen Egg 2"},{"floor":23,"key":"Strawberry"},{"floor":25,"key":"Unceasing Top"},{"floor":26,"key":"Bag of Marbles"},{"floor":30,"key":"Torii"},{"floor":37,"key":"Bronze Scales"},{"floor":40,"key":"Centennial Puzzle"},{"floor":42,"key":"Oddly Smooth Stone"},{"floor":43,"key":"Question Card"},{"floor":45,"key":"Singing Bowl"}],"event_choices":[{"event_name":"World of Goop","player_choice":"Gather Gold","floor":4,"damage_taken":0},{"event_name":"Golden Idol","player_choice":"Lose Max HP","floor":5,"damage_taken":0},{"event_name":"The Library","player_choice":"Read","floor":19,"damage_taken":0},{"event_name":"Tomb of Lord Red Mask","player_choice":"Ignored","floor":38,"damage_taken":0},{"event_name":"Winding Halls","player_choice":"Embrace Madness","floor":46,"damage_taken":0},{"event_name":"The Moai Head","player_choice":"Heal","floor":48,"damage_taken":0}],"boss_relics":[{"not_picked":["Lizard Tail","Runic Dome"],"picked":"Pandora\u0027s Box"},{"not_picked":["Orrery","Runic Pyramid"],"picked":"Eternal Feather"}],"items_purged_floors":[2,20],"is_endless":false,"potions_floor_spawned":[3,11,14,23,25,28,31,36,39,42,47],"ascension_level":1}