{"path_per_floor":["M","M","?","M","?","E","?","E","T","R","?","E","?","$","R","B",null,"M","$","?","M","M","R","?","R","T","M","?","M","T","M","R"],"character_chosen":"THE_SILENT","items_purchased":["Molten Egg 2","Dash"],"gold_per_floor":[116,132,198,212,212,240,240,271,271,271,223,254,254,0,0,104,104,123,47,47,59,79,79,109,109,109,125,125,135,135,153,153],"floor_reached":33,"campfire_rested":5,"playtime":1652,"current_hp_per_floor":[63,59,59,59,59,41,27,10,10,33,33,9,9,9,32,2,60,36,36,36,37,22,39,16,34,48,43,43,47,47,46,69],"items_purged":[],"gold":153,"score":380,"play_id":"8bc00e04-7092-4f44-b5ce-920e75bc4467","is_prod":false,"is_daily":false,"is_ascension_mode":true,"campfire_upgraded":0,"path_taken":["M","M","?","M","?","E","?","E","T","R","?","E","?","$","R","BOSS","M","$","?","M","M","R","?","R","T","M","?","M","?","M","R","BOSS"],"build_version":"2018-02-23-BETA1","purchased_purges":0,"victory":false,"master_deck":["Defend_G","Defend_G","Defend_G","Defend_G","Defend_G","Survivor","Neutralize","Choke","Quick Slash","Calculated Gamble+1","Burst","Slice","Storm of Steel","Dash+1","Bite+1","Bite+1","Bite+1","Bite+1","Bite+1","Choke+1","Dash+1"],"max_hp_per_floor":[70,70,70,70,70,70,70,77,77,77,77,79,79,79,79,79,79,81,81,56,58,58,58,60,60,74,76,76,76,76,78,78],"relics":["Runic Dome","Peace Pipe","Juzu Bracelet","Strawberry","Singing Bowl","Mercury Hourglass","Spirit Poop","Molten Egg 2","Snecko Eye","Red Mask","Mango","Thread and Needle"],"card_choices":[{"not_picked":["Malaise","Endless Agony"],"picked":"Choke"},{"not_picked":["Deflect","Bane"],"picked":"Quick Slash"},{"not_picked":["Dodge and Roll","PiercingWail"],"picked":"Calculated Gamble"},{"not_picked":["Masterful Stab","Dagger Spray"],"picked":"Burst"},{"not_picked":["Outmaneuver","Dagger Spray"],"picked":"Slice"},{"not_picked":["Tools of the Trade","Burst"],"picked":"Storm of Steel"},{"not_picked":["PiercingWail","Footwork"],"picked":"Choke"},{"not_picked":["Distraction","Underhanded Strike"],"picked":"Dash"}],"player_experience":191108,"potions_floor_usage":[6,8,12,27,31,33],"damage_taken":[{"damage":0,"enemies":"Cultist","floor":1,"turns":4},{"damage":4,"enemies":"Small Slimes","floor":2,"turns":5},{"damage":0,"enemies":"Jaw Worm","floor":4,"turns":3},{"damage":18,"enemies":"3 Sentries","floor":6,"turns":8},{"damage":24,"enemies":"Lagavulin","floor":8,"turns":6},{"damage":26,"enemies":"Gremlin Nob","floor":12,"turns":4},{"damage":30,"enemies":"Slime Boss","floor":16,"turns":8},{"damage":26,"enemies":"3 Byrds","floor":18,"turns":4},{"damage":16,"enemies":"Shell Parasite","floor":21,"turns":3},{"damage":39,"enemies":"Cultist and Chosen","floor":22,"turns":6},{"damage":31,"enemies":"Masked Bandits","floor":24,"turns":4},{"damage":22,"enemies":"Sentry and Sphere","floor":27,"turns":4},{"damage":5,"enemies":"Snecko","floor":29,"turns":4},{"damage":15,"enemies":"Slaver and Parasite","floor":31,"turns":3},{"damage":80,"enemies":"Champ","floor":33,"turns":7}],"event_choices":[{"event_name":"Golden Wing","player_choice":"Gained Gold","floor":3,"damage_taken":0},{"event_name":"Big Fish","player_choice":"Box","floor":5,"damage_taken":0},{"event_name":"Shining Light","player_choice":"Entered Light","floor":7,"damage_taken":0},{"event_name":"World of Goop","player_choice":"Left","floor":11,"damage_taken":0},{"event_name":"Bonfire Elementals","player_choice":"CURSE","floor":13,"damage_taken":0},{"event_name":"Vampires","player_choice":"Became a vampire","floor":20,"damage_taken":0},{"event_name":"Masked Bandits","player_choice":"Fought over 79 gold","floor":24,"damage_taken":0},{"event_name":"Drug Dealer","player_choice":"Ignored","floor":28,"damage_taken":0}],"boss_relics":[{"not_picked":["Astrolabe","White Beast Statue"],"picked":"Snecko Eye"}],"potions_floor_spawned":[1,2,8,24,27,31],"seed_played":"4206532919853534175","killed_by":"Champ","ascension_level":7,"is_trial":false}