{"gold_per_floor":[115,115,115,40,57,57,82,82,135,170,170,184,104,131,131,210,210,220,230,32,43,54,54,72,72,72,72,85,85,97,113,113,187,187,198,198,144,144,144,144,154,154,199,214,226,226,30,47,47,47],"floor_reached":51,"playtime":2529,"items_purged":["Strike_G"],"score":1174,"play_id":"bc00b9b2-0892-4f1c-acab-accf88464343","local_time":"20190121160529","is_ascension_mode":true,"campfire_choices":[{"data":"Neutralize","floor":6,"key":"SMITH"},{"data":"Quick Slash","floor":8,"key":"SMITH"},{"data":"Well Laid Plans","floor":15,"key":"SMITH"},{"data":"Noxious Fumes","floor":23,"key":"SMITH"},{"floor":25,"key":"REST"},{"data":"Footwork","floor":27,"key":"SMITH"},{"data":"Backflip","floor":29,"key":"SMITH"},{"floor":32,"key":"REST"},{"floor":40,"key":"RECALL"},{"data":"Master of Strategy","floor":46,"key":"SMITH"},{"data":"Dodge and Roll","floor":49,"key":"SMITH"}],"neow_cost":"NONE","seed_source_timestamp":1366886337812074,"circlet_count":0,"master_deck":["AscendersBane","Defend_G+1","Defend_G+1","Defend_G+1","Defend_G+1","Defend_G+1","Survivor+1","Neutralize+1","Deadly Poison+1","Quick Slash+1","PiercingWail+1","PiercingWail+1","Well Laid Plans+1","Bullet Time+1","Deadly Poison+1","Backstab+1","Footwork+1","Deflect+1","Deadly Poison+1","Noxious Fumes+1","Backflip+1","Dodge and Roll+1","Malaise+1","Tactician+1","Deflect+1","Master of Strategy+1","Dodge and Roll+1"],"relics":["Ring of the Serpent","NeowsBlessing","War Paint","Dodecahedron","Blood Vial","Strawberry","Art of War","Shuriken","Empty Cage","Mark of the Bloom","Mercury Hourglass","Boot","Oddly Smooth Stone"],"potions_floor_usage":[16,21,22,33,33,44,50],"damage_taken":[{"damage":0,"enemies":"Jaw Worm","floor":1,"turns":1},{"damage":0,"enemies":"2 Louse","floor":5,"turns":1},{"damage":0,"enemies":"Gremlin Nob","floor":7,"turns":1},{"damage":14,"enemies":"Lagavulin","floor":10,"turns":7},{"damage":0,"enemies":"Small Slimes","floor":12,"turns":3},{"damage":13,"enemies":"3 Sentries","floor":14,"turns":10},{"damage":5,"enemies":"Hexaghost","floor":16,"turns":10},{"damage":0,"enemies":"Chosen","floor":18,"turns":5},{"damage":13,"enemies":"Shell Parasite","floor":19,"turns":6},{"damage":6,"enemies":"Snecko","floor":21,"turns":7},{"damage":15,"enemies":"Snake Plant","floor":22,"turns":5},{"damage":13,"enemies":"Centurion and Healer","floor":24,"turns":8},{"damage":9,"enemies":"Snecko","floor":28,"turns":7},{"damage":31,"enemies":"Chosen and Byrds","floor":30,"turns":6},{"damage":0,"enemies":"Centurion and Healer","floor":31,"turns":8},{"damage":25,"enemies":"Champ","floor":33,"turns":15},{"damage":20,"enemies":"3 Darklings","floor":35,"turns":6},{"damage":0,"enemies":"Orb Walker","floor":41,"turns":4},{"damage":9,"enemies":"3 Darklings","floor":44,"turns":5},{"damage":2,"enemies":"Spire Growth","floor":45,"turns":7},{"damage":0,"enemies":"Transient","floor":48,"turns":5},{"damage":3,"enemies":"Awakened One","floor":50,"turns":20}],"seed_played":"205502783986615083","potions_obtained":[{"floor":5,"key":"Weak Potion"},{"floor":10,"key":"Strength Potion"},{"floor":11,"key":"GhostInAJar"},{"floor":18,"key":"GamblersBrew"},{"floor":22,"key":"Poison Potion"},{"floor":28,"key":"Dexterity Potion"},{"floor":41,"key":"Poison Potion"},{"floor":48,"key":"Block Potion"}],"is_trial":false,"path_per_floor":["M","?","T","?","M","R","E","R","T","E","?","M","$","E","R","B",null,"M","M","$","M","M","R","M","R","T","R","M","R","M","M","R","B",null,"M","?","$","?","T","R","M","?","T","M","M","R","$","M","R","B",null],"character_chosen":"THE_SILENT","items_purchased":["Well Laid Plans","Footwork","Deflect","Deflect","Oddly Smooth Stone","Block Potion"],"campfire_rested":2,"item_purchase_floors":[13,20,20,37,47,47],"current_hp_per_floor":[59,52,52,52,52,52,52,52,52,47,47,49,49,38,38,35,64,66,55,55,51,38,38,27,48,48,48,41,41,12,14,35,12,58,40,40,40,40,40,40,40,40,40,31,29,29,29,29,29,26],"gold":47,"neow_bonus":"THREE_ENEMY_KILL","is_prod":false,"is_daily":false,"chose_seed":false,"campfire_upgraded":8,"win_rate":0,"timestamp":1548086729,"path_taken":["M","?","?","?","?","R","E","R","T","E","?","M","$","E","R","BOSS","M","M","$","M","?","R","M","R","T","R","M","R","M","M","R","BOSS","M","?","$","?","?","R","?","?","T","M","M","R","?","M","R","BOSS"],"build_version":"2019-01-17v2","purchased_purges":1,"victory":true,"max_hp_per_floor":[66,66,66,66,66,66,66,66,66,73,73,73,73,73,73,73,73,73,73,73,73,73,73,73,73,73,73,73,73,73,73,73,73,73,73,73,73,73,73,73,73,73,73,73,73,73,73,73,73,73],"card_choices":[{"not_picked":["Quick Slash","Flying Knee"],"picked":"Deadly Poison","floor":1},{"not_picked":["Dagger Throw","Setup"],"picked":"Quick Slash","floor":5},{"not_picked":["Deflect","Venomology","Backflip"],"picked":"SKIP","floor":7},{"not_picked":["Deflect","Flying Knee"],"picked":"PiercingWail","floor":10},{"not_picked":["Quick Slash","Bane"],"picked":"PiercingWail","floor":12},{"not_picked":["Dodge and Roll","Tactician","Masterful Stab"],"picked":"SKIP","floor":14},{"not_picked":["Envenom","Wraith Form v2"],"picked":"Bullet Time","floor":16},{"not_picked":["Crippling Poison","Riddle With Holes"],"picked":"Deadly Poison","floor":18},{"not_picked":["Masterful Stab+1","Prepared","Backstab"],"picked":"SKIP","floor":19},{"not_picked":["Masterful Stab+1","Prepared"],"picked":"Backstab","floor":19},{"not_picked":["All Out Attack","Underhanded Strike"],"picked":"Deadly Poison","floor":21},{"not_picked":["Dodge and Roll","Prepared"],"picked":"Noxious Fumes","floor":22},{"not_picked":["Cloak And Dagger","Quick Slash","Prepared+1"],"picked":"SKIP","floor":24},{"not_picked":["Masterful Stab","Tactician"],"picked":"Backflip","floor":28},{"not_picked":["Blade Dance","Dagger Throw","Backstab+1"],"picked":"SKIP","floor":30},{"not_picked":["Storm of Steel","Sucker Punch"],"picked":"Dodge and Roll","floor":31},{"not_picked":["Unload","Bullet Time"],"picked":"Malaise","floor":33},{"not_picked":["Outmaneuver","Flying Knee"],"picked":"Tactician+1","floor":35},{"not_picked":["Blade Dance","Bouncing Flask","Endless Agony"],"picked":"SKIP","floor":41},{"not_picked":["Magnetism","Purity"],"picked":"Master of Strategy","floor":42},{"not_picked":["Tactician","Caltrops+1","Calculated Gamble"],"picked":"SKIP","floor":44},{"not_picked":["Dagger Throw","Prepared","Skewer"],"picked":"SKIP","floor":45},{"not_picked":["Slice+1","Cloak And Dagger"],"picked":"Dodge and Roll","floor":48}],"player_experience":162589,"relics_obtained":[{"floor":3,"key":"War Paint"},{"floor":7,"key":"Dodecahedron"},{"floor":9,"key":"Blood Vial"},{"floor":10,"key":"Strawberry"},{"floor":14,"key":"Art of War"},{"floor":26,"key":"Shuriken"},{"floor":39,"key":"Mercury Hourglass"},{"floor":43,"key":"Boot"}],"event_choices":[{"cards_removed":["Strike_G"],"damage_healed":0,"gold_gain":0,"player_choice":"Card Removal","damage_taken":7,"max_hp_gain":0,"max_hp_loss":0,"event_name":"Golden Wing","floor":2,"gold_loss":0},{"cards_removed":["Strike_G"],"damage_healed":0,"gold_gain":0,"player_choice":"Card Removal","damage_taken":0,"max_hp_gain":0,"max_hp_loss":0,"event_name":"The Cleric","floor":4,"gold_loss":75},{"damage_healed":0,"gold_gain":0,"player_choice":"Got Potions","damage_taken":0,"max_hp_gain":0,"max_hp_loss":0,"event_name":"Lab","floor":11,"gold_loss":0},{"damage_healed":0,"gold_gain":0,"player_choice":"Ignored","damage_taken":0,"max_hp_gain":0,"max_hp_loss":0,"event_name":"Mysterious Sphere","floor":36,"gold_loss":0},{"damage_healed":0,"gold_gain":0,"player_choice":"Upgrade","damage_taken":0,"relics_obtained":["Mark of the Bloom"],"max_hp_gain":0,"max_hp_loss":0,"event_name":"MindBloom","floor":38,"gold_loss":0,"cards_upgraded":["Defend_G","Defend_G","Defend_G","Defend_G","Survivor","PiercingWail","PiercingWail","Bullet Time","Deadly Poison","Backstab","Deflect","Deadly Poison","Dodge and Roll","Malaise","Deflect"]},{"damage_healed":0,"gold_gain":0,"player_choice":"Memory 1","damage_taken":0,"max_hp_gain":0,"max_hp_loss":0,"event_name":"SensoryStone","floor":42,"gold_loss":0}],"is_beta":false,"boss_relics":[{"not_picked":["Philosopher\u0027s Stone","Black Star"],"picked":"Ring of the Serpent"},{"not_picked":["Coffee Dripper","Orrery"],"picked":"Empty Cage"}],"items_purged_floors":[20],"is_endless":false,"potions_floor_spawned":[5,10,12,18,22,28,31,41,48],"ascension_level":15}