{"path_per_floor":["M","?","$","M","M","E","R","E","T","E","M","R","M","E","R","B",null,"M","?","$","M","$"],"character_chosen":"IRONCLAD","items_purchased":["Shuriken"],"gold_per_floor":[114,114,39,58,68,98,98,123,203,228,241,241,258,288,288,387,387,387,387,337,307,17,17],"floor_reached":23,"campfire_rested":1,"playtime":1058,"current_hp_per_floor":[79,79,79,79,77,56,80,73,73,75,72,72,75,61,61,22,66,56,56,56,40,40,0],"items_purged":["Defend_R","Defend_R","Strike_R"],"gold":17,"score":274,"play_id":"ae85d7f0-383c-4da4-b641-bcaee5d785d7","local_time":"20180324135641","is_prod":false,"is_daily":false,"is_ascension_mode":true,"campfire_upgraded":0,"timestamp":1521921401,"path_taken":["M","?","$","M","M","E","R","E","T","E","?","R","M","E","R","BOSS","M","?","$","?","$","E"],"build_version":"2018-03-22","purchased_purges":3,"victory":false,"master_deck":["Defend_R","Defend_R","Bash","Headbutt","Inflame","Cleave","Twin Strike+1","Clash","Dual Wield"],"max_hp_per_floor":[80,80,80,80,80,80,80,80,80,80,80,80,80,80,80,80,80,80,80,80,80,80,80],"relics":["Burning Blood","Peace Pipe","Whetstone","Paper Frog","Smiling Mask","Girya","Ectoplasm","Shuriken"],"card_choices":[{"not_picked":["Anger","Infernal Blade"],"picked":"Inflame","floor":1},{"not_picked":["Dropkick","Wild Strike"],"picked":"Cleave","floor":4},{"not_picked":["Burning Pact","Sever Soul"],"picked":"Twin Strike","floor":5},{"not_picked":["Berserk","Infernal Blade"],"picked":"Clash","floor":6},{"not_picked":["Corruption","True Grit"],"picked":"Dual Wield","floor":8}],"player_experience":262093,"potions_floor_usage":[6,6,10,14,18],"damage_taken":[{"damage":7,"enemies":"Small Slimes","floor":1,"turns":3},{"damage":6,"enemies":"Cultist","floor":4,"turns":3},{"damage":8,"enemies":"2 Louse","floor":5,"turns":2},{"damage":30,"enemies":"Lagavulin","floor":6,"turns":5},{"damage":13,"enemies":"Gremlin Nob","floor":8,"turns":3},{"damage":13,"enemies":"3 Sentries","floor":10,"turns":4},{"damage":9,"enemies":"Red Slaver","floor":11,"turns":2},{"damage":3,"enemies":"Blue Slaver","floor":13,"turns":2},{"damage":20,"enemies":"Lagavulin","floor":14,"turns":4},{"damage":45,"enemies":"Slime Boss","floor":16,"turns":10},{"damage":16,"enemies":"Shell Parasite","floor":18,"turns":3},{"damage":22,"enemies":"2 Thieves","floor":21,"turns":2},{"damage":44,"enemies":"Slavers","floor":23,"turns":2}],"event_choices":[{"event_name":"Purifier","player_choice":"One Purge","floor":2,"damage_taken":0},{"event_name":"Drug Dealer","player_choice":"Ignored","floor":19,"damage_taken":0}],"boss_relics":[{"not_picked":["Astrolabe","Black Blood"],"picked":"Ectoplasm"}],"potions_floor_spawned":[4,5,8,13,16],"seed_played":"2985773089689951182","killed_by":"Slavers","ascension_level":5,"is_trial":false}