{"path_per_floor":["M","M","M","?","M","E","R","M","T","R","M","?","$","M","R","B",null,"M","M","$","M","?","E","R","M","T","R","M","?","M","M","R","B",null,"M","M","$","?","M","R","M","R","T","M","M","T","E","M","R"],"character_chosen":"IRONCLAD","items_purchased":["Perfected Strike","Dead Branch","Apotheosis","Warcry","Dropkick","Pummel"],"gold_per_floor":[114,129,144,144,159,189,189,204,204,204,219,394,274,289,289,389,389,404,419,119,134,161,191,191,206,206,206,221,221,236,251,251,351,351,366,381,78,78,93,93,108,108,108,123,138,188,218,233,233],"floor_reached":50,"campfire_rested":2,"playtime":3434,"current_hp_per_floor":[78,77,76,75,74,73,72,71,70,69,68,67,66,65,64,28,62,55,60,59,39,44,25,41,42,42,42,49,33,36,35,47,46,45,44,40,40,35,33,33,38,37,36,35,34,33,32,31,30],"items_purged":["Doubt"],"gold":233,"score":553,"play_id":"98c31adc-8d36-4d7b-a9fb-1a1c76d76d3d","local_time":"20180318121838","daily_mods":["Allstar","Uncertain Future","Terminal"],"is_prod":false,"is_daily":true,"is_ascension_mode":false,"campfire_upgraded":7,"timestamp":1521397118,"path_taken":["M","M","?","?","M","E","R","M","T","R","M","?","$","M","R","BOSS","M","M","$","M","?","E","R","M","T","R","M","?","?","M","R","BOSS","M","M","$","?","M","R","M","R","T","M","?","?","E","M","R","BOSS"],"build_version":"2018-03-16","purchased_purges":2,"victory":false,"master_deck":["Strike_R","Strike_R","Strike_R","Strike_R","Strike_R","Defend_R","Defend_R","Defend_R","Defend_R","Bash+1","Dark Shackles","Secret Weapon+1","Headbutt","Flex","Cleave","Seeing Red","Dropkick","Perfected Strike","Rampage+1","Juggernaut+1","Battle Trance","Perfected Strike+1","Perfected Strike","Headbutt","Dropkick+1","Thunderclap","Ghostly Armor+1","Disarm","Feel No Pain+1","Offering","Sentinel+1","Apotheosis+1","Warcry","Dropkick","Pummel","Madness","Madness","Disarm+1","Perfected Strike+1","Sever Soul+1","Body Slam+1","Thunderclap+1","Sentinel"],"max_hp_per_floor":[78,77,76,75,74,73,72,71,70,69,68,67,66,65,64,63,62,61,60,59,58,57,56,55,54,53,52,51,50,49,48,47,46,45,44,43,42,41,40,39,38,37,36,35,34,33,32,31,30],"relics":["Burning Blood","Ornamental Fan","Magic Flower","Orrery","Dead Branch","Red Mask","The Courier","Paper Frog","Nilry\u0027s Codex","Sozu","Bird Faced Urn","Pen Nib","Vajra"],"card_choices":[{"not_picked":["Clothesline","True Grit"],"picked":"Headbutt"},{"not_picked":["Combust","Intimidate"],"picked":"Flex"},{"not_picked":["Heavy Blade","Shockwave"],"picked":"Cleave"},{"not_picked":["Fire Breathing","Sword Boomerang"],"picked":"Seeing Red"},{"not_picked":["Thunderclap","Immolate"],"picked":"Dropkick"},{"not_picked":["Reckless Charge","Armaments"],"picked":"Rampage"},{"not_picked":["Reaper","Exhume"],"picked":"Juggernaut"},{"not_picked":["Intimidate","Cleave"],"picked":"Battle Trance"},{"not_picked":["Sword Boomerang","Clash"],"picked":"Perfected Strike"},{"not_picked":["True Grit","Pummel"],"picked":"Perfected Strike"},{"not_picked":["Anger","Shockwave"],"picked":"Headbutt"},{"not_picked":["Rampage","Headbutt"],"picked":"Dropkick"},{"not_picked":["Twin Strike","Iron Wave"],"picked":"Thunderclap"},{"not_picked":["Second Wind","Armaments"],"picked":"Ghostly Armor"},{"not_picked":["Cleave","Searing Blow"],"picked":"Disarm"},{"not_picked":["Flex","Metallicize"],"picked":"Feel No Pain"},{"not_picked":["Limit Break","Exhume"],"picked":"Offering"},{"not_picked":["Pommel Strike","Fire Breathing"],"picked":"Sentinel"},{"not_picked":["Clash","Body Slam"],"picked":"Disarm"},{"not_picked":["Carnage","Clash"],"picked":"Perfected Strike"},{"not_picked":["Flex","Uppercut"],"picked":"Sever Soul"},{"not_picked":["Blood for Blood","Cleave"],"picked":"Body Slam"},{"not_picked":["Clothesline","Heavy Blade"],"picked":"Thunderclap"},{"not_picked":["Evolve","Uppercut"],"picked":"Sentinel"}],"player_experience":226005,"potions_floor_usage":[6,6,11,16,19,22,23,28,31,39],"damage_taken":[{"damage":2,"enemies":"Cultist","floor":1,"turns":6},{"damage":0,"enemies":"Small Slimes","floor":2,"turns":3},{"damage":0,"enemies":"2 Louse","floor":3,"turns":2},{"damage":0,"enemies":"2 Fungi Beasts","floor":5,"turns":3},{"damage":5,"enemies":"Lagavulin","floor":6,"turns":5},{"damage":0,"enemies":"3 Louse","floor":8,"turns":3},{"damage":0,"enemies":"Exordium Thugs","floor":11,"turns":4},{"damage":0,"enemies":"Blue Slaver","floor":14,"turns":2},{"damage":45,"enemies":"The Guardian","floor":16,"turns":9},{"damage":16,"enemies":"Chosen","floor":18,"turns":4},{"damage":13,"enemies":"2 Thieves","floor":19,"turns":4},{"damage":29,"enemies":"Snecko","floor":21,"turns":5},{"damage":14,"enemies":"Masked Bandits","floor":22,"turns":4},{"damage":28,"enemies":"Slavers","floor":23,"turns":5},{"damage":8,"enemies":"Cultist and Chosen","floor":25,"turns":6},{"damage":2,"enemies":"3 Cultists","floor":28,"turns":4},{"damage":6,"enemies":"Chosen and Byrds","floor":30,"turns":7},{"damage":10,"enemies":"Snake Plant","floor":31,"turns":3},{"damage":7,"enemies":"Champ","floor":33,"turns":7},{"damage":4,"enemies":"Flame Bruiser 1 Orb","floor":35,"turns":4},{"damage":13,"enemies":"3 Shapes","floor":36,"turns":3},{"damage":11,"enemies":"Sphere and 2 Shapes","floor":39,"turns":5},{"damage":4,"enemies":"Flame Bruiser 2 Orb","floor":41,"turns":3},{"damage":9,"enemies":"4 Shapes","floor":44,"turns":8},{"damage":4,"enemies":"Sphere and 2 Shapes","floor":45,"turns":3},{"damage":7,"enemies":"Nemesis","floor":47,"turns":7},{"damage":0,"enemies":"Spire Growth","floor":48,"turns":3},{"damage":41,"enemies":"Donu and Deca","floor":50,"turns":7}],"event_choices":[{"event_name":"The Woman in Blue","player_choice":"Bought 0 Potions","floor":4,"damage_taken":0},{"event_name":"Liars Game","player_choice":"agreed","floor":12,"damage_taken":0},{"event_name":"Masked Bandits","player_choice":"Fought over 134 gold","floor":22,"damage_taken":0},{"event_name":"Cursed Tome","player_choice":"Obtained Book","floor":29,"damage_taken":0},{"event_name":"Winding Halls","player_choice":"Embrace Madness","floor":38,"damage_taken":0}],"boss_relics":[{"not_picked":["Runic Cube","Astrolabe"],"picked":"Orrery"},{"not_picked":["Philosopher\u0027s Stone","Black Star"],"picked":"Sozu"}],"potions_floor_spawned":[1,3,8,11,14,19,22,25,28,33,39,41,45,47,48],"seed_played":"2953517847957516684","killed_by":"Donu and Deca","ascension_level":0,"is_trial":false}