{"gold_per_floor":[116,31,50,50,50,50,61,79,79,110,126,126,126],"floor_reached":13,"playtime":376,"items_purged":[],"score":166,"play_id":"955dbb27-beae-45c7-bab7-7f4fd8c29c41","local_time":"20190427210611","is_ascension_mode":true,"campfire_choices":[{"data":"Forethought","floor":6,"key":"SMITH"},{"data":"Body Slam","floor":12,"key":"SMITH"}],"neow_cost":"NONE","seed_source_timestamp":3021311560519352,"circlet_count":0,"master_deck":["AscendersBane","Strike_R","Strike_R","Strike_R","Strike_R","Strike_R","Defend_R","Defend_R","Defend_R","Defend_R","Bash","Forethought+1","Headbutt","Corruption","Thunderclap","Feel No Pain","Body Slam+1","Inflame","Headbutt"],"relics":["Burning Blood","Strawberry","Letter Opener"],"potions_floor_usage":[10,13],"damage_taken":[{"damage":18,"enemies":"Small Slimes","floor":1,"turns":5},{"damage":11,"enemies":"Jaw Worm","floor":3,"turns":5},{"damage":6,"enemies":"Cultist","floor":7,"turns":4},{"damage":16,"enemies":"Large Slime","floor":8,"turns":7},{"damage":32,"enemies":"Gremlin Nob","floor":10,"turns":4},{"damage":10,"enemies":"2 Fungi Beasts","floor":11,"turns":4},{"damage":45,"enemies":"Exordium Thugs","floor":13,"turns":5}],"seed_played":"8835873615698864309","potions_obtained":[{"floor":3,"key":"Poison Potion"},{"floor":11,"key":"Explosive Potion"}],"is_trial":false,"path_per_floor":["M","$","M","?","?","R","M","M","T","E","M","R","M"],"character_chosen":"IRONCLAD","items_purchased":["Corruption"],"campfire_rested":0,"item_purchase_floors":[2],"current_hp_per_floor":[56,56,51,75,75,75,75,65,72,46,42,42,0],"gold":126,"neow_bonus":"RANDOM_COLORLESS","is_prod":false,"is_daily":false,"chose_seed":false,"campfire_upgraded":2,"win_rate":0,"timestamp":1556395571,"path_taken":["M","$","M","?","?","R","M","M","T","E","M","R","M"],"build_version":"2019-01-23","purchased_purges":0,"victory":false,"max_hp_per_floor":[75,75,75,75,75,75,75,75,82,82,82,82,82],"card_choices":[{"not_picked":["Armaments","Anger"],"picked":"Headbutt","floor":1},{"not_picked":["Havoc","Armaments"],"picked":"Thunderclap","floor":3},{"not_picked":["Rampage","Twin Strike"],"picked":"Feel No Pain","floor":7},{"not_picked":["Anger","Thunderclap"],"picked":"Body Slam","floor":8},{"not_picked":["Offering","Headbutt"],"picked":"Inflame","floor":10},{"not_picked":["Wild Strike","Cleave"],"picked":"Headbutt","floor":11}],"player_experience":233003,"relics_obtained":[{"floor":9,"key":"Strawberry"},{"floor":10,"key":"Letter Opener"}],"event_choices":[{"damage_healed":25,"gold_gain":0,"player_choice":"Banana","damage_taken":0,"max_hp_gain":0,"max_hp_loss":0,"event_name":"Big Fish","floor":4,"gold_loss":0},{"damage_healed":0,"gold_gain":0,"player_choice":"Ignored","damage_taken":0,"max_hp_gain":0,"max_hp_loss":0,"event_name":"Liars Game","floor":5,"gold_loss":0}],"is_beta":false,"boss_relics":[],"items_purged_floors":[],"is_endless":false,"potions_floor_spawned":[3,11],"killed_by":"Exordium Thugs","ascension_level":19}