{"gold_per_floor":[16,31,50,62,62,95,160,160,210,174,189,189,207,218,218,321,321,340,185,185,202,213,213,245,245,245,245,75,92,109,129,129,129],"floor_reached":33,"playtime":2646,"items_purged":["Strike_R"],"score":298,"play_id":"14366dbe-cf25-4abe-bd79-3c6f78daac19","local_time":"20190108223147","is_ascension_mode":true,"campfire_choices":[{"data":"Pommel Strike","floor":8,"key":"SMITH"},{"data":"Rupture","floor":12,"key":"SMITH"},{"data":"Bash","floor":15,"key":"SMITH"},{"data":"Strike_R","floor":23,"key":"SMITH"},{"floor":25,"key":"REST"},{"data":"Second Wind","floor":27,"key":"SMITH"},{"floor":32,"key":"REST"}],"neow_cost":"NO_GOLD","seed_source_timestamp":1226338045290156,"circlet_count":0,"master_deck":["Strike_R","Strike_R","Strike_R","Strike_R+1","Defend_R","Defend_R","Defend_R","Defend_R","Bash+1","Brutality+1","Anger+1","Pommel Strike+1","Shrug It Off","Rupture+1","Offering","Second Wind+1","Flex","Dropkick","Headbutt"],"relics":["Burning Blood","Bottled Lightning","Bag of Marbles","Strawberry","Runic Pyramid","Pen Nib","Sundial","Letter Opener"],"potions_floor_usage":[16,24,33,33],"damage_taken":[{"damage":4,"enemies":"2 Louse","floor":1,"turns":3},{"damage":2,"enemies":"Small Slimes","floor":2,"turns":3},{"damage":3,"enemies":"Jaw Worm","floor":3,"turns":3},{"damage":15,"enemies":"2 Fungi Beasts","floor":4,"turns":3},{"damage":8,"enemies":"Gremlin Nob","floor":6,"turns":3},{"damage":42,"enemies":"Gremlin Nob","floor":7,"turns":5},{"damage":7,"enemies":"Red Slaver","floor":11,"turns":3},{"damage":4,"enemies":"Looter","floor":13,"turns":2},{"damage":5,"enemies":"Blue Slaver","floor":14,"turns":3},{"damage":36,"enemies":"The Guardian","floor":16,"turns":8},{"damage":43,"enemies":"2 Thieves","floor":18,"turns":5},{"damage":7,"enemies":"Chosen","floor":21,"turns":4},{"damage":8,"enemies":"3 Cultists","floor":22,"turns":3},{"damage":32,"enemies":"Slavers","floor":24,"turns":5},{"damage":23,"enemies":"Centurion and Healer","floor":29,"turns":3},{"damage":21,"enemies":"Snake Plant","floor":30,"turns":3},{"damage":3,"enemies":"3 Cultists","floor":31,"turns":4},{"damage":60,"enemies":"Automaton","floor":33,"turns":6}],"seed_played":"-8510772056429539427","potions_obtained":[{"floor":6,"key":"Regen Potion"},{"floor":7,"key":"EssenceOfSteel"},{"floor":14,"key":"SneckoOil"},{"floor":16,"key":"Regen Potion"},{"floor":18,"key":"Block Potion"},{"floor":31,"key":"SmokeBomb"}],"is_trial":false,"path_per_floor":["M","M","M","M","?","E","?","R","T","?","M","R","M","M","R","B",null,"M","$","?","M","M","R","E","R","T","R","$","M","M","M","R","B"],"character_chosen":"IRONCLAD","items_purchased":["Pen Nib","Flex","Dropkick"],"campfire_rested":2,"item_purchase_floors":[19,28,28],"current_hp_per_floor":[80,80,80,71,71,69,33,33,40,40,39,39,41,42,42,12,87,50,50,50,49,47,47,21,47,47,47,47,30,15,18,44,0],"gold":129,"neow_bonus":"THREE_RARE_CARDS","is_prod":false,"is_daily":false,"chose_seed":false,"campfire_upgraded":5,"win_rate":0,"timestamp":1546986707,"path_taken":["M","M","M","M","?","E","?","R","T","?","M","R","?","M","R","BOSS","M","$","?","M","M","R","E","R","T","R","$","M","M","?","R","BOSS"],"build_version":"2019-01-03v4","purchased_purges":1,"victory":false,"max_hp_per_floor":[80,80,80,80,80,80,80,80,87,87,87,87,87,87,87,87,87,87,87,87,87,87,87,87,87,87,87,87,87,87,87,87,87],"card_choices":[{"not_picked":["Exhume","Demon Form"],"picked":"Brutality","floor":0},{"not_picked":["Pommel Strike","Warcry"],"picked":"Anger","floor":1},{"not_picked":["Seeing Red","Iron Wave"],"picked":"Pommel Strike","floor":2},{"not_picked":["Clothesline","Demon Form"],"picked":"Shrug It Off","floor":3},{"not_picked":["Power Through","Evolve"],"picked":"Rupture","floor":4},{"not_picked":["Hemokinesis","Thunderclap","Carnage"],"picked":"SKIP","floor":6},{"not_picked":["Body Slam","Corruption","Thunderclap"],"picked":"SKIP","floor":11},{"not_picked":["Evolve","Clothesline","Sever Soul"],"picked":"SKIP","floor":13},{"not_picked":["Armaments","Wild Strike","Second Wind"],"picked":"SKIP","floor":14},{"not_picked":["Demon Form","Immolate"],"picked":"Offering","floor":16},{"not_picked":["True Grit","Flame Barrier+1"],"picked":"Second Wind","floor":18},{"not_picked":["Heavy Blade+1","Ghostly Armor","Armaments"],"picked":"SKIP","floor":21},{"not_picked":["Flame Barrier","Twin Strike","Uppercut"],"picked":"SKIP","floor":22},{"not_picked":["Seeing Red","Fiend Fire","Twin Strike"],"picked":"SKIP","floor":24},{"not_picked":["Burning Pact","Clothesline","Shockwave"],"picked":"SKIP","floor":29},{"not_picked":["Twin Strike+1","True Grit","Second Wind"],"picked":"SKIP","floor":30},{"not_picked":["Havoc","Cleave"],"picked":"Headbutt","floor":31}],"player_experience":95178,"relics_obtained":[{"floor":6,"key":"Bottled Lightning"},{"floor":7,"key":"Bag of Marbles"},{"floor":9,"key":"Strawberry"},{"floor":24,"key":"Sundial"},{"floor":26,"key":"Letter Opener"}],"event_choices":[{"damage_healed":0,"gold_gain":0,"player_choice":"Grow","damage_taken":0,"max_hp_gain":0,"max_hp_loss":0,"event_name":"Living Wall","floor":5,"gold_loss":0,"cards_upgraded":["Brutality"]},{"damage_healed":0,"gold_gain":0,"player_choice":"Searched \u00271\u0027 times","damage_taken":0,"max_hp_gain":0,"max_hp_loss":0,"event_name":"Dead Adventurer","floor":7,"gold_loss":0},{"damage_healed":0,"gold_gain":0,"player_choice":"Left Gold","damage_taken":0,"max_hp_gain":0,"max_hp_loss":0,"event_name":"World of Goop","floor":10,"gold_loss":36},{"damage_healed":0,"gold_gain":0,"player_choice":"Forge","damage_taken":0,"max_hp_gain":0,"max_hp_loss":0,"event_name":"Accursed Blacksmith","floor":20,"gold_loss":0,"cards_upgraded":["Anger"]}],"is_beta":false,"boss_relics":[{"not_picked":["Tiny House","Snecko Eye"],"picked":"Runic Pyramid"}],"items_purged_floors":[28],"is_endless":false,"potions_floor_spawned":[6,7,14,16,18,21,31],"killed_by":"Automaton","ascension_level":2}