{"gold_per_floor":[369,22,42,55,55,55,82,93,93,93,123,140,140,151,151,228,228,244,85,0,0,11,11,11,11,81,101,101,118,131,131],"floor_reached":31,"playtime":1029,"items_purged":["Defend_R","Strike_R"],"score":482,"play_id":"dcb5609a-a2a6-4c0d-8fd3-9d40489904e9","local_time":"20190427201225","is_ascension_mode":true,"campfire_choices":[{"data":"Havoc","floor":6,"key":"SMITH"},{"floor":15,"key":"REST"},{"data":"True Grit","floor":23,"key":"SMITH"},{"data":"Offering","floor":25,"key":"SMITH"}],"neow_cost":"TEN_PERCENT_HP_LOSS","seed_source_timestamp":3017432186448687,"circlet_count":0,"master_deck":["AscendersBane","Strike_R","Strike_R","Strike_R","Strike_R","Defend_R+1","Defend_R+1","Defend_R","Bash","Havoc+1","Dropkick","Rampage","Dropkick","Offering+1","True Grit+1","Offering+1"],"relics":["Burning Blood","TheAbacus","War Paint","Boot","Self Forming Clay","Mercury Hourglass","Busted Crown","Red Skull","Pear","Mummified Hand"],"potions_floor_usage":[7,12,31],"damage_taken":[{"damage":24,"enemies":"Jaw Worm","floor":1,"turns":4},{"damage":1,"enemies":"Cultist","floor":3,"turns":4},{"damage":6,"enemies":"Small Slimes","floor":4,"turns":4},{"damage":34,"enemies":"3 Sentries","floor":7,"turns":11},{"damage":3,"enemies":"Looter","floor":8,"turns":3},{"damage":9,"enemies":"Lagavulin","floor":11,"turns":7},{"damage":0,"enemies":"Large Slime","floor":12,"turns":4},{"damage":9,"enemies":"Lots of Slimes","floor":14,"turns":3},{"damage":43,"enemies":"Slime Boss","floor":16,"turns":10},{"damage":13,"enemies":"Spheric Guardian","floor":18,"turns":4},{"damage":6,"enemies":"3 Byrds","floor":22,"turns":3},{"damage":26,"enemies":"Snake Plant","floor":27,"turns":4},{"damage":12,"enemies":"Centurion and Healer","floor":29,"turns":2},{"damage":11,"enemies":"3 Cultists","floor":30,"turns":5},{"damage":34,"enemies":"Slavers","floor":31,"turns":4}],"seed_played":"-2626505097947554825","potions_obtained":[{"floor":1,"key":"SteroidPotion"},{"floor":3,"key":"FearPotion"},{"floor":7,"key":"Explosive Potion"},{"floor":22,"key":"PowerPotion"},{"floor":29,"key":"Energy Potion"}],"is_trial":false,"path_per_floor":["M","$","M","M","?","R","E","M","T","?","E","M","?","M","R","B",null,"M","$","?","?","M","R","?","R","T","M","?","M","M","E"],"character_chosen":"IRONCLAD","items_purchased":["TheAbacus","Havoc","True Grit"],"campfire_rested":1,"item_purchase_floors":[2,2,19],"current_hp_per_floor":[50,50,55,55,60,60,32,35,35,35,32,38,38,35,56,19,60,53,53,53,63,63,63,63,63,63,43,43,37,32,0],"gold":131,"neow_bonus":"TWO_FIFTY_GOLD","is_prod":false,"is_daily":false,"chose_seed":false,"campfire_upgraded":3,"win_rate":0,"timestamp":1556392345,"path_taken":["M","$","M","M","?","R","E","M","T","?","E","?","?","M","R","BOSS","M","$","?","?","?","R","?","R","T","M","?","M","M","E"],"build_version":"2019-01-23","purchased_purges":2,"victory":false,"max_hp_per_floor":[68,68,68,68,73,73,73,73,73,73,73,73,73,73,73,73,73,73,73,73,83,83,83,83,83,83,83,83,83,83,83],"card_choices":[{"not_picked":["Second Wind","Pummel","Warcry"],"picked":"SKIP","floor":1},{"not_picked":["Anger","Evolve"],"picked":"Dropkick","floor":3},{"not_picked":["Heavy Blade","Flex","Spot Weakness"],"picked":"SKIP","floor":4},{"not_picked":["Thunderclap","Berserk"],"picked":"Rampage","floor":7},{"not_picked":["Thunderclap","Shrug It Off"],"picked":"Dropkick","floor":8},{"not_picked":["Twin Strike","Pommel Strike","Perfected Strike"],"picked":"SKIP","floor":11},{"not_picked":["Twin Strike","Pommel Strike","Perfected Strike"],"picked":"SKIP","floor":11},{"not_picked":["Thunderclap","Cleave","Wild Strike"],"picked":"SKIP","floor":12},{"not_picked":["Warcry","Power Through","Rampage"],"picked":"SKIP","floor":14},{"not_picked":["Feed","Exhume"],"picked":"Offering","floor":16},{"not_picked":["Pummel"],"picked":"SKIP","floor":18},{"not_picked":["Spot Weakness"],"picked":"SKIP","floor":22},{"not_picked":["Thunderclap"],"picked":"SKIP","floor":27},{"not_picked":["Ghostly Armor"],"picked":"SKIP","floor":29},{"not_picked":["Perfected Strike"],"picked":"SKIP","floor":30}],"player_experience":229375,"relics_obtained":[{"floor":7,"key":"War Paint"},{"floor":9,"key":"Boot"},{"floor":11,"key":"Mercury Hourglass"},{"floor":21,"key":"Pear"},{"floor":26,"key":"Mummified Hand"}],"event_choices":[{"damage_healed":0,"gold_gain":0,"player_choice":"Donut","damage_taken":0,"max_hp_gain":5,"max_hp_loss":0,"event_name":"Big Fish","floor":5,"gold_loss":0},{"damage_healed":0,"gold_gain":0,"player_choice":"Gave Potion","damage_taken":0,"relics_obtained":["Self Forming Clay"],"max_hp_gain":0,"max_hp_loss":0,"event_name":"WeMeetAgain","floor":10,"gold_loss":0},{"damage_healed":0,"gold_gain":0,"player_choice":"Ignored","damage_taken":0,"max_hp_gain":0,"max_hp_loss":0,"event_name":"Golden Idol","floor":13,"gold_loss":0},{"damage_healed":0,"gold_gain":0,"player_choice":"Obtained Relic","damage_taken":0,"relics_obtained":["Red Skull"],"max_hp_gain":0,"max_hp_loss":0,"event_name":"Addict","floor":20,"gold_loss":85},{"damage_healed":0,"gold_gain":0,"player_choice":"Relic","damage_taken":0,"max_hp_gain":0,"max_hp_loss":0,"event_name":"Wheel of Change","floor":21,"gold_loss":0},{"damage_healed":0,"gold_gain":0,"player_choice":"Ignored","damage_taken":0,"max_hp_gain":0,"max_hp_loss":0,"event_name":"Ghosts","floor":24,"gold_loss":0},{"damage_healed":0,"gold_gain":0,"player_choice":"Copied","damage_taken":0,"max_hp_gain":0,"max_hp_loss":0,"event_name":"Duplicator","floor":28,"gold_loss":0,"cards_obtained":["Offering"]}],"is_beta":false,"boss_relics":[{"not_picked":["Runic Dome","Ectoplasm"],"picked":"Busted Crown"}],"items_purged_floors":[2,19],"is_endless":false,"potions_floor_spawned":[1,3,7,8,22,29],"killed_by":"Slavers","ascension_level":19}