{"path_per_floor":["M","$","M","M","M","R","E","?","T","?","M","R","$","M","R","B",null,"M","M","M","?","$","R","?","M","T","M","?","R","E","$","R"],"character_chosen":"THE_SILENT","items_purchased":["A Thousand Cuts","Escape Plan","Well Laid Plans"],"gold_per_floor":[115,40,60,79,49,49,79,79,79,29,43,43,43,61,61,165,165,185,199,209,209,6,6,6,18,18,32,32,32,57,3,3],"floor_reached":33,"campfire_rested":3,"playtime":3327,"current_hp_per_floor":[62,62,59,59,59,59,32,49,49,49,49,49,49,48,48,29,70,43,26,15,15,15,36,36,25,25,23,7,28,24,24,45],"items_purged":["Strike_G","Normality"],"gold":3,"play_id":"72fc0d33-41e7-4daf-a2a8-dbc0d67cf9d6","is_prod":false,"is_daily":false,"campfire_rituals":0,"campfire_upgraded":3,"is_hardmode":false,"path_taken":["M","?","M","?","M","R","E","?","T","?","M","R","$","M","R","BOSS","M","?","M","?","$","R","?","M","T","?","?","R","E","$","R","BOSS"],"build_version":"2018-01-11-PROD2","purchased_purges":2,"victory":false,"master_deck":["Defend_G","Defend_G","Defend_G","Defend_G","Defend_G","Strike_G","Strike_G","Strike_G","Survivor","Neutralize","Cloak And Dagger","After Image","Cloak And Dagger","Infinite Blades","Parasite","Footwork","Venomology","Regret","Clumsy","Prepared","A Thousand Cuts","Escape Plan","Burst","Choke","Blade Dance","Well Laid Plans"],"max_hp_per_floor":[70,70,70,70,70,70,70,70,70,70,70,70,70,70,70,70,70,70,70,70,70,70,70,70,70,70,70,70,70,70,70,70],"relics":["Ring of the Snake","Pen Nib","Torii","Calling Bell","The Courier","Frozen Eye","Happy Flower","Anchor","Whetstone","Enchiridion","Peace Pipe"],"campfire_meditates":0,"card_choices":[{"not_picked":["Blade Dance","Prepared"],"picked":"Cloak And Dagger"},{"not_picked":["Eviscerate","Malaise"],"picked":"After Image"},{"not_picked":["Heel Hook","Endless Agony"],"picked":"Cloak And Dagger"},{"not_picked":["Grand Finale","Dagger Throw"],"picked":"Infinite Blades"},{"not_picked":["Dodge and Roll","Crippling Poison"],"picked":"Footwork"},{"not_picked":["Tools of the Trade","Storm of Steel"],"picked":"Venomology"},{"not_picked":["Underhanded Strike","Quick Slash"],"picked":"Prepared"},{"not_picked":["Predator","Dagger Throw"],"picked":"Burst"},{"not_picked":["Deadly Poison","Flechettes"],"picked":"Choke"},{"not_picked":["Crippling Poison","Flechettes"],"picked":"Blade Dance"}],"player_experience":273425,"potions_floor_usage":[7,16,19,25,27,27,30,30,33],"damage_taken":[{"damage":8,"enemies":"Blue Slaver","floor":1,"turns":6},{"damage":3,"enemies":"Small Slimes","floor":3,"turns":4},{"damage":0,"enemies":"Cultist","floor":4,"turns":6},{"damage":0,"enemies":"Looter","floor":5,"turns":4},{"damage":27,"enemies":"Lagavulin","floor":7,"turns":15},{"damage":0,"enemies":"Large Slime","floor":11,"turns":6},{"damage":1,"enemies":"Red Slaver","floor":14,"turns":5},{"damage":19,"enemies":"The Guardian","floor":16,"turns":16},{"damage":27,"enemies":"3 Byrds","floor":18,"turns":11},{"damage":17,"enemies":"Spheric Guardian","floor":19,"turns":6},{"damage":11,"enemies":"Snecko","floor":20,"turns":10},{"damage":11,"enemies":"Snake Plant","floor":25,"turns":8},{"damage":2,"enemies":"Centurion and Healer","floor":27,"turns":9},{"damage":4,"enemies":"Slavers","floor":30,"turns":7},{"damage":45,"enemies":"Automaton","floor":33,"turns":12}],"event_choices":[{"event_name":"Mushrooms","player_choice":"Healed and dodged fight","floor":8,"damage_taken":0},{"event_name":"The Cleric","player_choice":"Card Removal","floor":10,"damage_taken":0},{"event_name":"Drug Dealer","player_choice":"Ignored","floor":21,"damage_taken":0},{"event_name":"The Mausoleum","player_choice":"Yes","floor":24,"damage_taken":0},{"event_name":"Cursed Tome","player_choice":"Obtained Book","floor":28,"damage_taken":0}],"boss_relics":[{"not_picked":["Runic Pyramid","Astrolabe"],"picked":"Calling Bell"}],"potions_floor_spawned":[1,11,16,18,25,30],"seed_played":"35601947620658419","killed_by":"Automaton","is_trial":false}