{"path_per_floor":["M","?","M","M","$","E","M","M","T","R","$","M","M","M","R","B",null,"M","$","?","M","T","E","M","$","T","R","M","E","?","$","R","B",null,"M","$","M","M","M","E","M","?","T","R","M","E","M","?","R"],"character_chosen":"THE_SILENT","items_purchased":["Apotheosis","Orichalcum","Toolbox","Gambling Chip","Bottled Tornado","Letter Opener","Noxious Fumes"],"gold_per_floor":[144,144,189,234,45,135,180,225,280,280,130,175,220,265,265,565,565,610,360,360,405,405,495,540,240,240,240,285,375,375,125,125,425,425,470,148,193,238,283,373,418,668,668,668,713,803,848,848,848],"floor_reached":50,"campfire_rested":6,"playtime":4638,"current_hp_per_floor":[68,56,56,56,56,56,56,48,48,69,69,69,66,66,70,50,70,69,69,69,68,68,66,70,70,70,70,70,66,66,66,70,55,70,70,70,70,60,63,25,34,34,34,55,54,47,39,39,60],"items_purged":[],"gold":848,"score":724,"play_id":"2a015163-c6e9-4c22-8fe6-8359f82fce23","local_time":"20180315195159","daily_mods":["Heirloom","Midas","Insanity"],"is_prod":false,"is_daily":true,"is_ascension_mode":false,"campfire_upgraded":0,"timestamp":1521165119,"path_taken":["M","?","M","M","$","E","M","M","T","R","$","M","M","M","R","BOSS","M","$","?","M","?","E","M","?","T","R","?","E","?","$","R","BOSS","M","$","M","M","?","E","M","?","T","R","M","E","M","?","R","BOSS"],"build_version":"2018-03-14","purchased_purges":1,"victory":false,"master_deck":["Slice","Finisher","Caltrops","Flying Knee","Corpse Explosion","A Thousand Cuts","Escape Plan","Concentrate","Defend_G","Malaise","Blur","Phantasmal Killer","Endless Agony","Noxious Fumes","Escape Plan","Choke","Burst","Blade Dance","Footwork","Distraction","Cloak And Dagger","Tactician","Wraith Form","Calculated Gamble","Concentrate+1","Outmaneuver","Quick Slash","Doppelganger","Dagger Throw","Neutralize","Expertise","Distraction","Venomology","Heel Hook","Die Die Die","Unload","PiercingWail","A Thousand Cuts","Concentrate","PiercingWail","Storm of Steel","Burst","Distraction","Malaise","Acrobatics","Underhanded Strike","Calculated Gamble","Burst","Dagger Spray","Prepared","Prepared","Footwork","Infinite Blades","Apotheosis","Accuracy","Cloak And Dagger+1","Sucker Punch","Flying Knee","Adrenaline","Malaise","Dagger Spray","Reflex+1","Calculated Gamble","Bullet Time","Blur+1","Noxious Fumes","Backstab+1","Acrobatics+1","Distraction+1","Envenom","Regret","Riddle With Holes+1","Adrenaline","Backstab+1","Normality"],"max_hp_per_floor":[70,70,70,70,70,70,70,70,70,70,70,70,70,70,70,70,70,70,70,70,70,70,70,70,70,70,70,70,70,70,70,70,70,70,70,70,70,70,70,70,70,70,70,70,70,70,70,70,70],"relics":["Ring of the Snake","Thread and Needle","Centennial Puzzle","Lantern","Tiny Chest","Orichalcum","White Beast Statue","Toolbox","Frozen Eye","Blue Candle","Gambling Chip","Oddly Smooth Stone","Du-Vu Doll","Bottled Tornado","The Specimen","Letter Opener","Meat on the Bone","Peace Pipe","War Paint","Singing Bowl"],"card_choices":[{"not_picked":["All Out Attack","Blade Dance"],"picked":"Prepared"},{"not_picked":["Dodge and Roll","Heel Hook"],"picked":"Footwork"},{"not_picked":["Poisoned Stab","Cloak And Dagger"],"picked":"Infinite Blades"},{"not_picked":["Prepared","Cloak And Dagger"],"picked":"Accuracy"},{"not_picked":["Choke","Sucker Punch"],"picked":"Cloak And Dagger"},{"not_picked":["Burst","Dodge and Roll"],"picked":"Sucker Punch"},{"not_picked":["Crippling Poison","Bane"],"picked":"Flying Knee"},{"not_picked":["After Image","Tactician"],"picked":"Adrenaline"},{"not_picked":["Distraction","Deflect"],"picked":"Malaise"},{"not_picked":["Setup","Bane"],"picked":"Dagger Spray"},{"not_picked":["Slice","Finisher"],"picked":"Reflex"},{"not_picked":["Skewer","Noxious Fumes"],"picked":"Calculated Gamble"},{"not_picked":["Tactician","Storm of Steel"],"picked":"Bullet Time"},{"not_picked":["Cloak And Dagger","Skewer"],"picked":"Blur"},{"not_picked":["Deflect","Predator"],"picked":"Backstab"},{"not_picked":["Slice","Quick Slash"],"picked":"Acrobatics"},{"not_picked":["Sucker Punch","Quick Slash"],"picked":"Distraction"},{"not_picked":["Dagger Throw","Deflect"],"picked":"Envenom"},{"not_picked":["Quick Slash","Slice"],"picked":"Riddle With Holes"},{"not_picked":["Malaise","Noxious Fumes"],"picked":"Adrenaline"},{"not_picked":["Prepared","Bane"],"picked":"Backstab"}],"player_experience":210910,"potions_floor_usage":[7,14,23,23,24,29,29,29,29,33,35,38,39,40,41,41,46,50,50,50],"damage_taken":[{"damage":2,"enemies":"Jaw Worm","floor":1,"turns":3},{"damage":0,"enemies":"Cultist","floor":3,"turns":3},{"damage":0,"enemies":"2 Louse","floor":4,"turns":3},{"damage":0,"enemies":"Lagavulin","floor":6,"turns":3},{"damage":0,"enemies":"Lots of Slimes","floor":7,"turns":1},{"damage":8,"enemies":"Exordium Wildlife","floor":8,"turns":3},{"damage":0,"enemies":"Red Slaver","floor":12,"turns":3},{"damage":3,"enemies":"Large Slime","floor":13,"turns":5},{"damage":0,"enemies":"Looter","floor":14,"turns":4},{"damage":20,"enemies":"The Guardian","floor":16,"turns":11},{"damage":1,"enemies":"Chosen","floor":18,"turns":5},{"damage":1,"enemies":"Shell Parasite","floor":21,"turns":9},{"damage":4,"enemies":"Slavers","floor":23,"turns":3},{"damage":1,"enemies":"Centurion and Healer","floor":24,"turns":5},{"damage":0,"enemies":"Chosen and Byrds","floor":28,"turns":9},{"damage":4,"enemies":"Book of Stabbing","floor":29,"turns":4},{"damage":15,"enemies":"Automaton","floor":33,"turns":10},{"damage":0,"enemies":"Flame Bruiser 1 Orb","floor":35,"turns":7},{"damage":0,"enemies":"3 Shapes","floor":37,"turns":3},{"damage":10,"enemies":"Sphere and 2 Shapes","floor":38,"turns":3},{"damage":6,"enemies":"Maw","floor":39,"turns":6},{"damage":38,"enemies":"Nemesis","floor":40,"turns":7},{"damage":3,"enemies":"4 Shapes","floor":41,"turns":6},{"damage":1,"enemies":"3 Darklings","floor":45,"turns":2},{"damage":7,"enemies":"2 Orb Walkers","floor":46,"turns":2},{"damage":8,"enemies":"Spire Growth","floor":47,"turns":3},{"damage":63,"enemies":"Donu and Deca","floor":50,"turns":4}],"event_choices":[{"event_name":"Scrap Ooze","player_choice":"success","floor":2,"damage_taken":12},{"event_name":"Beggar","player_choice":"Ignored","floor":20,"damage_taken":0},{"event_name":"Vampires","player_choice":"Ignored","floor":30,"damage_taken":0},{"event_name":"Golden Shrine","player_choice":"Desecrate","floor":42,"damage_taken":0},{"event_name":"Accursed Blacksmith","player_choice":"Rummage","floor":48,"damage_taken":0}],"boss_relics":[{"not_picked":["Philosopher\u0027s Stone","Pandora\u0027s Box"],"picked":"White Beast Statue"},{"not_picked":["Question Card","Snecko Eye"],"picked":"The Specimen"}],"potions_floor_spawned":[3,8,12,13,18,21,23,24,28,29,33,35,37,38,39,40,41,45,46,47],"seed_played":"5375251351321028032","killed_by":"Donu and Deca","ascension_level":0,"is_trial":false}