{"gold_per_floor":[116,116,116,131,131,131,161,37,37,37,49,68,68,100,100,195,195,206,223,298,158,158,171,171,46,123,123,123,143,68,68,68,166,166,180,200,300,300,310,310,341,354,354,69,84,84,101,0,0,0],"floor_reached":51,"playtime":1025,"items_purged":["Strike_B","Strike_B","Strike_B","Shame"],"score":898,"play_id":"36648f25-fd3c-4482-9bb8-b32d3898f313","local_time":"20190429214533","is_ascension_mode":false,"campfire_choices":[{"data":"Streamline","floor":6,"key":"SMITH"},{"data":"Hologram","floor":10,"key":"SMITH"},{"data":"Zap","floor":13,"key":"SMITH"},{"data":"Dualcast","floor":15,"key":"SMITH"},{"data":"Defragment","floor":24,"key":"SMITH"},{"floor":32,"key":"REST"},{"data":"Tempest","floor":40,"key":"SMITH"},{"floor":49,"key":"REST"}],"neow_cost":"CURSE","seed_source_timestamp":13023644934059,"circlet_count":0,"master_deck":["Defend_B","Defend_B","Defend_B","Defend_B","Zap+1","Dualcast+1","Streamline+1","Cold Snap","Hologram+1","Ball Lightning","Ball Lightning","Thunder Strike+1","Tempest+1","Defragment+1","Cold Snap+1","Electrodynamics","Consume+1","Thunder Strike"],"special_seed":0,"relics":["Cracked Core","Pocketwatch","Symbiotic Virus","Bottled Flame","Odd Mushroom","Bag of Preparation","Meat on the Bone","Sozu","Ornamental Fan","Sundial","Cursed Key","Calipers","Centennial Puzzle","Darkstone Periapt","Red Mask"],"potions_floor_usage":[7,16],"damage_taken":[{"damage":11,"enemies":"Jaw Worm","floor":1,"turns":2},{"damage":1,"enemies":"2 Louse","floor":4,"turns":2},{"damage":7,"enemies":"The Mushroom Lair","floor":7,"turns":2},{"damage":0,"enemies":"Small Slimes","floor":11,"turns":2},{"damage":0,"enemies":"Looter","floor":12,"turns":2},{"damage":13,"enemies":"3 Sentries","floor":14,"turns":3},{"damage":11,"enemies":"Hexaghost","floor":16,"turns":7},{"damage":0,"enemies":"Chosen","floor":18,"turns":4},{"damage":0,"enemies":"Spheric Guardian","floor":19,"turns":2},{"damage":11,"enemies":"Centurion and Healer","floor":23,"turns":4},{"damage":15,"enemies":"Shelled Parasite and Fungi","floor":29,"turns":3},{"damage":40,"enemies":"Collector","floor":33,"turns":9},{"damage":0,"enemies":"3 Shapes","floor":35,"turns":2},{"damage":5,"enemies":"3 Darklings","floor":36,"turns":2},{"damage":0,"enemies":"Mind Bloom Boss Battle","floor":37,"turns":3},{"damage":12,"enemies":"Spire Growth","floor":39,"turns":4},{"damage":47,"enemies":"Nemesis","floor":41,"turns":5},{"damage":6,"enemies":"Writhing Mass","floor":42,"turns":4},{"damage":6,"enemies":"3 Darklings","floor":45,"turns":3},{"damage":2,"enemies":"Sphere and 2 Shapes","floor":47,"turns":2},{"damage":49,"enemies":"Awakened One","floor":50,"turns":10}],"seed_played":"3043238554248268120","potions_obtained":[{"floor":1,"key":"Explosive Potion"},{"floor":14,"key":"SkillPotion"}],"is_trial":false,"path_per_floor":["M","?","?","M","T","R","?","$","T","R","M","M","R","E","R","B",null,"M","M","?","$","T","M","R","$","T","?","?","M","?","$","R","B",null,"M","M","?","?","M","R","E","M","T","$","M","?","M","?","R","B",null],"character_chosen":"DEFECT","items_purchased":["Ball Lightning","Defragment","Thunder Strike"],"campfire_rested":2,"item_purchase_floors":[8,21,44],"current_hp_per_floor":[64,52,52,51,51,51,44,44,44,44,44,44,44,31,31,32,75,75,75,68,68,68,57,57,57,57,43,43,40,40,40,64,36,80,80,75,75,75,63,63,28,34,34,34,40,40,50,50,72,35],"gold":0,"neow_bonus":"ONE_RARE_RELIC","is_prod":false,"is_daily":false,"chose_seed":false,"campfire_upgraded":6,"win_rate":0,"timestamp":1556595933,"path_taken":["M","?","?","M","?","R","?","?","T","R","M","M","R","E","R","BOSS","M","M","?","$","?","M","R","$","T","?","?","?","?","?","R","BOSS","M","M","?","?","M","R","E","M","T","$","M","?","M","?","R","BOSS"],"build_version":"2019-01-23","purchased_purges":4,"victory":true,"max_hp_per_floor":[75,75,75,75,75,75,75,75,75,75,75,75,75,75,75,75,75,75,75,75,75,75,75,75,75,75,80,80,80,80,80,80,80,80,80,80,80,76,76,76,76,76,76,76,76,76,76,76,76,76],"card_choices":[{"not_picked":["Cold Snap","Go for the Eyes"],"picked":"Streamline","floor":1},{"not_picked":["Recycle","Coolheaded"],"picked":"Cold Snap","floor":4},{"not_picked":["Steam","Reprogram"],"picked":"Hologram","floor":7},{"not_picked":["Reprogram","Genetic Algorithm"],"picked":"Ball Lightning","floor":11},{"not_picked":["Beam Cell","Redo","Barrage"],"picked":"SKIP","floor":12},{"not_picked":["Go for the Eyes","Loop","Double Energy"],"picked":"SKIP","floor":14},{"not_picked":["Hyperbeam","Fission"],"picked":"Thunder Strike","floor":16},{"not_picked":["Skim","BootSequence"],"picked":"Tempest","floor":18},{"not_picked":["Force Field","Self Repair+1","Streamline"],"picked":"SKIP","floor":19},{"not_picked":["Heatsinks","Rebound","Undo"],"picked":"SKIP","floor":23},{"not_picked":["Streamline","Doom and Gloom"],"picked":"Cold Snap+1","floor":29},{"not_picked":["Multi-Cast","Buffer"],"picked":"Electrodynamics","floor":33},{"not_picked":["Consume+1","Static Discharge","Streamline"],"picked":"SKIP","floor":35},{"not_picked":["Static Discharge","Streamline"],"picked":"Consume+1","floor":35},{"not_picked":["Consume","Force Field+1","Conserve Battery"],"picked":"SKIP","floor":36},{"not_picked":["Conserve Battery","Sweeping Beam","Melter"],"picked":"SKIP","floor":39},{"not_picked":["Storm","Recycle+1","Cold Snap+1"],"picked":"SKIP","floor":41},{"not_picked":["Compile Driver+1","Recycle+1","Conserve Battery"],"picked":"SKIP","floor":42},{"not_picked":["Compile Driver","Turbo","Double Energy+1"],"picked":"SKIP","floor":45},{"not_picked":["Barrage+1","Sweeping Beam","Darkness+1"],"picked":"SKIP","floor":47}],"player_experience":1329634,"relics_obtained":[{"floor":5,"key":"Bottled Flame"},{"floor":7,"key":"Odd Mushroom"},{"floor":9,"key":"Bag of Preparation"},{"floor":14,"key":"Meat on the Bone"},{"floor":22,"key":"Ornamental Fan"},{"floor":26,"key":"Sundial"},{"floor":37,"key":"Calipers"},{"floor":41,"key":"Centennial Puzzle"},{"floor":43,"key":"Darkstone Periapt"}],"event_choices":[{"damage_healed":0,"gold_gain":0,"player_choice":"Success","damage_taken":12,"relics_obtained":["Symbiotic Virus"],"max_hp_gain":0,"max_hp_loss":0,"event_name":"Scrap Ooze","floor":2,"gold_loss":0},{"cards_removed":["Injury"],"damage_healed":0,"gold_gain":0,"player_choice":"Forget","damage_taken":0,"max_hp_gain":0,"max_hp_loss":0,"event_name":"Living Wall","floor":3,"gold_loss":0},{"damage_healed":0,"gold_gain":0,"player_choice":"Fought Mushrooms","damage_taken":0,"max_hp_gain":0,"max_hp_loss":0,"event_name":"Mushrooms","floor":7,"gold_loss":0},{"damage_healed":0,"gold_gain":75,"player_choice":"Touch","damage_taken":7,"max_hp_gain":0,"max_hp_loss":0,"event_name":"FaceTrader","floor":20,"gold_loss":0},{"damage_healed":0,"gold_gain":0,"player_choice":"Shed Blood","damage_taken":19,"max_hp_gain":5,"max_hp_loss":0,"event_name":"Forgotten Altar","floor":27,"gold_loss":0},{"damage_healed":0,"gold_gain":0,"player_choice":"Upgraded","damage_taken":0,"max_hp_gain":0,"max_hp_loss":0,"event_name":"Upgrade Shrine","floor":28,"gold_loss":0,"cards_upgraded":["Thunder Strike"]},{"cards_removed":["Strike_B"],"damage_healed":0,"gold_gain":0,"player_choice":"Gave Gold","damage_taken":0,"max_hp_gain":0,"max_hp_loss":0,"event_name":"Beggar","floor":30,"gold_loss":75},{"damage_healed":0,"gold_gain":0,"player_choice":"Fight","damage_taken":0,"max_hp_gain":0,"max_hp_loss":0,"event_name":"MindBloom","floor":37,"gold_loss":0},{"damage_healed":0,"gold_gain":0,"player_choice":"Max HP","damage_taken":0,"max_hp_gain":0,"max_hp_loss":4,"event_name":"Winding Halls","floor":38,"gold_loss":0},{"damage_healed":0,"gold_gain":0,"player_choice":"Ignored","damage_taken":0,"max_hp_gain":0,"max_hp_loss":0,"event_name":"Mysterious Sphere","floor":46,"gold_loss":0},{"damage_healed":0,"gold_gain":0,"player_choice":"Paid","damage_taken":0,"relics_obtained":["Red Mask"],"max_hp_gain":0,"max_hp_loss":0,"event_name":"Tomb of Lord Red Mask","floor":48,"gold_loss":101}],"is_beta":false,"boss_relics":[{"not_picked":["White Beast Statue","Eternal Feather"],"picked":"Sozu"},{"not_picked":["Empty Cage","Pandora\u0027s Box"],"picked":"Cursed Key"}],"items_purged_floors":[8,21,25,44],"is_endless":false,"potions_floor_spawned":[1,14,19,29,33,35,39,47],"ascension_level":0}