{"gold_per_floor":[118,17,17,37,56,56,82,96,121,121,137,137,149,161,161,266,266,285,303,218,238,138,167,179,202,214,325,337,375,387,413,425,437],"floor_reached":33,"playtime":4151,"items_purged":["Strike_B","Strike_B"],"score":386,"play_id":"97e92697-be69-42c8-bf3a-45cf7c045c8a","local_time":"20190424043849","is_ascension_mode":true,"campfire_choices":[{"data":"Zap","floor":6,"key":"SMITH"},{"data":"Recycle","floor":10,"key":"SMITH"},{"data":"Capacitor","floor":12,"key":"SMITH"},{"data":"Redo","floor":15,"key":"SMITH"},{"floor":24,"key":"REST"},{"floor":28,"key":"REST"},{"data":"Defragment","floor":32,"key":"SMITH"}],"neow_cost":"NONE","seed_source_timestamp":2611481419956319,"circlet_count":0,"master_deck":["Strike_B","Strike_B","Defend_B","Defend_B+1","Defend_B","Defend_B","Zap+1","Dualcast","Recycle+1","Conserve Battery+1","Cold Snap","Glacier","Capacitor+1","Ball Lightning","Echo Form","Redo+1","Static Discharge+1","FTL","Defragment+1","Hologram","Core Surge","Ghostly","Ghostly","Ghostly","Ghostly","Ghostly","Coolheaded"],"relics":["Cracked Core","NeowsBlessing","Vajra","Sozu","Potion Belt","MawBank","Gremlin Horn","Lantern"],"potions_floor_usage":[7,16,18,23,23],"damage_taken":[{"damage":0,"enemies":"Jaw Worm","floor":1,"turns":1},{"damage":0,"enemies":"2 Louse","floor":4,"turns":1},{"damage":0,"enemies":"Small Slimes","floor":5,"turns":1},{"damage":0,"enemies":"3 Sentries","floor":7,"turns":8},{"damage":4,"enemies":"3 Louse","floor":8,"turns":4},{"damage":0,"enemies":"Gremlin Gang","floor":11,"turns":7},{"damage":13,"enemies":"Exordium Wildlife","floor":13,"turns":5},{"damage":0,"enemies":"Blue Slaver","floor":14,"turns":2},{"damage":6,"enemies":"Slime Boss","floor":16,"turns":13},{"damage":19,"enemies":"Chosen","floor":18,"turns":5},{"damage":6,"enemies":"Shell Parasite","floor":19,"turns":8},{"damage":7,"enemies":"Snecko","floor":21,"turns":5},{"damage":34,"enemies":"Slavers","floor":23,"turns":7},{"damage":19,"enemies":"Sentry and Sphere","floor":25,"turns":5},{"damage":17,"enemies":"Book of Stabbing","floor":29,"turns":5},{"damage":0,"enemies":"3 Cultists","floor":31,"turns":7},{"damage":29,"enemies":"Collector","floor":33,"turns":7}],"seed_played":"1277121908556439268","potions_obtained":[{"floor":1,"key":"PowerPotion"},{"floor":4,"key":"Strength Potion"},{"floor":13,"key":"Dexterity Potion"},{"floor":14,"key":"Ancient Potion"},{"floor":16,"key":"PowerPotion"}],"is_trial":false,"path_per_floor":["M","$","?","M","M","R","E","M","T","R","M","R","M","M","R","B",null,"M","M","?","M","$","E","R","M","T","?","R","E","?","M","R","B"],"character_chosen":"DEFECT","items_purchased":["Conserve Battery"],"campfire_rested":2,"item_purchase_floors":[2],"current_hp_per_floor":[75,75,60,60,60,60,60,56,56,56,56,56,43,43,43,37,75,56,50,50,43,43,9,31,12,12,12,34,17,17,17,17,0],"gold":437,"neow_bonus":"THREE_ENEMY_KILL","is_prod":false,"is_daily":false,"chose_seed":false,"campfire_upgraded":5,"win_rate":0,"timestamp":1556098729,"path_taken":["M","$","?","M","M","R","E","M","T","R","M","R","M","M","R","BOSS","M","M","?","M","$","E","R","M","T","?","R","E","?","M","R","BOSS"],"build_version":"2019-01-23","purchased_purges":2,"victory":false,"max_hp_per_floor":[75,75,75,75,75,75,75,75,75,75,75,75,75,75,75,75,75,75,75,75,75,75,75,75,75,75,75,75,75,37,37,37,37],"card_choices":[{"not_picked":["Gash","Sweeping Beam"],"picked":"Recycle","floor":1},{"not_picked":["Sunder","Redo"],"picked":"Cold Snap","floor":4},{"not_picked":["Ball Lightning","Blizzard"],"picked":"Glacier","floor":5},{"not_picked":["Storm","Melter"],"picked":"Capacitor","floor":7},{"not_picked":["Beam Cell","Reprogram"],"picked":"Ball Lightning","floor":8},{"not_picked":["Go for the Eyes","Barrage"],"picked":"Echo Form","floor":11},{"not_picked":["Ball Lightning","Rebound","Beam Cell"],"picked":"SKIP","floor":13},{"not_picked":["Gash","Fusion"],"picked":"Redo","floor":14},{"not_picked":["Redo","Leap","Sweeping Beam"],"picked":"SKIP","floor":18},{"not_picked":["Conserve Battery","Rebound"],"picked":"Static Discharge+1","floor":19},{"not_picked":["Scrape","Sweeping Beam"],"picked":"FTL","floor":21},{"not_picked":["Glacier","Auto Shields"],"picked":"Defragment","floor":23},{"not_picked":["Rebound","Cold Snap"],"picked":"Hologram","floor":25},{"not_picked":["Rip and Tear","Reprogram"],"picked":"Core Surge","floor":29},{"not_picked":["Gash","Conserve Battery"],"picked":"Coolheaded","floor":31}],"player_experience":217697,"relics_obtained":[{"floor":7,"key":"Vajra"},{"floor":23,"key":"MawBank"},{"floor":26,"key":"Gremlin Horn"},{"floor":29,"key":"Lantern"}],"event_choices":[{"damage_healed":0,"gold_gain":0,"player_choice":"Entered Light","damage_taken":15,"max_hp_gain":0,"max_hp_loss":0,"event_name":"Shining Light","floor":3,"gold_loss":0,"cards_upgraded":["Defend_B","Conserve Battery"]},{"damage_healed":0,"gold_gain":0,"player_choice":"Obtained Relic","damage_taken":0,"relics_obtained":["Potion Belt"],"max_hp_gain":0,"max_hp_loss":0,"event_name":"Addict","floor":20,"gold_loss":85},{"damage_healed":0,"gold_gain":99,"player_choice":"Stole From Cult","damage_taken":0,"max_hp_gain":0,"max_hp_loss":0,"event_name":"Nest","floor":27,"gold_loss":0},{"damage_healed":0,"gold_gain":0,"player_choice":"Became a Ghost","damage_taken":0,"max_hp_gain":0,"max_hp_loss":38,"event_name":"Ghosts","floor":30,"gold_loss":0,"cards_obtained":["Ghostly","Ghostly","Ghostly","Ghostly","Ghostly"]}],"is_beta":false,"boss_relics":[{"not_picked":["Black Star","Coffee Dripper"],"picked":"Sozu"}],"items_purged_floors":[2,22],"is_endless":false,"potions_floor_spawned":[1,4,13,14,16,21,23,25],"killed_by":"Collector","ascension_level":3}