{"gold_per_floor":[17,35,35,53,66,66,79,79,79,97,97,97,22,50,50,145,145,165,165,175,190,38,38,38],"floor_reached":24,"playtime":1710,"items_purged":["Strike_B","Strike_B"],"score":248,"play_id":"a42780c6-b568-4f82-bb43-65f772ed127e","local_time":"20190306144759","is_ascension_mode":true,"campfire_choices":[{"data":"Zap","floor":6,"key":"SMITH"},{"data":"Dualcast","floor":8,"key":"SMITH"},{"data":"Defragment","floor":11,"key":"SMITH"},{"data":"Biased Cognition","floor":15,"key":"SMITH"},{"data":"Storm","floor":23,"key":"SMITH"}],"neow_cost":"NO_GOLD","seed_source_timestamp":179470369188109,"circlet_count":0,"master_deck":["Strike_B","Strike_B","Defend_B","Defend_B","Defend_B","Defend_B","Zap+1","Dualcast+1","Biased Cognition+1","Rebound","Melter","Steam","Defragment+1","Leap","Sweeping Beam","Hologram+1","Seek+1","Fusion+1","Storm+1","FTL","Hologram+1"],"relics":["Cracked Core","FaceOfCleric","Meat on the Bone","Toxic Egg 2","Eternal Feather"],"potions_floor_usage":[20,24],"damage_taken":[{"damage":15,"enemies":"2 Louse","floor":1,"turns":2},{"damage":1,"enemies":"Cultist","floor":2,"turns":3},{"damage":2,"enemies":"Jaw Worm","floor":4,"turns":3},{"damage":5,"enemies":"Exordium Thugs","floor":5,"turns":4},{"damage":6,"enemies":"Looter","floor":7,"turns":2},{"damage":4,"enemies":"Blue Slaver","floor":10,"turns":3},{"damage":16,"enemies":"3 Sentries","floor":14,"turns":6},{"damage":18,"enemies":"The Guardian","floor":16,"turns":11},{"damage":0,"enemies":"Spheric Guardian","floor":18,"turns":2},{"damage":27,"enemies":"3 Byrds","floor":20,"turns":5},{"damage":25,"enemies":"Snecko","floor":21,"turns":5},{"damage":50,"enemies":"Snake Plant","floor":24,"turns":5}],"seed_played":"-8360931117763367093","potions_obtained":[{"floor":5,"key":"Swift Potion"},{"floor":7,"key":"LiquidBronze"},{"floor":10,"key":"SteroidPotion"},{"floor":20,"key":"Weak Potion"}],"is_trial":false,"path_per_floor":["M","M","?","M","M","R","M","R","T","M","R","?","$","E","R","B",null,"M","?","M","M","$","R","M"],"character_chosen":"DEFECT","items_purchased":["Hologram+1"],"campfire_rested":0,"item_purchase_floors":[22],"current_hp_per_floor":[60,59,59,58,54,54,49,49,49,46,46,46,46,43,43,38,70,71,63,49,37,37,49,0],"gold":38,"neow_bonus":"THREE_RARE_CARDS","is_prod":false,"is_daily":false,"chose_seed":false,"campfire_upgraded":5,"win_rate":0,"timestamp":1551905279,"path_taken":["M","M","?","M","?","R","M","R","T","M","R","?","?","E","R","BOSS","M","?","M","M","?","R","M"],"build_version":"2019-01-23","purchased_purges":2,"victory":false,"max_hp_per_floor":[75,75,75,76,77,77,78,78,78,79,79,79,79,80,80,81,81,82,82,83,84,84,84,84],"card_choices":[{"not_picked":["Seek","Creative AI"],"picked":"Biased Cognition","floor":0},{"not_picked":["Streamline","Melter"],"picked":"Rebound","floor":1},{"not_picked":["Self Repair","Force Field"],"picked":"Melter","floor":2},{"not_picked":["Barrage","Beam Cell"],"picked":"Steam","floor":4},{"not_picked":["Go for the Eyes","Rebound"],"picked":"Defragment","floor":5},{"not_picked":["Force Field","Chaos"],"picked":"Leap","floor":7},{"not_picked":["Barrage","Leap"],"picked":"Sweeping Beam","floor":10},{"not_picked":["Turbo","Redo"],"picked":"Hologram","floor":14},{"not_picked":["All For One","Biased Cognition"],"picked":"Seek+1","floor":16},{"not_picked":["Gash+1","Doom and Gloom"],"picked":"Fusion+1","floor":18},{"not_picked":["Force Field+1","Hello World"],"picked":"Storm","floor":20},{"not_picked":["Leap+1","Streamline"],"picked":"FTL","floor":21}],"player_experience":522483,"relics_obtained":[{"floor":9,"key":"Meat on the Bone"},{"floor":14,"key":"Toxic Egg 2"}],"event_choices":[{"damage_healed":0,"gold_gain":0,"player_choice":"Trade","damage_taken":0,"relics_obtained":["FaceOfCleric"],"max_hp_gain":0,"max_hp_loss":0,"event_name":"FaceTrader","floor":3,"gold_loss":0},{"damage_healed":0,"gold_gain":0,"player_choice":"Ignored","damage_taken":0,"max_hp_gain":0,"max_hp_loss":0,"event_name":"Golden Idol","floor":12,"gold_loss":0},{"damage_healed":0,"gold_gain":0,"player_choice":"","damage_taken":8,"max_hp_gain":0,"max_hp_loss":0,"event_name":"Knowing Skull","floor":19,"potions_obtained":[],"gold_loss":0,"cards_obtained":[]}],"is_beta":false,"boss_relics":[{"not_picked":["Snecko Eye","Runic Dome"],"picked":"Eternal Feather"}],"items_purged_floors":[13,22],"is_endless":false,"potions_floor_spawned":[5,7,10,20],"killed_by":"Snake Plant","ascension_level":5}