{"gold_per_floor":[17,17,68,68,80,80,94,94,94,128,148,161,161,8,8,106,106,124,124,141,151,163,163,179,179,179,206,15,15,48,48,48,144,144,160,171,271,52,52,52,52,52,52,69,69,87,0,17,17,17],"floor_reached":51,"playtime":2004,"items_purged":["Regret"],"score":1166,"play_id":"f6621c08-75b3-4a84-a985-ab6962cada63","local_time":"20190114213501","is_ascension_mode":true,"campfire_choices":[{"data":"Reinforced Body","floor":6,"key":"SMITH"},{"data":"Zap","floor":8,"key":"SMITH"},{"data":"Melter","floor":15,"key":"SMITH"},{"data":"Auto Shields","floor":23,"key":"SMITH"},{"floor":25,"key":"REST"},{"data":"Defragment","floor":29,"key":"SMITH"},{"data":"Capacitor","floor":32,"key":"SMITH"},{"data":"Buffer","floor":40,"key":"SMITH"},{"data":"Echo Form","floor":42,"key":"SMITH"},{"data":"Echo Form","floor":49,"key":"SMITH"}],"neow_cost":"NO_GOLD","seed_source_timestamp":782391242571672,"circlet_count":0,"master_deck":["Zap+1","Dualcast","Reinforced Body+1","Melter+1","Go for the Eyes+1","Cold Snap+1","Compile Driver+1","Capacitor+1","Ball Lightning+1","Capacitor","Core Surge+1","Barrage+1","Cold Snap+1","Ball Lightning+1","Auto Shields+1","Stack","Seek+1","Sunder+1","Chill+1","Defragment+1","Barrage+1","Ghostly+1","Ghostly+1","Ghostly+1","Ghostly+1","Ghostly+1","Buffer+1","Sunder+1","Go for the Eyes+1","Echo Form+1","Recycle+1","Hologram+1","Recycle+1","Leap+1","Loop+1","Conserve Battery+1","Glacier+1","Cold Snap+1","Bandage Up+1","Consume+1","Echo Form+1","Steam+1"],"relics":["Cracked Core","Du-Vu Doll","Ancient Tea Set","Molten Egg 2","Pantograph","PreservedInsect","Eternal Feather","Mummified Hand","Toxic Egg 2","Symbiotic Virus","Emotion Chip","Pandora\u0027s Box","Calipers","Shovel","Red Mask"],"potions_floor_usage":[12,22,22,24,36,44,50],"damage_taken":[{"damage":2,"enemies":"Jaw Worm","floor":1,"turns":3},{"damage":7,"enemies":"Small Slimes","floor":5,"turns":3},{"damage":1,"enemies":"2 Louse","floor":7,"turns":2},{"damage":19,"enemies":"3 Sentries","floor":10,"turns":6},{"damage":22,"enemies":"Large Slime","floor":11,"turns":5},{"damage":15,"enemies":"Gremlin Gang","floor":12,"turns":4},{"damage":8,"enemies":"The Guardian","floor":16,"turns":8},{"damage":10,"enemies":"Shell Parasite","floor":18,"turns":5},{"damage":15,"enemies":"2 Thieves","floor":20,"turns":4},{"damage":31,"enemies":"Shelled Parasite and Fungi","floor":21,"turns":6},{"damage":3,"enemies":"Cultist and Chosen","floor":22,"turns":4},{"damage":1,"enemies":"Snake Plant","floor":24,"turns":3},{"damage":17,"enemies":"Book of Stabbing","floor":27,"turns":4},{"damage":0,"enemies":"Slavers","floor":30,"turns":4},{"damage":0,"enemies":"Collector","floor":33,"turns":13},{"damage":11,"enemies":"3 Darklings","floor":35,"turns":6},{"damage":0,"enemies":"Orb Walker","floor":36,"turns":3},{"damage":24,"enemies":"Mind Bloom Boss Battle","floor":37,"turns":7},{"damage":2,"enemies":"Transient","floor":44,"turns":5},{"damage":2,"enemies":"Sphere and 2 Shapes","floor":46,"turns":5},{"damage":18,"enemies":"Spire Growth","floor":48,"turns":7},{"damage":5,"enemies":"Donu and Deca","floor":50,"turns":11}],"seed_played":"3260357207957927833","potions_obtained":[{"floor":7,"key":"FearPotion"},{"floor":10,"key":"EssenceOfSteel"},{"floor":21,"key":"Fire Potion"},{"floor":22,"key":"Energy Potion"},{"floor":33,"key":"Block Potion"},{"floor":35,"key":"Strength Potion"},{"floor":44,"key":"FairyPotion"},{"floor":48,"key":"FocusPotion"}],"is_trial":false,"path_per_floor":["M","?","T","?","M","R","M","R","T","E","M","M","?","$","R","B",null,"M","?","M","M","M","R","M","R","T","E","$","R","E","?","R","B",null,"M","M","?","$","?","R","?","R","T","M","?","M","?","M","R","B",null],"character_chosen":"DEFECT","items_purchased":["Capacitor","Sunder+1","Chill+1","Defragment","Glacier+1","Cold Snap+1","Bandage Up+1"],"campfire_rested":1,"item_purchase_floors":[14,28,28,28,38,38,38],"current_hp_per_floor":[66,66,66,66,59,59,58,58,58,39,17,2,20,20,20,37,66,56,56,41,10,7,19,18,52,52,35,35,50,50,37,37,37,37,26,26,13,13,13,37,35,35,35,33,32,30,30,14,32,32],"gold":17,"neow_bonus":"ONE_RARE_RELIC","is_prod":false,"is_daily":false,"chose_seed":false,"campfire_upgraded":9,"win_rate":0,"timestamp":1547501701,"path_taken":["M","?","?","?","M","R","M","R","T","E","M","M","?","$","R","BOSS","M","?","?","M","M","R","M","R","T","E","$","R","E","?","R","BOSS","M","M","?","$","?","R","?","R","T","M","?","?","?","M","R","BOSS"],"build_version":"2019-01-10","purchased_purges":1,"victory":true,"max_hp_per_floor":[75,75,75,75,75,75,75,75,75,75,75,75,75,75,75,75,75,75,75,75,75,75,75,75,75,75,75,75,75,75,37,37,37,37,37,37,37,37,37,37,35,35,35,35,32,32,32,32,32,32],"card_choices":[{"not_picked":["Compile Driver","Stack"],"picked":"Reinforced Body","floor":1},{"not_picked":["Skim","Streamline+1"],"picked":"Go for the Eyes+1","floor":5},{"not_picked":["Steam","Stack"],"picked":"Cold Snap+1","floor":7},{"not_picked":["Hyperbeam+1","Sweeping Beam+1"],"picked":"Compile Driver+1","floor":10},{"not_picked":["Self Repair","Sweeping Beam+1"],"picked":"Capacitor","floor":11},{"not_picked":["Chill","Steam"],"picked":"Ball Lightning+1","floor":12},{"not_picked":["Rainbow","Fission"],"picked":"Core Surge+1","floor":16},{"not_picked":["Gash+1","Streamline+1"],"picked":"Barrage+1","floor":18},{"not_picked":["Go for the Eyes+1","Stack"],"picked":"Cold Snap+1","floor":20},{"not_picked":["Darkness","Stack+1"],"picked":"Ball Lightning+1","floor":21},{"not_picked":["Coolheaded","Turbo+1"],"picked":"Auto Shields","floor":22},{"not_picked":["Redo","Double Energy+1"],"picked":"Stack","floor":24},{"not_picked":["Chaos+1","Double Energy+1"],"picked":"Seek+1","floor":27},{"not_picked":["Reprogram+1","Ball Lightning+1"],"picked":"Barrage+1","floor":30},{"not_picked":["Multi-Cast+1","Reboot+1"],"picked":"Buffer","floor":33},{"not_picked":["Genetic Algorithm+1","Stack+1"],"picked":"Leap+1","floor":35},{"not_picked":["Reprogram+1","Streamline+1"],"picked":"Loop+1","floor":36},{"not_picked":["Fusion+1","Barrage+1"],"picked":"Conserve Battery+1","floor":37},{"not_picked":["Lockon+1","Go for the Eyes+1"],"picked":"Consume+1","floor":44},{"not_picked":["Coolheaded+1","Conserve Battery+1"],"picked":"Echo Form","floor":46},{"not_picked":["Undo+1","Rebound+1"],"picked":"Steam+1","floor":48}],"player_experience":97785,"relics_obtained":[{"floor":3,"key":"Ancient Tea Set"},{"floor":9,"key":"Pantograph"},{"floor":10,"key":"PreservedInsect"},{"floor":19,"key":"Mummified Hand"},{"floor":26,"key":"Toxic Egg 2"},{"floor":27,"key":"Symbiotic Virus"},{"floor":30,"key":"Emotion Chip"},{"floor":37,"key":"Calipers"},{"floor":43,"key":"Shovel"}],"event_choices":[{"damage_healed":0,"gold_gain":0,"cards_transformed":["Strike_B"],"player_choice":"Change","damage_taken":0,"max_hp_gain":0,"max_hp_loss":0,"event_name":"Living Wall","floor":2,"gold_loss":0,"cards_obtained":["Melter"]},{"damage_healed":0,"gold_gain":0,"player_choice":"Box","damage_taken":0,"relics_obtained":["Molten Egg 2"],"max_hp_gain":0,"max_hp_loss":0,"event_name":"Big Fish","floor":4,"gold_loss":0,"cards_obtained":["Regret"]},{"damage_healed":18,"gold_gain":0,"player_choice":"Healed and dodged fight","damage_taken":0,"max_hp_gain":0,"max_hp_loss":0,"event_name":"Mushrooms","floor":13,"gold_loss":0,"cards_obtained":["Parasite"]},{"damage_healed":0,"gold_gain":0,"player_choice":"Relic","damage_taken":0,"max_hp_gain":0,"max_hp_loss":0,"event_name":"Wheel of Change","floor":19,"gold_loss":0},{"damage_healed":0,"gold_gain":0,"player_choice":"Became a Ghost","damage_taken":0,"max_hp_gain":0,"max_hp_loss":38,"event_name":"Ghosts","floor":31,"gold_loss":0,"cards_obtained":["Ghostly","Ghostly","Ghostly","Ghostly","Ghostly"]},{"damage_healed":0,"gold_gain":0,"player_choice":"Fight","damage_taken":0,"max_hp_gain":0,"max_hp_loss":0,"event_name":"MindBloom","floor":37,"gold_loss":0},{"cards_removed":["Buffer"],"damage_healed":0,"gold_gain":0,"player_choice":"Removed Power","damage_taken":0,"max_hp_gain":0,"max_hp_loss":0,"event_name":"Falling","floor":39,"gold_loss":0},{"damage_healed":0,"gold_gain":0,"player_choice":"Max HP","damage_taken":0,"max_hp_gain":0,"max_hp_loss":2,"event_name":"Winding Halls","floor":41,"gold_loss":0},{"cards_removed":["Parasite"],"damage_healed":0,"gold_gain":0,"player_choice":"Removed Curses","damage_taken":0,"max_hp_gain":0,"max_hp_loss":0,"event_name":"Fountain of Cleansing","floor":45,"gold_loss":0},{"damage_healed":0,"gold_gain":0,"player_choice":"Paid","damage_taken":0,"relics_obtained":["Red Mask"],"max_hp_gain":0,"max_hp_loss":0,"event_name":"Tomb of Lord Red Mask","floor":47,"gold_loss":87}],"is_beta":false,"boss_relics":[{"not_picked":["Astrolabe","White Beast Statue"],"picked":"Eternal Feather"},{"not_picked":["Inserter","Snecko Eye"],"picked":"Pandora\u0027s Box"}],"items_purged_floors":[14],"is_endless":false,"potions_floor_spawned":[7,10,21,22,33,35,44,48],"ascension_level":9}