{"gold_per_floor":[111,36,50,65,35,35,50,77,104,104,117,117,152,169,169,269,269,288,308,268,168,187,202,202,257,257,257],"floor_reached":27,"playtime":2302,"items_purged":["Strike_G","Strike_G"],"score":350,"play_id":"222bc914-fd77-4a40-95d5-e70cf985ac5e","local_time":"20180803234351","is_ascension_mode":true,"campfire_choices":[{"data":"Prepared","floor":6,"key":"SMITH"},{"data":"Neutralize","floor":10,"key":"SMITH"},{"data":"Underhanded Strike","floor":12,"key":"SMITH"},{"data":"Unload","floor":15,"key":"SMITH"},{"data":"Underhanded Strike","floor":24,"key":"SMITH"}],"neow_cost":"NONE","seed_source_timestamp":615017659265216,"circlet_count":0,"master_deck":["Defend_G","Defend_G+1","Defend_G+1","Defend_G","Defend_G","Survivor","Neutralize+1","Unload+1","Prepared+1","Underhanded Strike","Escape Plan","Underhanded Strike+1","Underhanded Strike+1","Burst","Underhanded Strike","Unload","Deadly Poison+1","Malaise+1","Infinite Blades+1","Skewer+1","Backflip"],"relics":["Ring of the Snake","Anchor","War Paint","Happy Flower","Astrolabe","Tiny Chest","Bronze Scales"],"potions_floor_usage":[5,16,16,16,19,22,25],"damage_taken":[{"damage":0,"enemies":"Cultist","floor":1,"turns":3},{"damage":4,"enemies":"Small Slimes","floor":3,"turns":3},{"damage":1,"enemies":"Jaw Worm","floor":4,"turns":4},{"damage":0,"enemies":"Looter","floor":5,"turns":4},{"damage":15,"enemies":"2 Fungi Beasts","floor":7,"turns":3},{"damage":5,"enemies":"Gremlin Nob","floor":8,"turns":4},{"damage":0,"enemies":"Large Slime","floor":11,"turns":4},{"damage":10,"enemies":"Lagavulin","floor":13,"turns":6},{"damage":10,"enemies":"Lots of Slimes","floor":14,"turns":4},{"damage":0,"enemies":"Hexaghost","floor":16,"turns":15},{"damage":0,"enemies":"Shell Parasite","floor":18,"turns":5},{"damage":0,"enemies":"Spheric Guardian","floor":19,"turns":3},{"damage":18,"enemies":"Snake Plant","floor":22,"turns":3},{"damage":15,"enemies":"Chosen and Byrds","floor":23,"turns":6},{"damage":34,"enemies":"Slavers","floor":25,"turns":6},{"damage":9,"enemies":"Sentry and Sphere","floor":27,"turns":3}],"seed_played":"-1710788359899958972","potions_obtained":[{"floor":3,"key":"GhostInAJar"},{"floor":4,"key":"SkillPotion"},{"floor":11,"key":"GhostInAJar"},{"floor":14,"key":"SkillPotion"},{"floor":18,"key":"AttackPotion"},{"floor":20,"key":"Energy Potion"},{"floor":20,"key":"Poison Potion"},{"floor":20,"key":"SteroidPotion"},{"floor":22,"key":"Explosive Potion"}],"is_trial":false,"path_per_floor":["M","$","M","M","M","R","M","E","T","R","M","R","E","M","R","B",null,"M","M","?","$","M","M","R","E","T"],"character_chosen":"THE_SILENT","items_purchased":[],"campfire_rested":0,"item_purchase_floors":[],"current_hp_per_floor":[70,70,66,65,65,65,50,45,45,45,45,45,35,25,25,25,70,70,70,70,70,52,37,37,3,3,0],"gold":257,"neow_bonus":"ONE_RANDOM_RARE_CARD","is_prod":false,"is_daily":false,"chose_seed":false,"campfire_upgraded":5,"win_rate":0,"timestamp":1533311031,"path_taken":["M","$","M","M","M","R","M","E","T","R","M","R","E","M","R","BOSS","M","M","?","$","M","M","R","E","T","M"],"build_version":"2018-08-02","purchased_purges":2,"victory":false,"max_hp_per_floor":[70,70,70,70,70,70,70,70,70,70,70,70,70,70,70,70,70,70,70,70,70,70,70,70,70,70,70],"card_choices":[{"not_picked":["Masterful Stab","Deflect"],"picked":"Prepared","floor":1},{"not_picked":["Dodge and Roll","Quick Slash"],"picked":"Underhanded Strike","floor":3},{"not_picked":["Skewer","Deadly Poison"],"picked":"Escape Plan","floor":4},{"not_picked":["Bane","Choke"],"picked":"Underhanded Strike","floor":5},{"not_picked":["Bouncing Flask","Outmaneuver","Crippling Poison"],"picked":"SKIP","floor":7},{"not_picked":["Deadly Poison","Riddle With Holes"],"picked":"Underhanded Strike","floor":8},{"not_picked":["Endless Agony","Caltrops"],"picked":"Burst","floor":11},{"not_picked":["Accuracy","Concentrate","Envenom"],"picked":"SKIP","floor":13},{"not_picked":["Infinite Blades","Deadly Poison"],"picked":"Underhanded Strike","floor":14},{"not_picked":["Bullet Time","Wraith Form v2"],"picked":"Unload","floor":16},{"not_picked":["Dagger Spray","Flying Knee"],"picked":"Skewer+1","floor":18},{"not_picked":["Leg Sweep","Backflip+1","Cloak And Dagger"],"picked":"SKIP","floor":19},{"not_picked":["Footwork","Noxious Fumes","Outmaneuver"],"picked":"SKIP","floor":22},{"not_picked":["Blade Dance","Quick Slash","Bane"],"picked":"SKIP","floor":23},{"not_picked":["Noxious Fumes","Expertise"],"picked":"Backflip","floor":25}],"player_experience":249520,"relics_obtained":[{"floor":8,"key":"Anchor"},{"floor":9,"key":"War Paint"},{"floor":13,"key":"Happy Flower"},{"floor":25,"key":"Tiny Chest"},{"floor":26,"key":"Bronze Scales"}],"event_choices":[{"event_name":"The Woman in Blue","player_choice":"Bought 3 Potions","floor":20,"damage_taken":0}],"is_beta":false,"boss_relics":[{"not_picked":["Fusion Hammer","Snecko Eye"],"picked":"Astrolabe"}],"items_purged_floors":[2,21],"is_endless":false,"potions_floor_spawned":[3,4,11,14,18,22],"killed_by":"Sentry and Sphere","ascension_level":2}