{"gold_per_floor":[119,79,93,104,104,104,130,55,55,65,65,100,100,100,100,100],"floor_reached":16,"playtime":1586,"items_purged":["Strike_R"],"score":130,"play_id":"0881a088-7d47-4108-ad82-84f0de3259d4","local_time":"20190120175431","is_ascension_mode":true,"campfire_choices":[{"data":"Warcry","floor":6,"key":"SMITH"},{"floor":13,"key":"REST"},{"data":"True Grit","floor":15,"key":"SMITH"}],"neow_cost":"NONE","seed_source_timestamp":1581000687131570,"circlet_count":0,"master_deck":["Strike_R","Strike_R+1","Strike_R","Defend_R","Defend_R","Defend_R+1","Defend_R","Bash","Sword Boomerang","Warcry+1","Clothesline","True Grit+1","Evolve","Body Slam"],"relics":["Burning Blood","NeowsBlessing","Champion Belt","Regal Pillow","Self Forming Clay","Bottled Tornado"],"potions_floor_usage":[2,7,7,7,16],"damage_taken":[{"damage":0,"enemies":"Small Slimes","floor":1,"turns":1},{"damage":0,"enemies":"Cultist","floor":3,"turns":1},{"damage":0,"enemies":"Jaw Worm","floor":4,"turns":1},{"damage":37,"enemies":"Lagavulin","floor":7,"turns":8},{"damage":8,"enemies":"3 Louse","floor":10,"turns":6},{"damage":21,"enemies":"Gremlin Nob","floor":12,"turns":5},{"damage":46,"enemies":"Slime Boss","floor":16,"turns":12}],"seed_played":"6699893232920093200","potions_obtained":[{"floor":2,"key":"Explosive Potion"},{"floor":2,"key":"Fruit Juice"},{"floor":2,"key":"Fire Potion"},{"floor":3,"key":"Regen Potion"},{"floor":12,"key":"Energy Potion"}],"is_trial":false,"path_per_floor":["M","?","M","M","?","R","E","$","T","M","?","E","R","?","R","B"],"character_chosen":"IRONCLAD","items_purchased":[],"campfire_rested":1,"item_purchase_floors":[],"current_hp_per_floor":[80,85,85,85,60,60,44,44,44,42,25,10,50,43,43,0],"gold":100,"neow_bonus":"THREE_ENEMY_KILL","is_prod":false,"is_daily":false,"chose_seed":false,"campfire_upgraded":2,"win_rate":0,"timestamp":1548028471,"path_taken":["M","?","M","?","?","R","E","?","T","M","?","E","R","?","R","BOSS"],"build_version":"2019-01-17v2","purchased_purges":1,"victory":false,"max_hp_per_floor":[80,85,85,85,85,85,85,85,85,85,85,85,85,85,85,85],"card_choices":[{"not_picked":["Clash","Twin Strike"],"picked":"Sword Boomerang","floor":1},{"not_picked":["Anger","Clash"],"picked":"Warcry","floor":3},{"not_picked":["Wild Strike","Reckless Charge"],"picked":"Clothesline","floor":4},{"not_picked":["Pommel Strike","Anger"],"picked":"True Grit","floor":7},{"not_picked":["Second Wind","Sword Boomerang"],"picked":"Evolve","floor":10},{"not_picked":["Searing Blow","Cleave"],"picked":"Body Slam","floor":12}],"player_experience":184462,"relics_obtained":[{"floor":7,"key":"Regal Pillow"},{"floor":9,"key":"Self Forming Clay"},{"floor":12,"key":"Bottled Tornado"}],"event_choices":[{"damage_healed":0,"gold_gain":0,"player_choice":"Bought 3 Potions","damage_taken":0,"max_hp_gain":0,"max_hp_loss":0,"event_name":"The Woman in Blue","floor":2,"gold_loss":0},{"damage_healed":0,"gold_gain":0,"player_choice":"Success","damage_taken":25,"relics_obtained":["Champion Belt"],"max_hp_gain":0,"max_hp_loss":0,"event_name":"Scrap Ooze","floor":5,"gold_loss":0},{"damage_healed":0,"gold_gain":0,"player_choice":"Entered Light","damage_taken":17,"max_hp_gain":0,"max_hp_loss":0,"event_name":"Shining Light","floor":11,"gold_loss":0,"cards_upgraded":["Strike_R","Defend_R"]},{"cards_removed":["Strike_R"],"damage_healed":0,"gold_gain":0,"player_choice":"Card Removal","damage_taken":7,"max_hp_gain":0,"max_hp_loss":0,"event_name":"Golden Wing","floor":14,"gold_loss":0}],"is_beta":false,"boss_relics":[],"items_purged_floors":[8],"is_endless":false,"potions_floor_spawned":[3,12],"killed_by":"Slime Boss","ascension_level":4}