{"path_per_floor":["M","?","M","M","?","R","M","R","T","T","$","?","M","E","R","B",null,"M","?","$","M","M","R","T","R","T","M"],"character_chosen":"IRONCLAD","items_purchased":["Membership Card","Burning Pact","Flex"],"gold_per_floor":[218,218,234,248,248,248,259,259,259,259,7,7,23,57,57,160,160,180,180,95,107,126,126,126,126,426,443],"floor_reached":28,"campfire_rested":2,"playtime":2145,"current_hp_per_floor":[78,78,78,80,64,64,56,56,56,56,56,56,50,42,66,7,80,60,60,60,25,8,32,32,32,32,31],"items_purged":["Strike_R"],"gold":443,"score":251,"play_id":"7e951a6a-3ff5-4a58-a729-2cbef2ddbf32","is_prod":false,"is_daily":false,"is_ascension_mode":true,"campfire_upgraded":3,"path_taken":["M","?","M","?","?","R","M","R","T","?","$","?","M","E","R","BOSS","M","?","$","M","M","R","?","R","T","M","M"],"build_version":"2018-02-15-PROD1","purchased_purges":2,"victory":false,"master_deck":["Strike_R","Strike_R","Strike_R","Strike_R","Defend_R+1","Defend_R","Defend_R+1","Defend_R+1","Bash+1","Feel No Pain+1","Shockwave+1","Warcry+1","True Grit+1","Feed","Pain","Doubt","Pain","Finesse","Bash","Burning Pact","Flex","Sentinel+1","Armaments","Warcry"],"max_hp_per_floor":[80,80,80,80,80,80,80,80,80,80,80,80,80,80,80,80,80,80,80,80,80,80,80,80,80,80,83],"relics":["Burning Blood","Ice Cream","Gambling Chip","Membership Card","Du-Vu Doll","Calling Bell","Ginger","Centennial Puzzle","War Paint","Magic Flower","Old Coin"],"card_choices":[{"not_picked":["Clothesline","Inflame"],"picked":"Feel No Pain"},{"not_picked":["Corruption","Dropkick"],"picked":"Shockwave"},{"not_picked":["Hemokinesis","Sword Boomerang"],"picked":"Warcry"},{"not_picked":["Cleave","Perfected Strike"],"picked":"True Grit"},{"not_picked":["Demon Form","Dark Embrace"],"picked":"Feed"},{"not_picked":["Fire Breathing","Combust"],"picked":"Sentinel"},{"not_picked":["Reckless Charge","Twin Strike"],"picked":"Armaments"},{"not_picked":["Corruption","Metallicize"],"picked":"Warcry"}],"player_experience":96914,"potions_floor_usage":[16,16,16,18],"damage_taken":[{"damage":8,"enemies":"Small Slimes","floor":1,"turns":4},{"damage":6,"enemies":"Cultist","floor":3,"turns":4},{"damage":3,"enemies":"Jaw Worm","floor":4,"turns":5},{"damage":14,"enemies":"Red Slaver","floor":7,"turns":6},{"damage":12,"enemies":"Exordium Thugs","floor":13,"turns":8},{"damage":14,"enemies":"3 Sentries","floor":14,"turns":14},{"damage":65,"enemies":"Slime Boss","floor":16,"turns":19},{"damage":26,"enemies":"Shell Parasite","floor":18,"turns":9},{"damage":41,"enemies":"3 Byrds","floor":21,"turns":12},{"damage":23,"enemies":"Snake Plant","floor":22,"turns":7},{"damage":15,"enemies":"Snecko","floor":27,"turns":8},{"damage":40,"enemies":"Slaver and Parasite","floor":28,"turns":2}],"event_choices":[{"event_name":"The Woman in Blue","player_choice":"Bought 0 Potions","floor":2,"damage_taken":0},{"event_name":"Shining Light","player_choice":"Entered Light","floor":5,"damage_taken":0},{"event_name":"Upgrade Shrine","player_choice":"Upgraded","floor":12,"damage_taken":0},{"event_name":"Match and Keep!","player_choice":"2 cards matched","floor":19,"damage_taken":0}],"boss_relics":[{"not_picked":["Black Blood","Snecko Eye"],"picked":"Calling Bell"}],"potions_floor_spawned":[4,7,13,14,16,22,27],"seed_played":"2657776050500775676","killed_by":"Slaver and Parasite","ascension_level":3,"is_trial":false}