{"gold_per_floor":[111,111,111,126,126,126,161,161,161,180,199,209,7,37,37,136,136,150,169,169,169,33,33,33,33,33,47,47,64,64,96,96,96],"floor_reached":33,"playtime":1144,"items_purged":[],"score":437,"play_id":"d34115be-4edc-4ef1-b86f-852e9986ed29","local_time":"20190117194807","is_ascension_mode":true,"campfire_choices":[{"floor":6,"key":"REST"},{"floor":8,"key":"REST"},{"floor":15,"key":"REST"},{"data":"Disarm","floor":23,"key":"SMITH"},{"data":"Hemokinesis","floor":25,"key":"SMITH"},{"data":"Clothesline","floor":28,"key":"SMITH"},{"floor":30,"key":"REST"},{"floor":32,"key":"REST"}],"neow_cost":"CURSE","seed_source_timestamp":1995654725078641,"circlet_count":0,"master_deck":["AscendersBane","Strike_R","Strike_R","Strike_R","Strike_R","Strike_R","Defend_R","Defend_R","Defend_R","Defend_R","Bash","Hemokinesis+1","Pommel Strike","Shrug It Off","Clash","Clothesline+1","Twin Strike","Clash","Impervious","Disarm+1","Cleave+1","Spot Weakness+1"],"relics":["Burning Blood","Magic Flower","Anchor","Boot","Shuriken","Toolbox","Bottled Lightning","Eternal Feather","MawBank","Blood Vial","WingedGreaves","Mummified Hand"],"potions_floor_usage":[7,16,31,31],"damage_taken":[{"damage":14,"enemies":"Small Slimes","floor":1,"turns":5},{"damage":17,"enemies":"Jaw Worm","floor":4,"turns":3},{"damage":46,"enemies":"Lagavulin","floor":7,"turns":5},{"damage":3,"enemies":"2 Louse","floor":10,"turns":2},{"damage":0,"enemies":"Looter","floor":11,"turns":2},{"damage":3,"enemies":"Large Slime","floor":12,"turns":4},{"damage":32,"enemies":"Gremlin Nob","floor":14,"turns":4},{"damage":34,"enemies":"Slime Boss","floor":16,"turns":6},{"damage":23,"enemies":"Spheric Guardian","floor":18,"turns":5},{"damage":18,"enemies":"2 Thieves","floor":19,"turns":4},{"damage":36,"enemies":"Shelled Parasite and Fungi","floor":27,"turns":9},{"damage":30,"enemies":"Chosen and Byrds","floor":29,"turns":8},{"damage":76,"enemies":"Book of Stabbing","floor":31,"turns":7},{"damage":79,"enemies":"Collector","floor":33,"turns":5}],"seed_played":"-91072435558355521","potions_obtained":[{"floor":1,"key":"Poison Potion"},{"floor":7,"key":"AttackPotion"},{"floor":11,"key":"Regen Potion"},{"floor":27,"key":"Poison Potion"}],"is_trial":false,"path_per_floor":["M","?","$","M","?","R","E","R","T","M","M","M","$","E","R","B",null,"M","M","?","?","$","R","?","R","T","M","R","M","R","E","R","B"],"character_chosen":"IRONCLAD","items_purchased":["Toolbox","Blood Vial"],"campfire_rested":5,"item_purchase_floors":[13,22],"current_hp_per_floor":[67,67,67,59,34,58,21,45,45,51,60,66,66,43,67,42,71,57,48,48,48,48,60,60,72,72,48,60,42,78,32,68,0],"gold":96,"neow_bonus":"ONE_RARE_RELIC","is_prod":false,"is_daily":false,"chose_seed":false,"campfire_upgraded":3,"win_rate":0,"timestamp":1547754487,"path_taken":["M","?","$","M","?","R","E","R","T","M","M","M","$","E","R","BOSS","M","M","?","?","?","R","?","R","T","M","R","M","R","E","R","BOSS"],"build_version":"2019-01-10","purchased_purges":0,"victory":false,"max_hp_per_floor":[80,80,80,80,80,80,80,80,80,80,80,80,80,80,80,80,80,80,80,80,80,80,80,80,80,80,80,80,80,80,80,80,80],"card_choices":[{"not_picked":["Headbutt","Disarm"],"picked":"Hemokinesis","floor":1},{"not_picked":["Flex","Blood for Blood"],"picked":"Pommel Strike","floor":4},{"not_picked":["Headbutt","Sever Soul"],"picked":"Shrug It Off","floor":7},{"not_picked":["Wild Strike","Searing Blow"],"picked":"Clash","floor":10},{"not_picked":["Flex","Warcry"],"picked":"Clothesline","floor":11},{"not_picked":["Body Slam","True Grit"],"picked":"Twin Strike","floor":12},{"not_picked":["Offering","Reckless Charge"],"picked":"Clash","floor":14},{"not_picked":["Fiend Fire","Dark Embrace"],"picked":"Impervious","floor":16},{"not_picked":["Warcry","Wild Strike"],"picked":"Disarm","floor":18},{"not_picked":["Pommel Strike","Wild Strike"],"picked":"Cleave+1","floor":19},{"not_picked":["True Grit","Rage"],"picked":"Spot Weakness+1","floor":27},{"not_picked":["Havoc+1","Anger","Berserk"],"picked":"SKIP","floor":29},{"not_picked":["Cleave","Twin Strike","Dropkick"],"picked":"SKIP","floor":31}],"player_experience":396366,"relics_obtained":[{"floor":7,"key":"Boot"},{"floor":9,"key":"Shuriken"},{"floor":14,"key":"Bottled Lightning"},{"floor":26,"key":"WingedGreaves"},{"floor":31,"key":"Mummified Hand"}],"event_choices":[{"cards_removed":["Shame"],"damage_healed":0,"gold_gain":0,"player_choice":"Forget","damage_taken":0,"max_hp_gain":0,"max_hp_loss":0,"event_name":"Living Wall","floor":2,"gold_loss":0},{"damage_healed":0,"gold_gain":0,"player_choice":"Success","damage_taken":25,"relics_obtained":["Anchor"],"max_hp_gain":0,"max_hp_loss":0,"event_name":"Scrap Ooze","floor":5,"gold_loss":0},{"damage_healed":0,"gold_gain":0,"player_choice":"Ignored","damage_taken":0,"max_hp_gain":0,"max_hp_loss":0,"event_name":"Ghosts","floor":20,"gold_loss":0},{"damage_healed":0,"gold_gain":0,"player_choice":"Opened","damage_taken":0,"relics_obtained":["MawBank"],"max_hp_gain":0,"max_hp_loss":0,"event_name":"The Mausoleum","floor":21,"gold_loss":0}],"is_beta":false,"boss_relics":[{"not_picked":["Pandora\u0027s Box","Mark of Pain"],"picked":"Eternal Feather"}],"items_purged_floors":[],"is_endless":false,"potions_floor_spawned":[1,7,11,27],"killed_by":"Collector","ascension_level":12}