{"gold_per_floor":[114,134,59,73,89,119,119,132,162,262,262,262,282,357,357,357],"floor_reached":16,"playtime":1087,"items_purged":[],"score":102,"play_id":"82f1c035-4113-443b-b35c-9b19a7ffb93f","local_time":"20190428161202","is_ascension_mode":false,"campfire_choices":[{"data":"Perfected Strike","floor":7,"key":"SMITH"},{"data":"Perfected Strike","floor":11,"key":"SMITH"},{"data":"Seeing Red","floor":15,"key":"SMITH"}],"neow_cost":"NONE","seed_source_timestamp":407211002333855,"circlet_count":0,"master_deck":["Strike_R","Strike_R","Strike_R","Strike_R","Strike_R","Defend_R","Defend_R","Defend_R","Defend_R","Bash","Blind","Seeing Red+1","Perfected Strike+1","Fire Breathing","Perfected Strike+1"],"relics":["Burning Blood","Ornamental Fan","Tiny Chest"],"potions_floor_usage":[5,6,8,16],"damage_taken":[{"damage":3,"enemies":"2 Louse","floor":1,"turns":3},{"damage":1,"enemies":"Cultist","floor":2,"turns":4},{"damage":5,"enemies":"Small Slimes","floor":4,"turns":3},{"damage":0,"enemies":"Looter","floor":5,"turns":1},{"damage":29,"enemies":"3 Sentries","floor":6,"turns":10},{"damage":36,"enemies":"Gremlin Gang","floor":8,"turns":5},{"damage":4,"enemies":"Blue Slaver","floor":13,"turns":3},{"damage":32,"enemies":"The Guardian","floor":16,"turns":7}],"seed_played":"-8078948946668360360","potions_obtained":[{"floor":2,"key":"Regen Potion"},{"floor":4,"key":"Fire Potion"},{"floor":5,"key":"EssenceOfSteel"},{"floor":8,"key":"FearPotion"},{"floor":13,"key":"Ancient Potion"}],"is_trial":false,"path_per_floor":["M","M","$","M","M","E","R","M","T","?","R","$","M","?","R","B"],"character_chosen":"IRONCLAD","items_purchased":["Fire Breathing"],"campfire_rested":0,"item_purchase_floors":[3],"current_hp_per_floor":[80,80,80,80,80,57,57,41,41,41,41,41,43,32,32,0],"gold":357,"neow_bonus":"RANDOM_COLORLESS","is_prod":false,"is_daily":false,"chose_seed":false,"campfire_upgraded":3,"win_rate":0,"timestamp":1556439122,"path_taken":["M","M","$","M","M","E","R","M","T","?","R","?","M","?","R","BOSS"],"build_version":"2019-01-23","purchased_purges":0,"victory":false,"max_hp_per_floor":[80,80,80,80,80,80,80,80,80,80,80,80,80,80,80,80],"card_choices":[{"not_picked":["Clothesline","Body Slam"],"picked":"Seeing Red","floor":1},{"not_picked":["Carnage","Warcry"],"picked":"Perfected Strike","floor":2},{"not_picked":["Havoc","Flame Barrier","Sword Boomerang"],"picked":"SKIP","floor":4},{"not_picked":["Whirlwind","Metallicize","Sword Boomerang"],"picked":"SKIP","floor":5},{"not_picked":["Twin Strike","Clash"],"picked":"Perfected Strike","floor":6},{"not_picked":["Flame Barrier","Clothesline","True Grit"],"picked":"SKIP","floor":8},{"not_picked":["Thunderclap","Anger","Battle Trance"],"picked":"SKIP","floor":13}],"player_experience":280986,"relics_obtained":[{"floor":6,"key":"Ornamental Fan"},{"floor":9,"key":"Tiny Chest"}],"event_choices":[{"damage_healed":0,"gold_gain":100,"player_choice":"Pray","damage_taken":0,"max_hp_gain":0,"max_hp_loss":0,"event_name":"Golden Shrine","floor":10,"gold_loss":0},{"damage_healed":0,"gold_gain":75,"player_choice":"Gather Gold","damage_taken":11,"max_hp_gain":0,"max_hp_loss":0,"event_name":"World of Goop","floor":14,"gold_loss":0}],"is_beta":false,"boss_relics":[],"items_purged_floors":[],"is_endless":false,"potions_floor_spawned":[2,4,5,8,13],"killed_by":"The Guardian","ascension_level":0}