{"gold_per_floor":[113,188,26,26,42,42,72,72,72,72,107,107,119,129,129,232,232,248,248,248,248,268,268,297,297,297,322,335,335,44,44,44,44],"floor_reached":33,"playtime":1287,"items_purged":["Doubt"],"score":430,"play_id":"0f11d636-964f-45b4-a1a5-d6fe59c24094","local_time":"20190118144120","is_ascension_mode":true,"campfire_choices":[{"data":"Zap","floor":6.0,"key":"SMITH"},{"data":"Rebound","floor":8.0,"key":"SMITH"},{"data":"Dualcast","floor":12.0,"key":"SMITH"},{"data":"Defragment","floor":15.0,"key":"SMITH"},{"floor":23,"key":"RECALL"},{"data":"Defragment","floor":29,"key":"SMITH"},{"data":"Defragment","floor":32,"key":"SMITH"}],"neow_cost":"CURSE","seed_source_timestamp":1103777183379873,"circlet_count":0,"master_deck":["AscendersBane","Strike_B+1","Strike_B+1","Strike_B+1","Strike_B+1","Defend_B+1","Defend_B+1","Defend_B+1","Defend_B+1","Zap+1","Dualcast+1","Reboot","Go for the Eyes+1","Ball Lightning","Auto Shields","Cold Snap","Rebound+1","Rebound","Compile Driver","Defragment+1","Hyperbeam","Sweeping Beam","Defragment+1","Glacier","Core Surge","Defragment+1","Auto Shields","Sunder"],"special_seed":0,"relics":["Cracked Core","Turnip","Bottled Flame","Darkstone Periapt","Coffee Dripper","Ornamental Fan","Nunchaku","Strawberry","Smiling Mask","Shuriken"],"potions_floor_usage":[18,18,24,24,33],"damage_taken":[{"damage":4.0,"enemies":"2 Louse","floor":1.0,"turns":3.0},{"damage":2.0,"enemies":"Jaw Worm","floor":5.0,"turns":3.0},{"damage":35.0,"enemies":"3 Sentries","floor":7.0,"turns":7.0},{"damage":4.0,"enemies":"Gremlin Nob","floor":11.0,"turns":3.0},{"damage":0.0,"enemies":"Cultist","floor":13.0,"turns":2.0},{"damage":4.0,"enemies":"Exordium Thugs","floor":14.0,"turns":3.0},{"damage":3.0,"enemies":"Hexaghost","floor":16.0,"turns":8.0},{"damage":4,"enemies":"3 Byrds","floor":18,"turns":3},{"damage":10,"enemies":"Shell Parasite","floor":22,"turns":4},{"damage":17,"enemies":"Slavers","floor":24,"turns":5},{"damage":0,"enemies":"3 Cultists","floor":28,"turns":4},{"damage":64,"enemies":"Automaton","floor":33,"turns":6}],"seed_played":"-1152091171247378255","potions_obtained":[{"floor":5.0,"key":"Swift Potion"},{"floor":13.0,"key":"Swift Potion"},{"floor":16.0,"key":"AttackPotion"},{"floor":21,"key":"Block Potion"},{"floor":21,"key":"Ancient Potion"},{"floor":28,"key":"LiquidBronze"}],"is_trial":false,"path_per_floor":["M","?","$","?","M","R","E","R","T","?","E","R","M","M","R","B",null,"M","?","T","?","M","R","E","$","T","T","M","R","$","?","R","B"],"character_chosen":"DEFECT","items_purchased":["Ball Lightning","Auto Shields","Core Surge","Defragment","Auto Shields","Sunder"],"campfire_rested":0,"item_purchase_floors":[3,3,30,30,30,30],"current_hp_per_floor":[64,53,53,53,51,51,16,16,16,41,37,37,37,33,33,30,64,60,60,60,60,50,50,33,33,40,40,40,40,40,40,40,0],"gold":44,"neow_bonus":"THREE_RARE_CARDS","is_prod":false,"is_daily":false,"chose_seed":false,"campfire_upgraded":6,"win_rate":0,"timestamp":1547822480,"path_taken":["M","?","$","?","M","R","E","R","T","?","E","R","M","M","R","BOSS","M","?","?","?","?","R","E","?","T","?","M","R","$","?","R","BOSS"],"build_version":"2019-01-10","purchased_purges":1,"victory":false,"max_hp_per_floor":[75,75,75,75,75,75,75,75,75,75,75,75,75,75,75,75,75,75,75,75,75,75,75,75,75,82,82,82,82,82,82,82,82],"card_choices":[{"not_picked":["Fission","Multi-Cast"],"picked":"Reboot","floor":0.0},{"not_picked":["Compile Driver","Conserve Battery"],"picked":"Go for the Eyes","floor":1.0},{"not_picked":["Streamline","Ball Lightning"],"picked":"Cold Snap","floor":5.0},{"not_picked":["FTL","Sweeping Beam"],"picked":"Rebound","floor":7.0},{"not_picked":["Go for the Eyes","Sunder"],"picked":"Rebound","floor":11.0},{"not_picked":["Scrape","Genetic Algorithm"],"picked":"Compile Driver","floor":13.0},{"not_picked":["All For One","Loop"],"picked":"Defragment","floor":14.0},{"not_picked":["All For One","Amplify"],"picked":"Hyperbeam","floor":16.0},{"not_picked":["Ball Lightning","Go for the Eyes"],"picked":"Sweeping Beam","floor":18},{"not_picked":["Cold Snap","Leap"],"picked":"Defragment","floor":22},{"not_picked":["Turbo","Storm","Aggregate"],"picked":"SKIP","floor":24},{"not_picked":["Steam","Heatsinks"],"picked":"Glacier","floor":28}],"player_experience":131333,"relics_obtained":[{"floor":7.0,"key":"Turnip"},{"floor":9.0,"key":"Bottled Flame"},{"floor":11.0,"key":"Darkstone Periapt"},{"floor":20,"key":"Ornamental Fan"},{"floor":24,"key":"Nunchaku"},{"floor":26,"key":"Strawberry"},{"floor":27,"key":"Smiling Mask"}],"event_choices":[{"damage_healed":0.0,"max_hp_gain":0.0,"max_hp_loss":0.0,"gold_gain":75.0,"event_name":"World of Goop","player_choice":"Gather Gold","floor":2.0,"gold_loss":0.0,"damage_taken":11.0},{"damage_healed":0.0,"max_hp_gain":0.0,"max_hp_loss":0.0,"gold_gain":0.0,"event_name":"Living Wall","player_choice":"Grow","floor":4.0,"gold_loss":0.0,"damage_taken":0.0,"cards_upgraded":["Go for the Eyes"]},{"damage_healed":25.0,"max_hp_gain":0.0,"max_hp_loss":0.0,"gold_gain":0.0,"event_name":"Big Fish","player_choice":"Banana","floor":10.0,"gold_loss":0.0,"damage_taken":0.0},{"damage_healed":0,"gold_gain":0,"player_choice":"Simplicity","damage_taken":0,"max_hp_gain":0,"max_hp_loss":0,"event_name":"Back to Basics","floor":19,"gold_loss":0,"cards_upgraded":["Strike_B","Strike_B","Strike_B","Strike_B","Defend_B","Defend_B","Defend_B","Defend_B"]},{"damage_healed":0,"gold_gain":0,"player_choice":"Got Potions","damage_taken":0,"max_hp_gain":0,"max_hp_loss":0,"event_name":"Lab","floor":21,"gold_loss":0},{"damage_healed":0,"gold_gain":0,"player_choice":"Opened","damage_taken":0,"relics_obtained":["Shuriken"],"max_hp_gain":0,"max_hp_loss":0,"event_name":"The Mausoleum","floor":31,"gold_loss":0}],"is_beta":false,"boss_relics":[{"not_picked":["Empty Cage","Eternal Feather"],"picked":"Coffee Dripper"}],"items_purged_floors":[3],"is_endless":false,"potions_floor_spawned":[5,13,16,28],"killed_by":"Automaton","ascension_level":12}