{"gold_per_floor":[116,134,84,100,100,130,142,142,142,203,253,318,318,338,338,439,439,452,29,79,54,104,104,139,189,214,231,246,24,24,43,43,143,143,154,164,35,50,100,100,125,141,167,167,199,74,89,67,67,67],"floor_reached":50,"playtime":5971,"items_purged":["Strike_G","Strike_G","Defend_G"],"score":706,"play_id":"52c4e950-e4c4-44f6-ab7e-c5e64ad24fbd","local_time":"20190111233933","is_ascension_mode":true,"campfire_choices":[{"floor":13.0,"key":"REST"},{"floor":15.0,"key":"REST"},{"floor":23.0,"key":"REST"},{"floor":30,"key":"REST"},{"floor":32,"key":"REST"},{"floor":40,"key":"REST"},{"floor":44,"key":"REST"},{"floor":49,"key":"REST"}],"neow_cost":"NONE","seed_source_timestamp":1485909947162808,"circlet_count":0,"master_deck":["Defend_G","Defend_G","Defend_G","Survivor","Neutralize","Infinite Blades","Tactician","Accuracy","Phantasmal Killer","Expertise","Cloak And Dagger","Dagger Throw","Dagger Throw","Adrenaline","Prepared","Tactician","Acrobatics","Infinite Blades","Cloak And Dagger+1","Grand Finale","Finisher+1","Expertise","Acrobatics","Finisher","Acrobatics+1","Tools of the Trade","Backflip"],"special_seed":0,"relics":["HoveringKite","Ice Cream","SsserpentHead","WingedGreaves","Snecko Eye","Juzu Bracelet","Bottled Lightning","Peace Pipe","Anchor","Regal Pillow","Vajra","WristBlade","Dream Catcher","Bronze Scales","Molten Egg 2"],"potions_floor_usage":[27,33,41,45,50,50,50],"damage_taken":[{"damage":2.0,"enemies":"Jaw Worm","floor":1.0,"turns":4.0},{"damage":6.0,"enemies":"2 Louse","floor":2.0,"turns":3.0},{"damage":4.0,"enemies":"Cultist","floor":4.0,"turns":5.0},{"damage":34.0,"enemies":"Lagavulin","floor":6.0,"turns":8.0},{"damage":8.0,"enemies":"Blue Slaver","floor":7.0,"turns":5.0},{"damage":3.0,"enemies":"Gremlin Gang","floor":10.0,"turns":5.0},{"damage":7.0,"enemies":"2 Fungi Beasts","floor":12.0,"turns":4.0},{"damage":1.0,"enemies":"Looter","floor":14.0,"turns":4.0},{"damage":38.0,"enemies":"The Guardian","floor":16.0,"turns":13.0},{"damage":4.0,"enemies":"Shell Parasite","floor":18.0,"turns":6.0},{"damage":13.0,"enemies":"Gremlin Leader","floor":24.0,"turns":7.0},{"damage":5,"enemies":"Spheric Guardian","floor":27,"turns":3},{"damage":24,"enemies":"Cultist and Chosen","floor":28,"turns":7},{"damage":27,"enemies":"Snake Plant","floor":31,"turns":5},{"damage":60,"enemies":"Automaton","floor":33,"turns":10},{"damage":9,"enemies":"3 Shapes","floor":35,"turns":3},{"damage":0,"enemies":"3 Darklings","floor":38,"turns":3},{"damage":13,"enemies":"Giant Head","floor":41,"turns":4},{"damage":20,"enemies":"Spire Growth","floor":42,"turns":3},{"damage":22,"enemies":"Reptomancer","floor":45,"turns":5},{"damage":29,"enemies":"Maw","floor":47,"turns":5},{"damage":55,"enemies":"Awakened One","floor":50,"turns":6}],"seed_played":"4977805884179790806","potions_obtained":[{"floor":1.0,"key":"EssenceOfSteel"},{"floor":6.0,"key":"Swift Potion"},{"floor":10.0,"key":"Weak Potion"},{"floor":11.0,"key":"Swift Potion"},{"floor":11.0,"key":"Block Potion"},{"floor":16.0,"key":"LiquidBronze"},{"floor":18.0,"key":"Swift Potion"},{"floor":28,"key":"Swift Potion"},{"floor":36,"key":"SkillPotion"},{"floor":36,"key":"Poison Potion"},{"floor":36,"key":"Dexterity Potion"},{"floor":41,"key":"GhostInAJar"},{"floor":47,"key":"GhostInAJar"}],"is_trial":false,"path_per_floor":["M","M","?","M","?","E","M","?","T","M","?","M","R","M","R","B",null,"M","$","?","?","?","R","E","?","T","M","M","$","R","M","R","B",null,"M","?","$","M","?","R","E","M","T","R","E","$","M","$","R","B"],"character_chosen":"THE_SILENT","items_purchased":["Tactician","Juzu Bracelet","Bottled Lightning","Vajra","Expertise","EssenceOfSteel"],"campfire_rested":8,"item_purchase_floors":[19,19,19,29,37,48],"current_hp_per_floor":[68,62,62,58,58,24,16,16,16,13,13,6,27,26,47,9,55,51,51,51,51,51,70,57,57,57,52,28,28,64,37,70,10,55,46,46,46,46,46,70,57,37,37,70,48,48,19,19,55,0],"gold":67,"neow_bonus":"BOSS_RELIC","is_prod":false,"is_daily":false,"chose_seed":false,"campfire_upgraded":0,"win_rate":0,"timestamp":1547249973,"path_taken":["M","M","?","M","?","E","M","?","T","?","?","?","R","M","R","BOSS","M","$","?","?","?","R","E","?","T","M","M","$","R","M","R","BOSS","M","?","?","M","?","R","E","M","T","R","E","$","M","?","R","BOSS"],"build_version":"2019-01-10","purchased_purges":3,"victory":false,"max_hp_per_floor":[70,70,70,70,70,70,70,70,70,70,70,70,70,70,70,70,70,70,70,70,70,70,70,70,70,70,70,70,70,70,70,70,70,70,70,70,70,70,70,70,70,70,70,70,70,70,70,70,70,70],"card_choices":[{"not_picked":["Masterful Stab","Dodge and Roll"],"picked":"Infinite Blades","floor":1.0},{"not_picked":["Poisoned Stab","Dagger Throw"],"picked":"Tactician","floor":2.0},{"not_picked":["Dodge and Roll","Escape Plan"],"picked":"Accuracy","floor":4.0},{"not_picked":["Concentrate","Poisoned Stab"],"picked":"Expertise","floor":6.0},{"not_picked":["Bane","Finisher"],"picked":"Cloak And Dagger","floor":7.0},{"not_picked":["Crippling Poison","Masterful Stab","Poisoned Stab"],"picked":"SKIP","floor":10.0},{"not_picked":["Poisoned Stab","Caltrops"],"picked":"Dagger Throw","floor":12.0},{"not_picked":["Venomology","Deflect"],"picked":"Dagger Throw","floor":14.0},{"not_picked":["Die Die Die","Bullet Time"],"picked":"Adrenaline","floor":16.0},{"not_picked":["Backstab","Slice"],"picked":"Prepared","floor":18.0},{"not_picked":["Riddle With Holes","Bane"],"picked":"Acrobatics","floor":24.0},{"not_picked":["Prepared+1","Deadly Poison"],"picked":"Infinite Blades","floor":27},{"not_picked":["Heel Hook+1","Backflip"],"picked":"Cloak And Dagger+1","floor":28},{"not_picked":["Deadly Poison","Deflect+1","Dodge and Roll"],"picked":"SKIP","floor":31},{"not_picked":["Envenom","After Image"],"picked":"Grand Finale","floor":33},{"not_picked":["Deflect+1","Poisoned Stab"],"picked":"Finisher+1","floor":35},{"not_picked":["PiercingWail","Bane+1"],"picked":"Acrobatics","floor":38},{"not_picked":["Slice+1","Leg Sweep"],"picked":"Acrobatics+1","floor":41},{"not_picked":["Crippling Poison","Terror","Outmaneuver+1"],"picked":"SKIP","floor":42},{"not_picked":["Dagger Throw+1","Tactician"],"picked":"Tools of the Trade","floor":45},{"not_picked":["Dagger Throw+1","Backstab+1","Setup"],"picked":"SKIP","floor":47},{"not_picked":["Outmaneuver+1","Deadly Poison"],"picked":"Backflip","floor":49}],"player_experience":182693,"relics_obtained":[{"floor":6.0,"key":"Ice Cream"},{"floor":9.0,"key":"WingedGreaves"},{"floor":24.0,"key":"Anchor"},{"floor":26,"key":"Regal Pillow"},{"floor":41,"key":"Dream Catcher"},{"floor":43,"key":"Bronze Scales"},{"floor":45,"key":"Molten Egg 2"}],"event_choices":[{"damage_healed":0.0,"max_hp_gain":0.0,"max_hp_loss":0.0,"gold_gain":0.0,"event_name":"World of Goop","player_choice":"Left Gold","floor":3.0,"gold_loss":50.0,"damage_taken":0.0},{"damage_healed":0.0,"max_hp_gain":0.0,"max_hp_loss":0.0,"gold_gain":0.0,"cards_transformed":["Strike_G"],"event_name":"Living Wall","player_choice":"Change","floor":5.0,"gold_loss":0.0,"damage_taken":0.0,"cards_obtained":["Phantasmal Killer"]},{"damage_healed":0.0,"max_hp_gain":0.0,"max_hp_loss":0.0,"gold_gain":0.0,"event_name":"FaceTrader","player_choice":"Trade","floor":8.0,"gold_loss":0.0,"damage_taken":0.0,"relics_obtained":["SsserpentHead"]},{"damage_healed":0.0,"max_hp_gain":0.0,"max_hp_loss":0.0,"gold_gain":0.0,"event_name":"Lab","player_choice":"Got Potions","floor":11.0,"gold_loss":0.0,"damage_taken":0.0},{"damage_healed":0.0,"max_hp_gain":0.0,"max_hp_loss":0.0,"gold_gain":0.0,"event_name":"The Mausoleum","player_choice":"Opened","floor":20.0,"gold_loss":0.0,"damage_taken":0.0,"relics_obtained":["Peace Pipe"]},{"cards_removed":["Strike_G"],"damage_healed":0.0,"max_hp_gain":0.0,"max_hp_loss":0.0,"gold_gain":0.0,"event_name":"Beggar","player_choice":"Gave Gold","floor":21.0,"gold_loss":75.0,"damage_taken":0.0},{"damage_healed":0.0,"max_hp_gain":0.0,"max_hp_loss":0.0,"gold_gain":0.0,"event_name":"Match and Keep!","player_choice":"0 cards matched","floor":22.0,"gold_loss":0.0,"damage_taken":0.0,"cards_obtained":[]},{"damage_healed":0.0,"max_hp_gain":0.0,"max_hp_loss":0.0,"gold_gain":0.0,"event_name":"Match and Keep!","player_choice":"0 cards matched","floor":22.0,"gold_loss":0.0,"damage_taken":0.0,"cards_obtained":[]},{"cards_removed":["Strike_G"],"damage_healed":0,"gold_gain":0,"player_choice":"Offered Basic","damage_taken":0,"max_hp_gain":0,"max_hp_loss":0,"event_name":"Bonfire Elementals","floor":25,"gold_loss":0},{"damage_healed":0,"gold_gain":0,"player_choice":"Bought 3 Potions","damage_taken":0,"max_hp_gain":0,"max_hp_loss":0,"event_name":"The Woman in Blue","floor":36,"gold_loss":0},{"damage_healed":0,"gold_gain":0,"cards_transformed":["Defend_G"],"player_choice":"Transformed","damage_taken":0,"max_hp_gain":0,"max_hp_loss":0,"event_name":"Transmorgrifier","floor":39,"gold_loss":0,"cards_obtained":["Finisher"]}],"is_beta":false,"boss_relics":[{"not_picked":["Astrolabe","Velvet Choker"],"picked":"Snecko Eye"},{"not_picked":["Coffee Dripper","Cursed Key"],"picked":"WristBlade"}],"items_purged_floors":[29,37,46],"is_endless":false,"potions_floor_spawned":[1,6,10,16,18,28,41,47],"killed_by":"Awakened One","ascension_level":5}