{"path_per_floor":["M","?","M","$","?","R","?","R","T","T","M","?","M","M","R","B",null,"M","?","M","M","T","R","E","R","T","M","R","E","R","M","R","B",null,"M","$","?","M","?","E","R","?","T","R","E","M","E","M","R","B"],"character_chosen":"THE_SILENT","items_purchased":["Oddly Smooth Stone","Mummified Hand"],"gold_per_floor":[118,196,211,61,41,41,21,21,44,69,85,35,53,73,73,175,205,215,130,117,130,130,130,165,165,165,175,175,206,206,222,222,318,318,333,4,4,21,21,54,54,54,54,54,87,104,137,147,147,147],"floor_reached":51,"campfire_rested":2,"playtime":9222,"current_hp_per_floor":[70,70,64,64,64,64,64,64,64,64,64,64,64,64,64,61,75,60,74,74,58,58,58,37,63,63,69,69,41,67,72,72,49,89,80,80,89,89,89,89,89,89,89,89,89,89,89,89,89,89],"items_purged":["Strike_G"],"gold":147,"score":638,"play_id":"d08ad352-fc82-42d4-931f-6d44bddc4815","is_prod":false,"is_daily":false,"is_ascension_mode":false,"campfire_upgraded":7,"path_taken":["M","?","M","$","?","R","?","R","T","?","M","?","M","M","R","BOSS","M","?","M","M","?","R","E","R","T","M","R","E","R","M","R","BOSS","M","$","?","?","?","E","R","?","T","R","E","M","E","M","R","BOSS"],"build_version":"2018-02-12-PROD1","purchased_purges":1,"victory":true,"master_deck":["Defend_G","Defend_G","Defend_G","Defend_G+1","Defend_G+1","Strike_G","Strike_G","Strike_G","Survivor+1","Neutralize+1","Backstab","Slice","Flying Knee","Prepared","Footwork+1","Envenom","Escape Plan","Dagger Throw+1","A Thousand Cuts+1","Die Die Die","Backflip+1","Well Laid Plans+1","Glass Knife","Dodge and Roll+1","Backflip+1","Backflip+1","Dagger Spray+1","Slice+1"],"max_hp_per_floor":[70,70,70,70,70,70,70,70,70,70,70,70,70,70,70,70,75,75,89,89,89,89,89,89,89,89,89,89,89,89,89,89,89,89,89,89,89,89,89,89,89,89,89,89,89,89,89,89,89,89],"relics":["Ring of the Snake","Oddly Smooth Stone","Bag of Marbles","Happy Flower","Tiny House","Mango","Peace Pipe","Ninja Scroll","Bird Faced Urn","Matryoshka","Black Star","Mummified Hand","Sundial","Thread and Needle","Lantern","Calipers","Girya","Torii","Dodecahedron","Bottled Flame"],"card_choices":[{"not_picked":["Doppelganger","Masterful Stab"],"picked":"Backstab"},{"not_picked":["Quick Slash","Deflect"],"picked":"Slice"},{"not_picked":["Prepared","Blur"],"picked":"Flying Knee"},{"not_picked":["Bane","Bullet Time"],"picked":"Prepared"},{"not_picked":["Deflect","Blur"],"picked":"Footwork"},{"not_picked":["Doppelganger","Wraith Form"],"picked":"Envenom"},{"not_picked":["Outmaneuver","Deadly Poison"],"picked":"Escape Plan"},{"not_picked":["Catalyst","Outmaneuver"],"picked":"Backflip"},{"not_picked":["PiercingWail","Deflect"],"picked":"Dagger Throw"},{"not_picked":["Deadly Poison","Blur"],"picked":"A Thousand Cuts"},{"not_picked":["Dodge and Roll","Acrobatics"],"picked":"Die Die Die"},{"not_picked":["Acrobatics","Calculated Gamble"],"picked":"Backflip"},{"not_picked":["Malaise","Escape Plan"],"picked":"Well Laid Plans"},{"not_picked":["A Thousand Cuts","Night Terror"],"picked":"Glass Knife"},{"not_picked":["Quick Slash","Dagger Throw"],"picked":"Dodge and Roll"},{"not_picked":["Prepared","Acrobatics"],"picked":"Backflip"},{"not_picked":["Outmaneuver","Night Terror"],"picked":"Backflip"},{"not_picked":["Flying Knee","Deadly Poison"],"picked":"Dagger Spray"},{"not_picked":["Flechettes","Deadly Poison"],"picked":"Slice"}],"player_experience":26665,"potions_floor_usage":[13,16,21,24,29,33,50],"damage_taken":[{"damage":0,"enemies":"Small Slimes","floor":1,"turns":5},{"damage":6,"enemies":"Blue Slaver","floor":3,"turns":6},{"damage":0,"enemies":"Jaw Worm","floor":11,"turns":3},{"damage":0,"enemies":"Gremlin Gang","floor":13,"turns":5},{"damage":0,"enemies":"Exordium Wildlife","floor":14,"turns":3},{"damage":3,"enemies":"The Guardian","floor":16,"turns":17},{"damage":15,"enemies":"Chosen","floor":18,"turns":5},{"damage":0,"enemies":"2 Thieves","floor":20,"turns":4},{"damage":16,"enemies":"Sentry and Sphere","floor":21,"turns":9},{"damage":21,"enemies":"Book of Stabbing","floor":24,"turns":9},{"damage":0,"enemies":"Snecko","floor":27,"turns":5},{"damage":34,"enemies":"Gremlin Leader","floor":29,"turns":5},{"damage":1,"enemies":"Centurion and Healer","floor":31,"turns":5},{"damage":31,"enemies":"Automaton","floor":33,"turns":11},{"damage":9,"enemies":"3 Darklings","floor":35,"turns":3},{"damage":0,"enemies":"Orb Walker","floor":38,"turns":4},{"damage":2,"enemies":"Nemesis","floor":40,"turns":9},{"damage":0,"enemies":"Giant Head","floor":45,"turns":13},{"damage":0,"enemies":"3 Darklings","floor":46,"turns":4},{"damage":0,"enemies":"Nemesis","floor":47,"turns":10},{"damage":0,"enemies":"Sphere and 2 Shapes","floor":48,"turns":4},{"damage":1,"enemies":"Time Eater","floor":50,"turns":13}],"event_choices":[{"event_name":"Golden Wing","player_choice":"Gained Gold","floor":2,"damage_taken":0},{"event_name":"The Woman in Blue","player_choice":"Bought 1 Potion","floor":5,"damage_taken":0},{"event_name":"World of Goop","player_choice":"Left","floor":7,"damage_taken":0},{"event_name":"The Cleric","player_choice":"Card Removal","floor":12,"damage_taken":0},{"event_name":"Addict","player_choice":"Obtained Relic","floor":19,"damage_taken":0},{"event_name":"Winding Halls","player_choice":"Writhe","floor":37,"damage_taken":0},{"event_name":"Wheel of Change","player_choice":"Full Heal","floor":39,"damage_taken":0}],"boss_relics":[{"not_picked":["Philosopher\u0027s Stone","Eternal Feather"],"picked":"Tiny House"},{"not_picked":["Runic Dome","Velvet Choker"],"picked":"Black Star"}],"potions_floor_spawned":[1,16,21,27,31,35,47,48],"seed_played":"-2658718507440688997","ascension_level":0,"is_trial":false}