{"gold_per_floor":[116,116,62,82,96,96,115,115,115,140,160,160,172,185,185,185],"floor_reached":16,"playtime":1215,"items_purged":[],"score":120,"play_id":"36ac4b94-6a4b-4c1d-bd51-f294678bb220","local_time":"20190105112241","is_ascension_mode":true,"campfire_choices":[{"data":"Zap","floor":6,"key":"SMITH"},{"data":"Dualcast","floor":8,"key":"SMITH"},{"data":"Reprogram","floor":12,"key":"SMITH"},{"data":"Auto Shields","floor":15,"key":"SMITH"}],"neow_cost":"NONE","seed_source_timestamp":84036925991221,"circlet_count":0,"master_deck":["Strike_B","Strike_B","Strike_B","Strike_B","Defend_B","Defend_B","Defend_B","Defend_B","Zap+1","Dualcast+1","Leap","Auto Shields+1","Leap","Reprogram+1","Tempest","Melter","Ball Lightning"],"relics":["Cracked Core","Bird Faced Urn","Nunchaku"],"potions_floor_usage":[10,14,14],"damage_taken":[{"damage":5,"enemies":"Jaw Worm","floor":1,"turns":3},{"damage":0,"enemies":"Small Slimes","floor":4,"turns":3},{"damage":0,"enemies":"2 Louse","floor":5,"turns":2},{"damage":2,"enemies":"2 Fungi Beasts","floor":7,"turns":4},{"damage":20,"enemies":"Lagavulin","floor":10,"turns":8},{"damage":0,"enemies":"Exordium Wildlife","floor":11,"turns":2},{"damage":0,"enemies":"3 Louse","floor":13,"turns":3},{"damage":11,"enemies":"Lots of Slimes","floor":14,"turns":3},{"damage":43,"enemies":"Hexaghost","floor":16,"turns":9}],"seed_played":"7819192537628552353","potions_obtained":[{"floor":1,"key":"Dexterity Potion"},{"floor":5,"key":"Weak Potion"},{"floor":13,"key":"EntropicBrew"},{"floor":14,"key":"PowerPotion"}],"is_trial":false,"path_per_floor":["M","?","$","M","M","R","M","R","T","E","M","R","M","M","R","B"],"character_chosen":"DEFECT","items_purchased":["Leap"],"campfire_rested":0,"item_purchase_floors":[3],"current_hp_per_floor":[70,75,75,75,75,75,73,73,73,53,53,53,53,42,42,0],"gold":185,"neow_bonus":"THREE_CARDS","is_prod":false,"is_daily":false,"chose_seed":false,"campfire_upgraded":4,"win_rate":0,"timestamp":1546708961,"path_taken":["M","?","$","M","M","R","M","R","T","E","M","R","M","M","R","BOSS"],"build_version":"2019-01-03v4","purchased_purges":0,"victory":false,"max_hp_per_floor":[75,80,80,80,80,80,80,80,80,80,80,80,80,80,80,80],"card_choices":[{"not_picked":["Aggregate","Redo"],"picked":"Leap","floor":0},{"not_picked":["Force Field","Hologram"],"picked":"Auto Shields","floor":1},{"not_picked":["Hello World","Barrage"],"picked":"Reprogram","floor":4},{"not_picked":["Turbo","Chaos","Compile Driver"],"picked":"SKIP","floor":5},{"not_picked":["Gash","Sweeping Beam"],"picked":"Tempest","floor":7},{"not_picked":["Chaos","Chill"],"picked":"Melter","floor":10},{"not_picked":["Gash","Double Energy","BootSequence"],"picked":"SKIP","floor":11},{"not_picked":["Compile Driver","Turbo"],"picked":"Ball Lightning","floor":13},{"not_picked":["Compile Driver","Chill","Coolheaded"],"picked":"SKIP","floor":14}],"player_experience":303319,"relics_obtained":[{"floor":9,"key":"Bird Faced Urn"},{"floor":10,"key":"Nunchaku"}],"event_choices":[{"damage_healed":0,"gold_gain":0,"player_choice":"Donut","damage_taken":0,"max_hp_gain":5,"max_hp_loss":0,"event_name":"Big Fish","floor":2,"gold_loss":0}],"is_beta":false,"boss_relics":[],"items_purged_floors":[],"is_endless":false,"potions_floor_spawned":[1,5,13,14],"killed_by":"Hexaghost","ascension_level":3}