{"path_per_floor":["M","?","?","M","M","R","E","M","T","R","?","E","M","E","R","B",null,"M","?","?","M","$","E","M","R","T","E","$","?","?","M","R","B",null,"M","?","$","M","?","E","M","R","T","E","M","R","M","M","R","B"],"character_chosen":"IRONCLAD","items_purchased":["Kunai","Shrug It Off","Bag of Marbles","Shrug It Off","Pen Nib"],"gold_per_floor":[114,114,189,208,227,227,265,284,284,284,314,352,371,409,409,534,534,553,468,468,487,183,221,240,240,270,308,110,110,35,54,54,179,179,198,221,71,90,90,128,147,147,172,210,229,229,248,267,267,267],"floor_reached":51,"campfire_rested":0,"playtime":1762,"item_purchase_floors":[22,22,28,28,37],"current_hp_per_floor":[80,60,49,49,55,55,50,63,63,63,69,62,71,78,78,42,80,76,76,76,76,76,72,74,74,74,88,88,88,88,91,91,91,91,91,85,85,92,92,97,78,78,78,86,95,95,103,103,103,85],"items_purged":[],"gold":267,"score":890,"play_id":"0d6bee9c-a2fb-4a66-b4a1-8863c7bf50f2","local_time":"20180614225135","daily_mods":["Brewmaster","Time Dilation","Lethality"],"is_prod":false,"is_daily":true,"chose_seed":false,"is_ascension_mode":false,"campfire_upgraded":5,"win_rate":0,"timestamp":1529038295,"campfire_choices":[{"data":"Perfected Strike","floor":6,"key":"SMITH"},{"data":"Perfected Strike","floor":10,"key":"SMITH"},{"data":"Perfected Strike","floor":15,"key":"SMITH"},{"data":"Shrug It Off","floor":25,"key":"SMITH"},{"data":"Rampage","floor":32,"key":"SMITH"},{"data":"1","floor":42,"key":"LIFT"},{"data":"2","floor":46,"key":"LIFT"},{"data":"3","floor":49,"key":"LIFT"}],"path_taken":["M","?","?","M","M","R","E","M","T","R","?","E","?","E","R","BOSS","M","?","?","M","$","E","M","R","T","E","$","?","?","M","R","BOSS","M","?","$","M","?","E","?","R","T","E","?","R","M","M","R","BOSS"],"build_version":"2018-06-14","seed_source_timestamp":0,"purchased_purges":0,"victory":true,"master_deck":["Strike_R","Strike_R","Strike_R","Strike_R","Strike_R","Defend_R","Defend_R","Defend_R","Bash","Venomology","Venomology","Venomology","Venomology","Venomology","Rampage+1","Perfected Strike+1","Perfected Strike+1","Double Tap","Perfected Strike+1","Feed","Headbutt+1","Shrug It Off+1","Clash","Shrug It Off","Battle Trance","Shrug It Off+1","Twin Strike+1","Flex+1","Spot Weakness"],"max_hp_per_floor":[80,80,80,80,80,80,80,80,80,80,80,80,80,80,80,80,80,80,80,80,80,80,83,83,83,83,88,88,88,88,91,91,91,91,91,94,94,97,97,97,100,100,100,100,100,100,103,103,103,103],"special_seed":17697,"relics":["Burning Blood","White Beast Statue","Golden Idol","Anchor","Shuriken","Odd Mushroom","Magic Flower","Bronze Scales","Busted Crown","Orichalcum","Kunai","Oddly Smooth Stone","Tiny Chest","Omamori","Bag of Marbles","Black Star","Girya","Pen Nib","Gremlin Horn","Frozen Egg 2","Potion Belt","Torii","Sundial"],"card_choices":[{"not_picked":["Anger","Intimidate"],"picked":"Rampage","floor":1},{"not_picked":["Battle Trance","Anger"],"picked":"Perfected Strike","floor":4},{"not_picked":["Dropkick","Havoc"],"picked":"Perfected Strike","floor":5},{"not_picked":["Immolate","Rage","Clash"],"picked":"SKIP","floor":7},{"not_picked":["Rampage","Flame Barrier","Metallicize"],"picked":"SKIP","floor":8},{"not_picked":["Sentinel","Power Through"],"picked":"Double Tap","floor":12},{"not_picked":["Havoc","Sever Soul"],"picked":"Perfected Strike","floor":13},{"not_picked":["Warcry","Carnage","Clothesline"],"picked":"SKIP","floor":14},{"not_picked":["Brutality","Demon Form"],"picked":"Feed","floor":16},{"not_picked":[],"picked":"Headbutt+1","floor":18},{"not_picked":["Rage"],"picked":"SKIP","floor":21},{"not_picked":["Rupture"],"picked":"SKIP","floor":23},{"not_picked":[],"picked":"Clash","floor":24},{"not_picked":["Hemokinesis+1"],"picked":"SKIP","floor":27},{"not_picked":["Sever Soul"],"picked":"SKIP","floor":31},{"not_picked":[],"picked":"Battle Trance","floor":35},{"not_picked":[],"picked":"Shrug It Off+1","floor":38},{"not_picked":["Armaments"],"picked":"SKIP","floor":40},{"not_picked":[],"picked":"Twin Strike+1","floor":41},{"not_picked":["Iron Wave"],"picked":"SKIP","floor":44},{"not_picked":[],"picked":"Flex+1","floor":45},{"not_picked":[],"picked":"Spot Weakness","floor":47},{"not_picked":["Evolve+1"],"picked":"SKIP","floor":48}],"player_experience":368715,"potions_floor_usage":[1,4,4,4,4,5,5,7,7,7,7,8,8,11,11,11,12,12,12,12,12,13,14,14,14,14,14,16,16,16,16,18,18,18,21,21,21,23,23,27,27,31,33,33,33,33,33,35,36,40,40,41,41,44,44,44,44,45,45,47,48,50,50,50,50,50,50,50,50,50],"damage_taken":[{"damage":0,"enemies":"Cultist","floor":1,"turns":2},{"damage":6,"enemies":"Small Slimes","floor":4,"turns":3},{"damage":0,"enemies":"2 Louse","floor":5,"turns":1},{"damage":11,"enemies":"3 Sentries","floor":7,"turns":3},{"damage":1,"enemies":"2 Fungi Beasts","floor":8,"turns":3},{"damage":0,"floor":11,"turns":3},{"damage":21,"enemies":"Lagavulin","floor":12,"turns":5},{"damage":0,"enemies":"Large Slime","floor":13,"turns":4},{"damage":11,"enemies":"3 Sentries","floor":14,"turns":4},{"damage":69,"enemies":"The Guardian","floor":16,"turns":8},{"damage":13,"enemies":"2 Thieves","floor":18,"turns":3},{"damage":9,"enemies":"3 Byrds","floor":21,"turns":3},{"damage":26,"enemies":"Slavers","floor":23,"turns":3},{"damage":7,"enemies":"Sentry and Sphere","floor":24,"turns":3},{"damage":0,"enemies":"Book of Stabbing","floor":27,"turns":2},{"damage":1,"enemies":"Cultist and Chosen","floor":31,"turns":3},{"damage":3,"enemies":"Champ","floor":33,"turns":6},{"damage":3,"enemies":"Orb Walker","floor":35,"turns":2},{"damage":18,"floor":36,"turns":3},{"damage":7,"enemies":"3 Shapes","floor":38,"turns":2},{"damage":0,"enemies":"2 Orb Walkers","floor":40,"turns":3},{"damage":33,"enemies":"Maw","floor":41,"turns":5},{"damage":23,"enemies":"Giant Head","floor":44,"turns":6},{"damage":0,"enemies":"4 Shapes","floor":45,"turns":1},{"damage":1,"enemies":"Sphere and 2 Shapes","floor":47,"turns":3},{"damage":0,"enemies":"3 Darklings","floor":48,"turns":2},{"damage":43,"enemies":"Time Eater","floor":50,"turns":6}],"relics_obtained":[{"floor":7,"key":"Anchor"},{"floor":9,"key":"Shuriken"},{"floor":11,"key":"Odd Mushroom"},{"floor":12,"key":"Magic Flower"},{"floor":14,"key":"Bronze Scales"},{"floor":23,"key":"Oddly Smooth Stone"},{"floor":26,"key":"Tiny Chest"},{"floor":27,"key":"Omamori"},{"floor":36,"key":"Girya"},{"floor":40,"key":"Gremlin Horn"},{"floor":40,"key":"Frozen Egg 2"},{"floor":43,"key":"Potion Belt"},{"floor":44,"key":"Torii"},{"floor":44,"key":"Sundial"}],"event_choices":[{"event_name":"Golden Idol","player_choice":"Take Damage","floor":2,"damage_taken":0},{"event_name":"World of Goop","player_choice":"Gather Gold","floor":3,"damage_taken":0},{"event_name":"Mushrooms","player_choice":"Fought Mushrooms","floor":11,"damage_taken":0},{"event_name":"Addict","player_choice":"Obtained Relic","floor":19,"damage_taken":0},{"event_name":"Drug Dealer","player_choice":"Ignored","floor":20,"damage_taken":0},{"event_name":"Vampires","player_choice":"Ignored","floor":29,"damage_taken":0},{"event_name":"Beggar","player_choice":"Gave Gold","floor":30,"damage_taken":0},{"event_name":"Mysterious Sphere","player_choice":"Fight","floor":36,"damage_taken":0},{"event_name":"The Moai Head","player_choice":"Ignored","floor":39,"damage_taken":0}],"boss_relics":[{"not_picked":["Astrolabe","Runic Pyramid"],"picked":"Busted Crown"},{"not_picked":["Pandora\u0027s Box","Runic Cube"],"picked":"Black Star"}],"items_purged_floors":[],"is_endless":false,"potions_floor_spawned":[1,4,5,7,8,11,12,13,14,16,18,21,23,24,27,31,33,35,36,38,40,41,44,45,47,48],"seed_played":"-2070942787049957180","ascension_level":0,"potions_obtained":[{"floor":1,"key":"Strength Potion"},{"floor":4,"key":"SteroidPotion"},{"floor":5,"key":"Strength Potion"},{"floor":7,"key":"BloodPotion"},{"floor":8,"key":"Poison Potion"},{"floor":11,"key":"Dexterity Potion"},{"floor":12,"key":"Poison Potion"},{"floor":13,"key":"BloodPotion"},{"floor":14,"key":"SkillPotion"},{"floor":16,"key":"Weak Potion"},{"floor":18,"key":"Fire Potion"},{"floor":23,"key":"Strength Potion"},{"floor":24,"key":"Fruit Juice"},{"floor":27,"key":"Regen Potion"},{"floor":31,"key":"Strength Potion"},{"floor":33,"key":"BloodPotion"},{"floor":35,"key":"FearPotion"},{"floor":38,"key":"EssenceOfSteel"},{"floor":40,"key":"SkillPotion"},{"floor":41,"key":"Energy Potion"},{"floor":44,"key":"Explosive Potion"},{"floor":45,"key":"SteroidPotion"},{"floor":47,"key":"LiquidBronze"},{"floor":48,"key":"Ancient Potion"}],"is_trial":false}