{"path_per_floor":["M","?","M","M","?","E","$","M","T","E","M","?","?","M","R","B",null,"M","?","$","M","M","R","$","R","T","R","E","R","?","M","R","B",null,"M","$","?","M","?","R","E","M","T","R","M","T","M","E","R","B"],"character_chosen":"THE_SILENT","items_purchased":["Infinite Blades","Shuriken","Infinite Blades","Oddly Smooth Stone"],"gold_per_floor":[116,116,128,141,91,126,45,63,136,162,179,179,179,189,189,291,291,303,303,56,73,84,84,6,6,6,6,36,36,36,51,51,149,149,169,14,14,32,0,0,25,45,122,122,134,183,193,228,228,228],"floor_reached":51,"campfire_rested":5,"playtime":3050,"current_hp_per_floor":[69,62,60,60,60,44,44,44,44,34,27,27,44,44,65,21,70,50,50,50,39,28,49,49,49,49,49,42,42,42,32,53,18,70,64,64,64,47,47,68,68,56,56,56,48,48,42,47,69,42],"items_purged":[],"gold":228,"score":697,"play_id":"3fed9f8c-3edc-42d1-8098-456087972145","is_prod":false,"is_daily":false,"is_ascension_mode":true,"campfire_upgraded":4,"path_taken":["M","?","M","M","?","E","$","?","T","E","M","?","?","M","R","BOSS","M","?","$","?","M","R","$","R","T","R","E","R","?","M","R","BOSS","M","$","?","M","?","R","E","M","T","R","M","?","?","E","R","BOSS"],"build_version":"2018-02-23-BETA1","purchased_purges":0,"victory":true,"master_deck":["Defend_G","Defend_G","Defend_G","Defend_G","Defend_G","Strike_G","Strike_G","Strike_G+1","Strike_G","Survivor","Neutralize","Sucker Punch","Flying Knee","After Image+1","Well Laid Plans","Infinite Blades","All Out Attack","Accuracy+1","Cloak And Dagger+1","Die Die Die","Cloak And Dagger","Backflip+1","Infinite Blades+1","Cloak And Dagger+1","After Image","Neutralize+1","Terror+1","Accuracy+1"],"max_hp_per_floor":[70,70,70,70,70,70,70,70,70,70,70,70,70,70,70,70,70,70,70,70,70,70,70,70,70,70,70,70,70,70,70,70,70,70,70,70,70,70,70,70,70,70,70,70,70,70,72,74,74,74],"relics":["Runic Dome","Pen Nib","Letter Opener","Dodecahedron","Omamori","Question Card","Shuriken","Meat on the Bone","Toolbox","Sozu","Oddly Smooth Stone","Red Mask","Lantern","Ninja Scroll","Singing Bowl","Whetstone"],"card_choices":[{"not_picked":["Poisoned Stab","Dagger Spray"],"picked":"Sucker Punch"},{"not_picked":["Slice","Malaise"],"picked":"Flying Knee"},{"not_picked":["Deadly Poison","Skewer"],"picked":"After Image"},{"not_picked":["Underhanded Strike","Concentrate"],"picked":"Well Laid Plans"},{"not_picked":["Dagger Spray","Acrobatics"],"picked":"All Out Attack"},{"not_picked":["Skewer","Flechettes"],"picked":"Accuracy"},{"not_picked":["Catalyst","PiercingWail"],"picked":"Cloak And Dagger"},{"not_picked":["Night Terror","Tactician"],"picked":"Die Die Die"},{"not_picked":["Endless Agony","Acrobatics","Catalyst"],"picked":"Cloak And Dagger"},{"not_picked":["Outmaneuver","Deflect","Setup"],"picked":"Backflip"},{"not_picked":["Dagger Spray","Envenom","Deadly Poison"],"picked":"Cloak And Dagger"},{"not_picked":["Corpse Explosion","Tools of the Trade","Envenom"],"picked":"After Image"},{"not_picked":["Endless Agony","Outmaneuver","Reflex"],"picked":"Terror"},{"not_picked":["Slice","Sucker Punch","Poisoned Stab"],"picked":"Accuracy"}],"player_experience":178854,"potions_floor_usage":[6,16,22,28,28,33,50],"damage_taken":[{"damage":1,"enemies":"Jaw Worm","floor":1,"turns":5},{"damage":2,"enemies":"2 Louse","floor":3,"turns":2},{"damage":0,"enemies":"Small Slimes","floor":4,"turns":3},{"damage":16,"enemies":"Gremlin Nob","floor":6,"turns":6},{"damage":0,"enemies":"Red Slaver","floor":8,"turns":3},{"damage":10,"enemies":"3 Sentries","floor":10,"turns":5},{"damage":7,"enemies":"Gremlin Gang","floor":11,"turns":4},{"damage":0,"enemies":"Large Slime","floor":14,"turns":5},{"damage":44,"enemies":"Hexaghost","floor":16,"turns":10},{"damage":20,"enemies":"Spheric Guardian","floor":18,"turns":4},{"damage":11,"enemies":"Chosen","floor":21,"turns":6},{"damage":11,"enemies":"Snecko","floor":22,"turns":6},{"damage":7,"enemies":"Gremlin Leader","floor":28,"turns":5},{"damage":22,"enemies":"Slaver and Parasite","floor":31,"turns":5},{"damage":47,"enemies":"Collector","floor":33,"turns":9},{"damage":6,"enemies":"3 Shapes","floor":35,"turns":4},{"damage":17,"enemies":"3 Darklings","floor":38,"turns":5},{"damage":0,"enemies":"Giant Head","floor":41,"turns":6},{"damage":12,"enemies":"4 Shapes","floor":42,"turns":6},{"damage":12,"enemies":"Sphere and 2 Shapes","floor":45,"turns":3},{"damage":8,"enemies":"Maw","floor":47,"turns":6},{"damage":9,"enemies":"2 Orb Walkers","floor":48,"turns":4},{"damage":27,"enemies":"Time Eater","floor":50,"turns":8}],"event_choices":[{"event_name":"Scrap Ooze","player_choice":"success","floor":2,"damage_taken":7},{"event_name":"The Cleric","player_choice":"Card Removal","floor":5,"damage_taken":0},{"event_name":"Shining Light","player_choice":"Ignored","floor":12,"damage_taken":0},{"event_name":"Mushrooms","player_choice":"Healed and dodged fight","floor":13,"damage_taken":0},{"event_name":"Beggar","player_choice":"Ignored","floor":19,"damage_taken":0},{"event_name":"Drug Dealer","player_choice":"Ignored","floor":30,"damage_taken":0},{"event_name":"Match and Keep!","player_choice":"1 cards matched","floor":37,"damage_taken":0},{"event_name":"Tomb of Lord Red Mask","player_choice":"Paid","floor":39,"damage_taken":0}],"boss_relics":[{"not_picked":["Pandora\u0027s Box","Philosopher\u0027s Stone"],"picked":"Question Card"},{"not_picked":["White Beast Statue","Eternal Feather"],"picked":"Sozu"}],"potions_floor_spawned":[3,10,14,16,21,22,28,41,47,48],"seed_played":"7915055143939902232","ascension_level":4,"is_trial":false}