{"path_per_floor":["M","?","?","M","?","R","$","E","T","M","R","E","M","T","R","B",null,"M","M","M","M","?","R","E","?","T","M","R","$","M","E","R"],"character_chosen":"IRONCLAD","items_purchased":["Offering","Orichalcum"],"gold_per_floor":[118,118,193,209,209,209,74,100,124,143,143,168,186,186,186,284,314,331,348,362,376,426,426,490,490,565,580,580,353,365,390,390],"floor_reached":33,"campfire_rested":4,"playtime":1557,"current_hp_per_floor":[54,59,48,47,40,64,64,47,47,49,49,30,32,32,56,8,69,57,51,46,21,21,47,46,97,97,69,69,69,64,49,78],"items_purged":["Strike_R"],"gold":390,"score":497,"play_id":"b7be4690-e327-4de9-b8fd-91e222b3dec5","local_time":"20180305145457","is_prod":false,"is_daily":false,"is_ascension_mode":true,"campfire_upgraded":2,"timestamp":1520261697,"path_taken":["M","?","?","M","?","R","$","E","T","?","R","E","?","?","R","BOSS","M","?","M","?","?","R","E","?","T","M","R","$","?","E","R","BOSS"],"build_version":"2018-03-01-PROD1","purchased_purges":1,"victory":false,"master_deck":["Strike_R+1","Strike_R","Strike_R","Strike_R","Defend_R","Defend_R+1","Defend_R","Defend_R+1","Bash","Cleave","Offering","Whirlwind+1","Brutality","Rupture+1","Clash+1"],"max_hp_per_floor":[80,85,85,85,82,82,82,82,82,82,82,82,82,82,82,82,87,87,87,87,87,87,87,87,97,97,97,97,97,97,97,97],"relics":["Burning Blood","Bag of Marbles","Ancient Tea Set","Anchor","Toolbox","War Paint","Tiny House","Tiny Chest","Blue Candle","Orichalcum","Blood Vial"],"card_choices":[{"not_picked":["Seeing Red","True Grit"],"picked":"Cleave"},{"not_picked":["Burning Pact","Clash"],"picked":"Whirlwind"},{"not_picked":["Pommel Strike","Intimidate"],"picked":"Brutality"},{"not_picked":["Havoc","Pommel Strike"],"picked":"Rupture"},{"not_picked":["Clothesline","Second Wind"],"picked":"Reaper"},{"not_picked":["Anger","Dual Wield"],"picked":"Clash"}],"player_experience":197076,"potions_floor_usage":[8,16,16,24,31,33],"damage_taken":[{"damage":24,"enemies":"Small Slimes","floor":1,"turns":3},{"damage":7,"enemies":"Jaw Worm","floor":4,"turns":3},{"damage":35,"enemies":"3 Sentries","floor":8,"turns":8},{"damage":4,"enemies":"Cultist","floor":10,"turns":2},{"damage":25,"enemies":"Lagavulin","floor":12,"turns":3},{"damage":4,"enemies":"3 Louse","floor":13,"turns":1},{"damage":54,"enemies":"The Guardian","floor":16,"turns":10},{"damage":18,"enemies":"Chosen","floor":18,"turns":4},{"damage":12,"enemies":"2 Thieves","floor":19,"turns":3},{"damage":18,"enemies":"Chosen and Byrds","floor":20,"turns":5},{"damage":31,"enemies":"Centurion and Healer","floor":21,"turns":5},{"damage":7,"enemies":"Gremlin Leader","floor":24,"turns":5},{"damage":34,"enemies":"Cultist and Chosen","floor":27,"turns":4},{"damage":11,"enemies":"3 Cultists","floor":30,"turns":3},{"damage":21,"enemies":"Slavers","floor":31,"turns":3},{"damage":100,"enemies":"Champ","floor":33,"turns":12}],"event_choices":[{"event_name":"Big Fish","player_choice":"Donut","floor":2,"damage_taken":0},{"event_name":"World of Goop","player_choice":"Gather Gold","floor":3,"damage_taken":0},{"event_name":"Golden Wing","player_choice":"Card Removal","floor":5,"damage_taken":0},{"event_name":"The Joust","player_choice":"Bet on Murderer","floor":22,"damage_taken":0},{"event_name":"Bonfire Elementals","player_choice":"RARE","floor":25,"damage_taken":0}],"boss_relics":[{"not_picked":["Pandora\u0027s Box","Runic Cube"],"picked":"Tiny House"}],"potions_floor_spawned":[4,10,13,20,21,24,27],"seed_played":"7632938850494784169","killed_by":"Champ","ascension_level":12,"is_trial":false}