{"gold_per_floor":[17,17,17,34,34,69,86,86,86,96,96,111,126,201,201,279,279,289,289,300,300,320,320],"floor_reached":23,"playtime":983,"items_purged":[],"score":367,"play_id":"79ded430-ebc3-4fb0-b571-7aee22f9ed27","local_time":"20180909183112","is_ascension_mode":true,"campfire_choices":[{"data":"Uppercut","floor":8,"key":"SMITH"},{"floor":15,"key":"REST"}],"neow_cost":"NO_GOLD","seed_source_timestamp":2174337475688275,"circlet_count":0,"master_deck":["Strike_R","Strike_R","Strike_R","Strike_R","Defend_R","Defend_R","Defend_R","AscendersBane","Clash","Searing Blow","Flex","Uppercut+1","Clash","Whirlwind","Burning Pact","Flex","Immolate","Thunderclap"],"relics":["Burning Blood","Juzu Bracelet","Question Card","Matryoshka","Bag of Preparation","Singing Bowl","Sozu"],"potions_floor_usage":[12,22,23],"damage_taken":[{"damage":3,"enemies":"Small Slimes","floor":1,"turns":4},{"damage":4,"enemies":"Jaw Worm","floor":4,"turns":4},{"damage":32,"enemies":"Gremlin Nob","floor":6,"turns":4},{"damage":7,"enemies":"2 Louse","floor":7,"turns":3},{"damage":6,"enemies":"Lots of Slimes","floor":10,"turns":4},{"damage":10,"enemies":"Gremlin Gang","floor":12,"turns":5},{"damage":19,"enemies":"Exordium Thugs","floor":13,"turns":4},{"damage":49,"enemies":"The Guardian","floor":16,"turns":8},{"damage":27,"enemies":"Shell Parasite","floor":18,"turns":4},{"damage":11,"enemies":"Spheric Guardian","floor":20,"turns":3},{"damage":27,"enemies":"Colosseum Slavers","floor":21,"turns":2},{"damage":0,"enemies":"Snake Plant","floor":22,"turns":2},{"damage":26,"enemies":"Book of Stabbing","floor":23,"turns":2}],"seed_played":"1319814087543236464","potions_obtained":[{"floor":1,"key":"Energy Potion"},{"floor":6,"key":"FearPotion"},{"floor":16,"key":"FearPotion"}],"is_trial":false,"path_per_floor":["M","?","?","M","?","E","M","R","T","M","?","M","M","T","R","B",null,"M","?","M","?","M"],"character_chosen":"IRONCLAD","items_purchased":[],"campfire_rested":1,"item_purchase_floors":[],"current_hp_per_floor":[71,66,66,68,73,47,46,46,46,46,46,42,29,29,53,10,63,44,44,39,18,26,0],"gold":320,"neow_bonus":"TRANSFORM_TWO_CARDS","is_prod":false,"is_daily":false,"chose_seed":false,"campfire_upgraded":1,"win_rate":0,"timestamp":1536514272,"path_taken":["M","?","?","M","?","E","M","R","T","M","?","M","M","?","R","BOSS","M","?","M","?","M","E"],"build_version":"2018-09-06","purchased_purges":0,"victory":false,"max_hp_per_floor":[75,75,75,75,80,80,80,80,80,80,80,80,80,80,80,80,80,82,82,82,82,84,84],"card_choices":[{"not_picked":["Dual Wield","Armaments","Cleave"],"picked":"SKIP","floor":1},{"not_picked":["Warcry","True Grit"],"picked":"Flex","floor":4},{"not_picked":["Clash","Disarm"],"picked":"Uppercut","floor":6},{"not_picked":["Headbutt","Fire Breathing","Armaments"],"picked":"Clash","floor":7},{"not_picked":["Sentinel","Inflame","Pummel"],"picked":"Whirlwind","floor":10},{"not_picked":["Armaments","Body Slam","True Grit"],"picked":"Burning Pact","floor":12},{"not_picked":["Power Through","True Grit","Rupture"],"picked":"Flex","floor":13},{"not_picked":["Limit Break","Brutality","Berserk"],"picked":"Immolate","floor":16},{"not_picked":["Warcry","Clash","Iron Wave","Twin Strike"],"picked":"Singing Bowl","floor":18},{"not_picked":["Power Through","Clothesline","True Grit"],"picked":"Thunderclap","floor":20},{"not_picked":["Shrug It Off","Twin Strike","True Grit","Warcry"],"picked":"Singing Bowl","floor":22}],"player_experience":326293,"relics_obtained":[{"floor":6,"key":"Question Card"},{"floor":9,"key":"Matryoshka"},{"floor":14,"key":"Bag of Preparation"},{"floor":14,"key":"Singing Bowl"}],"event_choices":[{"event_name":"Scrap Ooze","player_choice":"success","floor":2,"damage_taken":5},{"event_name":"Bonfire Elementals","player_choice":"BASIC","floor":3,"damage_taken":0},{"event_name":"Big Fish","player_choice":"Donut","floor":5,"damage_taken":0},{"event_name":"Liars Game","player_choice":"disagreed","floor":11,"damage_taken":0},{"event_name":"The Lab","player_choice":"Got Potions","floor":19,"damage_taken":0},{"event_name":"Colosseum","player_choice":"Fight","floor":21,"damage_taken":0},{"event_name":"Colosseum","player_choice":"Fled From Nobs","floor":21,"damage_taken":0}],"is_beta":false,"boss_relics":[{"not_picked":["Runic Cube","Black Star"],"picked":"Sozu"}],"items_purged_floors":[],"is_endless":false,"potions_floor_spawned":[1,6,16,20],"killed_by":"Book of Stabbing","ascension_level":18}