{"path_per_floor":["M","M","?","$","M","?","R","E","T","M","E","M","R","?","R","B",null,"M","M","?","$","M","E","M","M","T","R","$","R","M","?","R"],"character_chosen":"IRONCLAD","items_purchased":["Vajra"],"gold_per_floor":[112,127,127,52,67,142,142,169,193,213,243,257,257,257,257,356,356,376,389,289,38,49,80,98,109,109,109,109,109,124,124,124],"floor_reached":33,"campfire_rested":0,"playtime":5209,"current_hp_per_floor":[75,79,79,79,80,69,69,61,61,67,60,68,68,68,68,47,80,80,65,65,65,68,62,67,72,72,72,72,72,77,62,62],"items_purged":["Regret","Strike_R"],"gold":124,"play_id":"73db480a-f010-49f0-ab9c-196ca707bce3","is_prod":false,"is_daily":false,"campfire_rituals":0,"campfire_upgraded":6,"is_hardmode":false,"path_taken":["M","?","?","$","M","?","R","E","T","?","E","M","R","?","R","BOSS","M","M","?","?","M","E","M","M","T","R","$","R","?","?","R","BOSS"],"build_version":"2018-01-11-PROD2","purchased_purges":2,"victory":false,"master_deck":["Strike_R","Strike_R","Defend_R","Defend_R","Bash","Cleave","Clash","Clash","Dual Wield","Pummel","Shrug It Off","Armaments","Double Tap","Armaments","Sever Soul","Intimidate","J.A.X.","Searing Blow","Headbutt","Pommel Strike"],"max_hp_per_floor":[80,80,80,80,80,80,80,80,80,80,80,80,80,80,80,80,80,80,80,80,80,80,80,80,80,80,80,80,80,80,85,85],"relics":["Burning Blood","Oddly Smooth Stone","Bag of Preparation","Anchor","Blood Vial","Astrolabe","Vajra","Gambling Chip","Peace Pipe"],"campfire_meditates":0,"card_choices":[{"not_picked":["Second Wind","Body Slam"],"picked":"Cleave"},{"not_picked":["Body Slam","Pommel Strike"],"picked":"Clash"},{"not_picked":["Body Slam","Wild Strike"],"picked":"Clash"},{"not_picked":["Juggernaut","Wild Strike"],"picked":"Dual Wield"},{"not_picked":["Carnage","Clothesline"],"picked":"Pummel"},{"not_picked":["Rage","Armaments"],"picked":"Shrug It Off"},{"not_picked":["Sever Soul","Clothesline"],"picked":"Armaments"},{"not_picked":["Bludgeon","Brutality"],"picked":"Double Tap"},{"not_picked":["Sever Soul","Hemokinesis"],"picked":"Searing Blow"},{"not_picked":["Reaper","Flex"],"picked":"Headbutt"},{"not_picked":["Dual Wield","True Grit"],"picked":"Pommel Strike"}],"player_experience":211461,"potions_floor_usage":[11,23,23,33,33,33],"damage_taken":[{"damage":11,"enemies":"Blue Slaver","floor":1,"turns":5},{"damage":2,"enemies":"2 Louse","floor":2,"turns":2},{"damage":5,"enemies":"Small Slimes","floor":5,"turns":4},{"damage":14,"enemies":"Gremlin Nob","floor":8,"turns":4},{"damage":0,"enemies":"Looter","floor":10,"turns":2},{"damage":13,"enemies":"Lagavulin","floor":11,"turns":4},{"damage":0,"enemies":"3 Louse","floor":12,"turns":3},{"damage":29,"enemies":"Slime Boss","floor":16,"turns":9},{"damage":4,"enemies":"2 Thieves","floor":18,"turns":2},{"damage":21,"enemies":"Chosen","floor":19,"turns":5},{"damage":5,"enemies":"Slaver and Parasite","floor":22,"turns":5},{"damage":14,"enemies":"Gremlin Leader","floor":23,"turns":5},{"damage":3,"enemies":"Snake Plant","floor":24,"turns":1},{"damage":3,"enemies":"Centurion and Healer","floor":25,"turns":2},{"damage":3,"enemies":"3 Cultists","floor":30,"turns":4},{"damage":71,"enemies":"Automaton","floor":33,"turns":8}],"event_choices":[{"event_name":"Big Fish","player_choice":"Box","floor":3,"damage_taken":0},{"event_name":"World of Goop","player_choice":"Gather Gold","floor":6,"damage_taken":0},{"event_name":"Living Wall","player_choice":"Forget","floor":14,"damage_taken":0},{"event_name":"Drug Dealer","player_choice":"Got JAXXED","floor":20,"damage_taken":0},{"event_name":"Forgotten Altar","player_choice":"Shed Blood","floor":31,"damage_taken":0}],"boss_relics":[{"not_picked":["Velvet Choker","Calling Bell"],"picked":"Astrolabe"}],"potions_floor_spawned":[1,5,8,18,23,24],"seed_played":"5535133672694270231","killed_by":"Automaton","is_trial":false}