{"gold_per_floor":[113,113,113,129,129,153,187,59,59,74,74,117,117,132,132,132],"floor_reached":16,"playtime":460,"items_purged":["Strike_R"],"score":209,"play_id":"5e067cdf-b152-48e1-9ace-bdd67b5f2265","local_time":"20190426153721","is_ascension_mode":true,"campfire_choices":[{"floor":11,"key":"REST"},{"floor":13,"key":"REST"},{"data":"Anger","floor":15,"key":"SMITH"}],"neow_cost":"NONE","seed_source_timestamp":3379718414904038,"circlet_count":0,"master_deck":["AscendersBane","Strike_R","Strike_R","Strike_R","Defend_R","Defend_R","Defend_R+1","Defend_R+1","Bash","Seeing Red","Anger+1","Sentinel","Iron Wave","Inflame"],"relics":["Burning Blood","NeowsBlessing","Golden Idol","Bird Faced Urn","War Paint","Sundial","Potion Belt"],"potions_floor_usage":[7,7,10,12],"damage_taken":[{"damage":0,"enemies":"Small Slimes","floor":1,"turns":1},{"damage":0,"enemies":"2 Louse","floor":4,"turns":1},{"damage":0,"enemies":"Jaw Worm","floor":6,"turns":1},{"damage":60,"enemies":"3 Sentries","floor":7,"turns":15},{"damage":8,"enemies":"Blue Slaver","floor":10,"turns":2},{"damage":28,"enemies":"Gremlin Nob","floor":12,"turns":4},{"damage":6,"enemies":"3 Louse","floor":14,"turns":5},{"damage":41,"enemies":"Slime Boss","floor":16,"turns":8}],"seed_played":"3559983179385880877","potions_obtained":[{"floor":1,"key":"Dexterity Potion"},{"floor":4,"key":"Regen Potion"},{"floor":7,"key":"Swift Potion"}],"is_trial":false,"path_per_floor":["M","?","?","M","?","M","E","$","T","M","R","E","R","M","R","B"],"character_chosen":"IRONCLAD","items_purchased":["AttackPotion"],"campfire_rested":2,"item_purchase_floors":[8],"current_hp_per_floor":[74,67,67,68,50,56,17,17,17,15,35,13,33,33,33,0],"gold":132,"neow_bonus":"THREE_ENEMY_KILL","is_prod":false,"is_daily":false,"chose_seed":false,"campfire_upgraded":1,"win_rate":0,"timestamp":1556289441,"path_taken":["M","?","?","M","?","?","E","$","T","M","R","E","R","M","R","BOSS"],"build_version":"2019-01-23","purchased_purges":1,"victory":false,"max_hp_per_floor":[75,75,68,68,68,68,68,68,68,68,68,68,68,68,68,68],"card_choices":[{"not_picked":["Fire Breathing","Entrench"],"picked":"Seeing Red","floor":1},{"not_picked":["Wild Strike","Sever Soul"],"picked":"Anger","floor":4},{"not_picked":["Havoc","Headbutt","Spot Weakness"],"picked":"SKIP","floor":6},{"not_picked":["Cleave","Searing Blow"],"picked":"Sentinel","floor":7},{"not_picked":["Spot Weakness","Flex","Evolve"],"picked":"SKIP","floor":10},{"not_picked":["Dark Embrace","Battle Trance"],"picked":"Iron Wave","floor":12},{"not_picked":["Anger","Flex"],"picked":"Inflame","floor":14}],"player_experience":662948,"relics_obtained":[{"floor":7,"key":"War Paint"},{"floor":9,"key":"Sundial"},{"floor":12,"key":"Potion Belt"}],"event_choices":[{"cards_removed":["Strike_R"],"damage_healed":0,"gold_gain":0,"player_choice":"Card Removal","damage_taken":7,"max_hp_gain":0,"max_hp_loss":0,"event_name":"Golden Wing","floor":2,"gold_loss":0},{"damage_healed":0,"gold_gain":0,"player_choice":"Lose Max HP","damage_taken":0,"relics_obtained":["Golden Idol"],"max_hp_gain":0,"max_hp_loss":7,"event_name":"Golden Idol","floor":3,"gold_loss":0},{"damage_healed":0,"gold_gain":0,"player_choice":"Success","damage_taken":18,"relics_obtained":["Bird Faced Urn"],"max_hp_gain":0,"max_hp_loss":0,"event_name":"Scrap Ooze","floor":5,"gold_loss":0}],"is_beta":false,"boss_relics":[],"items_purged_floors":[8],"is_endless":false,"potions_floor_spawned":[1,4,6,7],"killed_by":"Slime Boss","ascension_level":18}