{"gold_per_floor":[119,119,132,76,133,133,163,163,238,267,267,267,283,317,317,395,395,411,422,347,447,11,11,11,38,63,75,87,164,176,208,220,232],"floor_reached":33,"playtime":1006,"items_purged":["Strike_R","Strike_R"],"score":653,"play_id":"860ed636-4b2d-490f-8105-b58db6a4975f","local_time":"20190427003901","is_ascension_mode":true,"campfire_choices":[{"data":"Armaments","floor":6.0,"key":"SMITH"},{"data":"Bash","floor":8.0,"key":"SMITH"},{"data":"Bludgeon","floor":11.0,"key":"SMITH"},{"floor":15.0,"key":"REST"},{"data":"Infernal Blade","floor":23,"key":"SMITH"},{"floor":28,"key":"REST"},{"floor":30,"key":"REST"},{"floor":32,"key":"REST"}],"neow_cost":"NONE","seed_source_timestamp":3411587179345054,"circlet_count":0,"master_deck":["AscendersBane","Strike_R","Strike_R+1","Strike_R","Defend_R","Defend_R","Defend_R","Defend_R","Bash+1","Hemokinesis+1","Anger+1","Armaments+1","Bludgeon+1","Flame Barrier","Double Tap","Infernal Blade+1","Shrug It Off","Iron Wave","Normality"],"special_seed":0,"relics":["Burning Blood","NeowsBlessing","Blood Vial","Darkstone Periapt","Dodecahedron","Art of War","Cursed Key","Champion Belt","Pantograph","Mango","Whetstone","MawBank","Tiny Chest"],"potions_floor_usage":[21,29,33],"damage_taken":[{"damage":0.0,"enemies":"2 Louse","floor":1.0,"turns":1.0},{"damage":0.0,"enemies":"Jaw Worm","floor":3.0,"turns":1.0},{"damage":0.0,"enemies":"Gremlin Nob","floor":7.0,"turns":1.0},{"damage":37.0,"enemies":"3 Sentries","floor":10.0,"turns":10.0},{"damage":1.0,"enemies":"Small Slimes","floor":13.0,"turns":4.0},{"damage":29.0,"enemies":"Lagavulin","floor":14.0,"turns":4.0},{"damage":58.0,"enemies":"Hexaghost","floor":16.0,"turns":8.0},{"damage":6.0,"enemies":"Spheric Guardian","floor":18.0,"turns":3.0},{"damage":20.0,"enemies":"Shell Parasite","floor":19.0,"turns":3.0},{"damage":16,"enemies":"Colosseum Slavers","floor":21,"turns":4},{"damage":10,"enemies":"Colosseum Nobs","floor":21,"turns":3},{"damage":46,"enemies":"Slavers","floor":25,"turns":6},{"damage":46,"enemies":"Gremlin Leader","floor":29,"turns":6},{"damage":25,"enemies":"3 Cultists","floor":31,"turns":5},{"damage":106,"enemies":"Automaton","floor":33,"turns":8}],"seed_played":"8513489037735767066","potions_obtained":[{"floor":1.0,"key":"SteroidPotion"},{"floor":10.0,"key":"Poison Potion"},{"floor":14.0,"key":"Regen Potion"},{"floor":16.0,"key":"Regen Potion"},{"floor":25,"key":"SteroidPotion"},{"floor":31,"key":"Weak Potion"}],"is_trial":false,"path_per_floor":["M","?","M","$","?","R","E","R","T","E","R","?","M","E","R","B",null,"M","M","$","?","$","R","?","E","T","?","R","E","R","M","R","B"],"character_chosen":"IRONCLAD","items_purchased":["Armaments","Mango"],"campfire_rested":4,"item_purchase_floors":[4,22],"current_hp_per_floor":[74,74,75,75,75,75,75,75,75,44,44,49,56,35,59,23,66,68,65,65,55,69,69,69,31,37,37,67,29,59,42,72,0],"gold":232,"neow_bonus":"THREE_ENEMY_KILL","is_prod":false,"is_daily":false,"chose_seed":false,"campfire_upgraded":4,"win_rate":0,"timestamp":1556321941,"path_taken":["M","?","M","$","?","R","E","R","T","E","R","?","M","E","R","BOSS","M","M","$","?","$","R","?","E","T","?","R","E","R","M","R","BOSS"],"build_version":"2019-01-23","purchased_purges":2,"victory":false,"max_hp_per_floor":[75,75,75,75,75,75,75,75,75,75,75,80,80,80,80,80,80,80,80,80,80,94,94,94,94,100,100,100,100,100,100,100,100],"card_choices":[{"not_picked":["Flex","Sword Boomerang"],"picked":"Hemokinesis","floor":1.0},{"not_picked":["Thunderclap","Metallicize"],"picked":"Anger","floor":3.0},{"not_picked":["Pummel","True Grit","Bloodletting"],"picked":"SKIP","floor":7.0},{"not_picked":["Thunderclap","Pommel Strike"],"picked":"Bludgeon","floor":10.0},{"not_picked":["Shockwave","Body Slam","Bloodletting"],"picked":"SKIP","floor":13.0},{"not_picked":["Thunderclap","Sword Boomerang"],"picked":"Flame Barrier","floor":14.0},{"not_picked":["Berserk","Exhume"],"picked":"Double Tap","floor":16.0},{"not_picked":["Clothesline","Anger"],"picked":"Infernal Blade","floor":18.0},{"not_picked":["Perfected Strike","Fire Breathing","True Grit+1"],"picked":"SKIP","floor":19.0},{"not_picked":["Headbutt+1","Havoc"],"picked":"Iron Wave","floor":25},{"not_picked":["Hemokinesis","Anger","Sever Soul"],"picked":"SKIP","floor":29},{"not_picked":["Feel No Pain","Flex","Barricade"],"picked":"SKIP","floor":31}],"player_experience":681083,"relics_obtained":[{"floor":7.0,"key":"Blood Vial"},{"floor":9.0,"key":"Darkstone Periapt"},{"floor":10.0,"key":"Dodecahedron"},{"floor":14.0,"key":"Art of War"},{"floor":21,"key":"Champion Belt"},{"floor":21,"key":"Pantograph"},{"floor":25,"key":"Whetstone"},{"floor":26,"key":"MawBank"},{"floor":29,"key":"Tiny Chest"}],"event_choices":[{"damage_healed":0.0,"max_hp_gain":0.0,"max_hp_loss":0.0,"gold_gain":0.0,"event_name":"Living Wall","player_choice":"Grow","floor":2.0,"gold_loss":0.0,"damage_taken":0.0,"cards_upgraded":["Hemokinesis"]},{"damage_healed":0.0,"max_hp_gain":0.0,"max_hp_loss":0.0,"gold_gain":57.0,"event_name":"Golden Wing","player_choice":"Gained Gold","floor":5.0,"gold_loss":0.0,"damage_taken":0.0},{"damage_healed":0.0,"max_hp_gain":5.0,"max_hp_loss":0.0,"gold_gain":0.0,"event_name":"Big Fish","player_choice":"Donut","floor":12.0,"gold_loss":0.0,"damage_taken":0.0},{"damage_healed":0,"gold_gain":0,"player_choice":"Fight","damage_taken":0,"max_hp_gain":0,"max_hp_loss":0,"event_name":"Colosseum","floor":21,"gold_loss":0},{"damage_healed":0,"gold_gain":0,"player_choice":"Fought Nobs","damage_taken":0,"max_hp_gain":0,"max_hp_loss":0,"event_name":"Colosseum","floor":21,"gold_loss":0},{"damage_healed":0,"gold_gain":0,"player_choice":"Read","damage_taken":0,"max_hp_gain":0,"max_hp_loss":0,"event_name":"The Library","floor":24,"gold_loss":0,"cards_obtained":["Shrug It Off"]},{"damage_healed":0,"gold_gain":0,"player_choice":"Ignored","damage_taken":0,"max_hp_gain":0,"max_hp_loss":0,"event_name":"Ghosts","floor":27,"gold_loss":0}],"is_beta":false,"boss_relics":[{"not_picked":["Runic Pyramid","Sozu"],"picked":"Cursed Key"}],"items_purged_floors":[20,22],"is_endless":false,"potions_floor_spawned":[1,10,14,16,18,21,25,31],"killed_by":"Automaton","ascension_level":19}