{"path_per_floor":["M","?","$","M","?","R","M","M","T","?","M","R","$","M","R","B",null,"M","?","?","M","?","R","E","R","T","M","$","R","M","M","R","B",null,"M","?","?","M","$","R","M","R","T","M","M","R","T","M","R"],"character_chosen":"THE_SILENT","items_purchased":["A Thousand Cuts","Footwork","Letter Opener","Acrobatics"],"gold_per_floor":[113,113,43,58,58,58,77,98,98,98,113,113,38,56,56,186,186,207,207,207,222,222,222,260,260,309,322,1,1,20,45,45,165,165,179,179,179,192,47,47,68,68,68,88,113,113,413,432,432],"floor_reached":50,"campfire_rested":4,"playtime":5278,"current_hp_per_floor":[65,65,65,65,65,65,65,65,65,65,65,65,65,49,49,28,70,65,65,65,55,61,61,33,55,55,33,33,55,40,28,50,33,76,57,57,82,58,58,58,58,58,58,46,46,46,46,20,44],"items_purged":["Strike_G","Writhe"],"gold":432,"score":404,"play_id":"49091209-3727-4ee1-a9f4-9f0d55e14560","is_prod":false,"is_daily":false,"is_ascension_mode":false,"campfire_upgraded":7,"path_taken":["M","?","$","M","?","R","M","?","T","?","M","R","$","M","R","BOSS","M","?","?","M","?","R","E","R","T","?","$","R","M","M","R","BOSS","M","?","?","?","?","R","M","R","T","?","M","R","?","M","R","BOSS"],"build_version":"2018-02-15-PROD1","purchased_purges":2,"victory":false,"master_deck":["Defend_G","Defend_G","Defend_G","Defend_G","Defend_G","Strike_G","Strike_G","Strike_G","Survivor","Neutralize","Acrobatics+1","A Thousand Cuts+1","Noxious Fumes+1","Riddle With Holes","Noxious Fumes+1","Footwork+1","Calculated Gamble+1","Phantasmal Killer","Dash+1","Trip","Bouncing Flask","Writhe","Footwork","Bullet Time","Terror","Night Terror","Noxious Fumes+1","Acrobatics","Leg Sweep+1","Eviscerate+1","Eviscerate+1"],"max_hp_per_floor":[70,70,70,70,70,70,70,70,70,70,70,70,70,70,70,70,70,70,70,70,70,76,76,76,76,76,76,76,76,76,76,76,76,76,76,76,82,82,82,82,82,82,82,82,82,82,82,82,82],"relics":["Snecko Eye","Golden Idol","Happy Flower","Sozu","Darkstone Periapt","Shuriken","Bag of Preparation","Letter Opener","The Specimen","Smiling Mask","Old Coin"],"card_choices":[{"not_picked":["Distraction","Dodge and Roll"],"picked":"Acrobatics"},{"not_picked":["Flying Knee","Backflip"],"picked":"Noxious Fumes"},{"not_picked":["All Out Attack","Prepared"],"picked":"Riddle With Holes"},{"not_picked":["Deflect","Dodge and Roll"],"picked":"Noxious Fumes"},{"not_picked":["Caltrops","Acrobatics"],"picked":"Calculated Gamble"},{"not_picked":["Venomology","Unload"],"picked":"Phantasmal Killer"},{"not_picked":["Prepared","Dagger Spray"],"picked":"Dash"},{"not_picked":["Endless Agony","PiercingWail"],"picked":"Footwork"},{"not_picked":["Dagger Spray","Acrobatics"],"picked":"Bullet Time"},{"not_picked":["Flying Knee","Prepared"],"picked":"Terror"},{"not_picked":["Unload","Phantasmal Killer"],"picked":"Night Terror"},{"not_picked":["PiercingWail","Expertise"],"picked":"Noxious Fumes"},{"not_picked":["Poisoned Stab","Skewer"],"picked":"Leg Sweep"},{"not_picked":["Sucker Punch","Choke"],"picked":"Eviscerate"},{"not_picked":["Terror","Dagger Spray"],"picked":"Eviscerate"}],"player_experience":50062,"potions_floor_usage":[],"damage_taken":[{"damage":5.0,"enemies":"Jaw Worm","floor":1.0,"turns":5.0},{"damage":0.0,"enemies":"Small Slimes","floor":4.0,"turns":2.0},{"damage":0.0,"enemies":"Cultist","floor":7.0,"turns":4.0},{"damage":0.0,"enemies":"Large Slime","floor":8.0,"turns":4.0},{"damage":0.0,"enemies":"Gremlin Gang","floor":11.0,"turns":3.0},{"damage":16.0,"enemies":"3 Louse","floor":14.0,"turns":3.0},{"damage":36.0,"enemies":"Hexaghost","floor":16.0,"turns":9.0},{"damage":5.0,"enemies":"Spheric Guardian","floor":18.0,"turns":5.0},{"damage":10.0,"enemies":"Chosen","floor":21.0,"turns":3.0},{"damage":28.0,"enemies":"Gremlin Leader","floor":24.0,"turns":7.0},{"damage":22,"enemies":"3 Cultists","floor":27,"turns":5},{"damage":15,"enemies":"Sentry and Sphere","floor":30,"turns":4},{"damage":12,"enemies":"Snake Plant","floor":31,"turns":3},{"damage":17,"enemies":"Automaton","floor":33,"turns":8},{"damage":19,"enemies":"3 Shapes","floor":35,"turns":5},{"damage":24,"enemies":"3 Darklings","floor":38,"turns":5},{"damage":0,"enemies":"Sphere and 2 Shapes","floor":41,"turns":4},{"damage":12,"enemies":"4 Shapes","floor":44,"turns":3},{"damage":0,"enemies":"Maw","floor":45,"turns":7},{"damage":26,"enemies":"3 Darklings","floor":48,"turns":4},{"damage":49,"enemies":"Time Eater","floor":50,"turns":6}],"event_choices":[{"event_name":"Golden Idol","player_choice":"Take Wound","floor":2.0,"damage_taken":0.0},{"event_name":"Purifier","player_choice":"One Purge","floor":5.0,"damage_taken":0.0},{"event_name":"The Woman in Blue","player_choice":"Bought 0 Potions","floor":10.0,"damage_taken":0.0},{"event_name":"Match and Keep!","player_choice":"2 cards matched","floor":19.0,"damage_taken":0.0},{"event_name":"Upgrade Shrine","player_choice":"Upgraded","floor":20.0,"damage_taken":0.0},{"event_name":"The Mausoleum","player_choice":"Yes","floor":22.0,"damage_taken":0.0},{"event_name":"Winding Halls","player_choice":"Writhe","floor":37,"damage_taken":0}],"boss_relics":[{"not_picked":["Velvet Choker","Tiny House"],"picked":"The Specimen"}],"potions_floor_spawned":[1,11,14,18,21,33,35,48],"seed_played":"-1393008438525895297","killed_by":"Time Eater","ascension_level":0,"is_trial":false}