{"path_per_floor":["M","M","?","$","M","R","E","R","T","E","?","M","M","M","R","B"],"character_chosen":"IRONCLAD","items_purchased":[],"gold_per_floor":[114,129,129,54,74,74,104,104,130,159,334,348,359,374,374,476,476],"floor_reached":17,"campfire_rested":1,"playtime":614,"current_hp_per_floor":[80,75,75,75,75,75,49,73,80,68,68,74,77,83,83,55,79],"items_purged":["Strike_R"],"gold":476,"score":209,"play_id":"96af5e81-06e2-4537-b0ac-12744aa830ca","local_time":"20180326012751","is_prod":false,"is_daily":false,"is_ascension_mode":true,"campfire_upgraded":2,"timestamp":1522049271,"path_taken":["M","M","?","$","M","R","E","R","T","E","?","M","M","M","R","BOSS"],"build_version":"2018-03-25","purchased_purges":1,"victory":false,"master_deck":["Bash+1","Pommel Strike","Inflame","Dropkick","Spot Weakness","Rage+1","Clash","Disarm","Battle Trance","Bludgeon","Entrench","Havoc","Flex","Spot Weakness","Wild Strike","Havoc","Thunderclap"],"max_hp_per_floor":[80,80,80,80,80,80,80,80,87,87,87,87,87,87,87,87,87],"relics":["Burning Blood","Happy Flower","Mercury Hourglass","Strawberry","Omamori","Pandora\u0027s Box"],"card_choices":[{"not_picked":["Havoc","Fire Breathing"],"picked":"Pommel Strike","floor":1},{"not_picked":["Havoc","Anger"],"picked":"Inflame","floor":2},{"not_picked":["Evolve","Searing Blow"],"picked":"Dropkick","floor":5},{"not_picked":["Perfected Strike","Inflame"],"picked":"Spot Weakness","floor":7},{"not_picked":["Clash","Sword Boomerang"],"picked":"Rage","floor":10},{"not_picked":["Ghostly Armor","Havoc"],"picked":"Clash","floor":12},{"not_picked":["Cleave","Pommel Strike"],"picked":"Disarm","floor":13},{"not_picked":["Dual Wield","Anger"],"picked":"Battle Trance","floor":14},{"not_picked":["Impervious","Brutality"],"picked":"Bludgeon","floor":16}],"player_experience":268279,"potions_floor_usage":[10,14],"damage_taken":[{"damage":0,"enemies":"Small Slimes","floor":1,"turns":3},{"damage":11,"enemies":"2 Louse","floor":2,"turns":3},{"damage":6,"enemies":"Jaw Worm","floor":5,"turns":4},{"damage":32,"enemies":"Gremlin Nob","floor":7,"turns":4},{"damage":18,"enemies":"3 Sentries","floor":10,"turns":5},{"damage":0,"enemies":"2 Fungi Beasts","floor":12,"turns":2},{"damage":3,"enemies":"Blue Slaver","floor":13,"turns":2},{"damage":0,"enemies":"Lots of Slimes","floor":14,"turns":1},{"damage":34,"enemies":"Hexaghost","floor":16,"turns":7}],"event_choices":[{"event_name":"Living Wall","player_choice":"Forget","floor":3,"damage_taken":0},{"event_name":"Liars Game","player_choice":"agreed","floor":11,"damage_taken":0}],"boss_relics":[{"not_picked":["White Beast Statue","Mark of Pain"],"picked":"Pandora\u0027s Box"}],"potions_floor_spawned":[2,5,7,13],"seed_played":"-7593334652894101645","ascension_level":5,"is_trial":false}