{"gold_per_floor":[113,128,128,138,154,154,185,42,69,86,117,117,128,146,146,247,247,257,268,81,100,114,114,149,149,176,176,136,168,93,110,110,207,207,223,241,97,97,109,109],"floor_reached":40,"playtime":2649,"items_purged":["Strike_R"],"score":558,"play_id":"cfe41084-83f3-4e1a-b007-9020a2c1639d","local_time":"20190110183632","is_ascension_mode":true,"campfire_choices":[{"data":"Bash","floor":6.0,"key":"SMITH"},{"data":"Anger","floor":12.0,"key":"SMITH"},{"data":"Defend_R","floor":15.0,"key":"SMITH"},{"data":"Mayhem","floor":23,"key":"SMITH"},{"floor":25,"key":"DIG"},{"floor":27,"key":"DIG"},{"floor":32,"key":"DIG"}],"neow_cost":"TEN_PERCENT_HP_LOSS","seed_source_timestamp":0,"circlet_count":0,"master_deck":["Strike_R","Strike_R","Strike_R+1","Strike_R","Defend_R+1","Defend_R+1","Defend_R+1","Defend_R+1","Bash+1","Immolate+1","Clash","Thunderclap","Headbutt+1","Dropkick+1","Headbutt","Anger+1","Clash","Clash","Hemokinesis","Mayhem+1","Shrug It Off+1","Dual Wield+1","Pommel Strike+1","Dual Wield+1"],"special_seed":0,"relics":["Burning Blood","Orichalcum","War Paint","Happy Flower","Bag of Marbles","Lizard Tail","Shovel","Whetstone","Pen Nib","Anchor","Lantern","Boot","Velvet Choker","Bag of Preparation"],"potions_floor_usage":[21,24,33,33,33],"damage_taken":[{"damage":1.0,"enemies":"Cultist","floor":1.0,"turns":3.0},{"damage":2.0,"enemies":"Jaw Worm","floor":2.0,"turns":2.0},{"damage":4.0,"enemies":"2 Louse","floor":4.0,"turns":2.0},{"damage":9.0,"enemies":"Red Slaver","floor":5.0,"turns":2.0},{"damage":35.0,"enemies":"Lagavulin","floor":7.0,"turns":4.0},{"damage":5.0,"enemies":"Exordium Thugs","floor":10.0,"turns":3.0},{"damage":10.0,"enemies":"Gremlin Nob","floor":11.0,"turns":3.0},{"damage":4.0,"enemies":"Exordium Wildlife","floor":13.0,"turns":2.0},{"damage":0.0,"enemies":"3 Louse","floor":14.0,"turns":1.0},{"damage":36.0,"enemies":"The Guardian","floor":16.0,"turns":7.0},{"damage":0,"enemies":"Shell Parasite","floor":18,"turns":1},{"damage":0,"enemies":"Spheric Guardian","floor":19,"turns":2},{"damage":4,"enemies":"3 Cultists","floor":21,"turns":4},{"damage":16,"enemies":"Snake Plant","floor":22,"turns":2},{"damage":5,"enemies":"Slavers","floor":24,"turns":3},{"damage":18,"enemies":"Book of Stabbing","floor":29,"turns":4},{"damage":0,"enemies":"Cultist and Chosen","floor":31,"turns":3},{"damage":64,"enemies":"Automaton","floor":33,"turns":8},{"damage":0,"enemies":"3 Darklings","floor":35,"turns":2},{"damage":3,"enemies":"Orb Walker","floor":36,"turns":2},{"damage":13,"enemies":"Writhing Mass","floor":39,"turns":4},{"damage":71,"enemies":"Giant Head","floor":40,"turns":6}],"seed_played":"-2771175771116795705","potions_obtained":[{"floor":4.0,"key":"Poison Potion"},{"floor":5.0,"key":"Swift Potion"},{"floor":7.0,"key":"Explosive Potion"},{"floor":11.0,"key":"SneckoOil"},{"floor":14.0,"key":"AttackPotion"},{"floor":21,"key":"Poison Potion"},{"floor":29,"key":"Poison Potion"},{"floor":31,"key":"Poison Potion"},{"floor":35,"key":"FearPotion"}],"is_trial":false,"path_per_floor":["M","M","?","M","M","R","E","$","T","M","E","R","M","M","R","B",null,"M","M","$","M","M","R","E","R","T","R","?","E","$","M","R","B",null,"M","M","$","?","M","E"],"character_chosen":"IRONCLAD","items_purchased":["War Paint","Mayhem","Bag of Preparation"],"campfire_rested":0,"item_purchase_floors":[8,20,37],"current_hp_per_floor":[72,72,72,72,69,69,40,40,40,41,37,37,39,45,45,15,72,72,72,72,72,62,62,63,63,63,63,63,51,51,57,57,39,72,72,72,72,72,65,0],"gold":109,"neow_bonus":"THREE_RARE_CARDS","is_prod":false,"is_daily":false,"chose_seed":false,"campfire_upgraded":4,"win_rate":0,"timestamp":1547145392,"path_taken":["M","M","?","M","M","R","E","?","T","M","E","R","M","M","R","BOSS","M","M","$","M","M","R","E","R","T","R","?","E","$","M","R","BOSS","M","M","$","?","M","E"],"build_version":"2019-01-03v4","purchased_purges":1,"victory":false,"max_hp_per_floor":[72,72,72,72,72,72,72,72,72,72,72,72,72,72,72,72,72,72,72,72,72,72,72,72,72,72,72,72,72,72,72,72,72,72,72,72,72,72,72,72],"card_choices":[{"not_picked":["Barricade","Feed"],"picked":"Immolate","floor":0.0},{"not_picked":["Headbutt","Feel No Pain"],"picked":"Clash","floor":1.0},{"not_picked":["Metallicize","Second Wind"],"picked":"Thunderclap","floor":2.0},{"not_picked":["Inflame","Rampage"],"picked":"Headbutt","floor":4.0},{"not_picked":["Headbutt","Inflame"],"picked":"Dropkick","floor":5.0},{"not_picked":["Feel No Pain","Metallicize","Havoc"],"picked":"SKIP","floor":7.0},{"not_picked":["Feel No Pain","Metallicize","Havoc"],"picked":"SKIP","floor":7.0},{"not_picked":["Heavy Blade","Havoc"],"picked":"Headbutt","floor":10.0},{"not_picked":["Rupture","Evolve"],"picked":"Anger","floor":11.0},{"not_picked":["Reckless Charge","Sentinel"],"picked":"Clash","floor":13.0},{"not_picked":["Demon Form","Pummel"],"picked":"Clash","floor":14.0},{"not_picked":["Rage","Clothesline","Shrug It Off"],"picked":"SKIP","floor":18},{"not_picked":["Fire Breathing","Uppercut"],"picked":"Hemokinesis","floor":19},{"not_picked":["Havoc","Second Wind","Heavy Blade+1"],"picked":"SKIP","floor":21},{"not_picked":["Twin Strike","Second Wind"],"picked":"Shrug It Off+1","floor":22},{"not_picked":["Fiend Fire","Thunderclap","Feel No Pain"],"picked":"SKIP","floor":24},{"not_picked":["Whirlwind","Power Through"],"picked":"Dual Wield+1","floor":29},{"not_picked":["Searing Blow","Flex","Thunderclap"],"picked":"SKIP","floor":31},{"not_picked":["Armaments","True Grit"],"picked":"Pommel Strike+1","floor":35},{"not_picked":["Iron Wave+1","Burning Pact+1","Thunderclap"],"picked":"SKIP","floor":36},{"not_picked":["Rampage+1","Intimidate+1","Clash"],"picked":"SKIP","floor":39}],"player_experience":158805,"relics_obtained":[{"floor":7.0,"key":"Orichalcum"},{"floor":9.0,"key":"Happy Flower"},{"floor":11.0,"key":"Bag of Marbles"},{"floor":24,"key":"Shovel"},{"floor":25,"key":"Whetstone"},{"floor":26,"key":"Pen Nib"},{"floor":27,"key":"Anchor"},{"floor":29,"key":"Lantern"},{"floor":32,"key":"Boot"}],"event_choices":[{"damage_healed":0.0,"max_hp_gain":0.0,"max_hp_loss":0.0,"gold_gain":0.0,"event_name":"Living Wall","player_choice":"Grow","floor":3.0,"gold_loss":0.0,"damage_taken":0.0,"cards_upgraded":["Immolate"]},{"damage_healed":0,"gold_gain":0,"player_choice":"Upgraded Two","damage_taken":0,"max_hp_gain":0,"max_hp_loss":0,"event_name":"Designer","floor":28,"gold_loss":40,"cards_upgraded":["Strike_R","Defend_R"]},{"damage_healed":0,"gold_gain":0,"player_choice":"Copied","damage_taken":0,"max_hp_gain":0,"max_hp_loss":0,"event_name":"Duplicator","floor":38,"gold_loss":0,"cards_obtained":["Dual Wield"]}],"is_beta":false,"boss_relics":[{"not_picked":["Eternal Feather","Empty Cage"],"picked":"Lizard Tail"},{"not_picked":["Orrery","White Beast Statue"],"picked":"Velvet Choker"}],"items_purged_floors":[30],"is_endless":false,"potions_floor_spawned":[4,5,7,11,14,19,21,29,31,35],"killed_by":"Giant Head","ascension_level":4}