{"path_per_floor":["M","$","?","?","M","R","M","R","T","?","M","R","?","$","R","B",null,"M","?","M","$","?","R","?","R","T","R","$","E","M","M","R","B",null,"M","?","$","M","M","R","E","?","T","R","M","?","E","M","R","B"],"character_chosen":"IRONCLAD","items_purchased":["Inflame"],"gold_per_floor":[111,36,36,36,55,55,65,65,65,125,137,137,137,37,37,139,139,159,159,170,11,11,11,11,11,11,11,11,38,48,59,59,164,164,180,180,30,48,61,61,94,0,24,24,36,36,69,88,88,88],"floor_reached":51,"campfire_rested":5,"playtime":2250,"current_hp_per_floor":[80,80,80,80,80,80,80,80,80,64,70,70,52,52,79,21,90,90,90,84,84,84,84,84,84,84,84,84,68,55,61,88,8,90,72,72,72,71,13,40,17,17,17,44,29,29,14,22,49,32],"items_purged":["Strike_R","Defend_R","Writhe","Corruption"],"gold":88,"score":612,"play_id":"caa4dfe0-eea4-44ab-9842-bfcc1d5ce7f9","is_prod":false,"is_daily":false,"is_ascension_mode":true,"campfire_upgraded":6,"path_taken":["M","$","?","?","?","R","M","R","T","?","M","R","?","$","R","BOSS","M","?","M","$","?","R","?","R","T","R","?","E","M","M","R","BOSS","M","?","$","?","M","R","E","?","T","R","M","?","E","M","R","BOSS"],"build_version":"2018-02-15-PROD1","purchased_purges":4,"victory":true,"master_deck":["Strike_R+1","Strike_R","Strike_R","Defend_R","Defend_R+1","Defend_R","Bash+1","Double Tap+1","Shrug It Off+1","Heavy Blade+1","Heavy Blade+1","Twin Strike+1","Burning Pact+1","Inflame+1","Cleave","Offering","Whirlwind+1","Flame Barrier+1","Thunderclap+1","Metallicize"],"max_hp_per_floor":[80,80,80,80,80,80,80,80,80,90,90,90,90,90,90,90,90,90,90,90,90,90,90,90,90,90,90,90,90,90,90,90,90,90,90,90,90,90,90,90,90,90,90,90,90,90,90,90,90,90],"relics":["Burning Blood","Vajra","Matryoshka","Pear","Mark of Pain","Paper Frog","Happy Flower","Prayer Wheel","Darkstone Periapt","Velvet Choker","Bottled Flame","Red Mask","Bag of Marbles","Ancient Tea Set","Blood Vial"],"card_choices":[{"not_picked":["Body Slam","Reckless Charge"],"picked":"Shrug It Off"},{"not_picked":["Dual Wield","Anger"],"picked":"Battle Trance"},{"not_picked":["Reaper","Body Slam"],"picked":"Corruption"},{"not_picked":["Sentinel","Thunderclap"],"picked":"Heavy Blade"},{"not_picked":["Sever Soul","Body Slam"],"picked":"Heavy Blade"},{"not_picked":["Hemokinesis","Clothesline"],"picked":"Twin Strike"},{"not_picked":["Armaments","Clash"],"picked":"Burning Pact"},{"not_picked":["Combust","Headbutt"],"picked":"Cleave"},{"not_picked":["Brutality","Exhume"],"picked":"Offering"},{"not_picked":["Burning Pact","Body Slam"],"picked":"Whirlwind"},{"not_picked":["Twin Strike","Cleave"],"picked":"Flame Barrier"},{"not_picked":["Fire Breathing","Disarm"],"picked":"Thunderclap"},{"not_picked":["Searing Blow","Warcry"],"picked":"Metallicize"}],"player_experience":85778,"potions_floor_usage":[11,16,20,29,31,33,38,41,50,50],"damage_taken":[{"damage":0,"enemies":"Small Slimes","floor":1,"turns":3},{"damage":0,"enemies":"Jaw Worm","floor":5,"turns":3},{"damage":6,"enemies":"2 Louse","floor":7,"turns":2},{"damage":32,"enemies":"Gremlin Nob","floor":10,"turns":4},{"damage":0,"enemies":"Red Slaver","floor":11,"turns":3},{"damage":64,"enemies":"The Guardian","floor":16,"turns":7},{"damage":0,"enemies":"Spheric Guardian","floor":18,"turns":2},{"damage":12,"enemies":"Chosen","floor":20,"turns":3},{"damage":34,"enemies":"Slavers","floor":29,"turns":6},{"damage":19,"enemies":"Snake Plant","floor":30,"turns":4},{"damage":0,"enemies":"Snecko","floor":31,"turns":3},{"damage":86,"enemies":"Collector","floor":33,"turns":6},{"damage":24,"enemies":"3 Shapes","floor":35,"turns":4},{"damage":7,"enemies":"3 Darklings","floor":38,"turns":4},{"damage":64,"enemies":"4 Shapes","floor":39,"turns":4},{"damage":29,"enemies":"Nemesis","floor":41,"turns":3},{"damage":21,"enemies":"Maw","floor":45,"turns":4},{"damage":21,"enemies":"2 Orb Walkers","floor":47,"turns":2},{"damage":0,"enemies":"3 Darklings","floor":48,"turns":1},{"damage":25,"enemies":"Time Eater","floor":50,"turns":6}],"event_choices":[{"event_name":"Living Wall","player_choice":"Forget","floor":3,"damage_taken":0},{"event_name":"Wheel of Change","player_choice":"Relic","floor":4,"damage_taken":0},{"event_name":"Dead Adventurer","player_choice":"Searched \u00272\u0027 times","floor":10,"damage_taken":0},{"event_name":"Shining Light","player_choice":"Entered Light","floor":13,"damage_taken":0},{"event_name":"The Mausoleum","player_choice":"Yes","floor":19,"damage_taken":0},{"event_name":"Addict","player_choice":"Ignored","floor":22,"damage_taken":0},{"event_name":"Beggar","player_choice":"Ignored","floor":24,"damage_taken":0},{"event_name":"Tomb of Lord Red Mask","player_choice":"Paid","floor":42,"damage_taken":0},{"event_name":"Mysterious Sphere","player_choice":"Ignore","floor":46,"damage_taken":0}],"boss_relics":[{"not_picked":["Astrolabe","Eternal Feather"],"picked":"Mark of Pain"},{"not_picked":["White Beast Statue","Question Card"],"picked":"Velvet Choker"}],"potions_floor_spawned":[5,10,11,16,29,30,33,35,39,48],"seed_played":"-8302233928952143435","ascension_level":2,"is_trial":false}