{"gold_per_floor":[132,174,174,234,294,375,375,477,555,65,65,140,140,179,179,407,407,446,494,530,578,680,680,758,265,310,406,439,544,544,592,592,817,817,894,936,969,1008,1008,1008,1098,1098,1122,1224,1224,1317,1365,464,464,677,893,893,941,217,367,406,454,454,556,556,581,686,744,744,837,936,936,1158,1158,1218,45,84,126,126,126,204,291,403,454,529,529,631,2,2,224,224,572,164,240,276,276,276,360,393,495,582,666,666,717,816,816,1032,1257,1257,1317,1365,1437,1488,1542,1554,1662,1674,1791,1803,1920,2025,2124,9,9,237,237,279,330,330,387,14,89,89,188,266,299,383,422,422,479,479,704,704,740,791,821,881,941,1034,1034,1130,1211,1307,1406,285,285,375,375,594,822,822],"floor_reached":156,"playtime":3782,"items_purged":[],"score":15536,"play_id":"23b798cc-c210-4534-b521-51bf32c418d4","local_time":"20190418143454","daily_mods":["Draft","Hoarder","Insanity","Chimera","Specialized","Vintage","ControlledChaos","Allstar","Red Cards","Green Cards","Blue Cards","Colorless Cards","Heirloom","Time Dilation","Flight","DeadlyEvents","Binary","Cursed Run","Elite Swarm","Lethality","Midas","Night Terrors","Terminal","Uncertain Future","Binary"],"is_ascension_mode":true,"campfire_choices":[{"floor":7.0,"key":"REST"},{"floor":13.0,"key":"REST"},{"floor":15.0,"key":"REST"},{"floor":23.0,"key":"REST"},{"floor":32.0,"key":"REST"},{"floor":40.0,"key":"REST"},{"floor":42.0,"key":"REST"},{"floor":49.0,"key":"REST"},{"floor":58.0,"key":"REST"},{"floor":60.0,"key":"REST"},{"floor":67.0,"key":"REST"},{"floor":75.0,"key":"REST"},{"floor":81.0,"key":"REST"},{"data":"1","floor":84.0,"key":"LIFT"},{"data":"2","floor":92.0,"key":"LIFT"},{"data":"3","floor":98.0,"key":"LIFT"},{"floor":101.0,"key":"REST"},{"floor":110.0,"key":"REST"},{"floor":112.0,"key":"REST"},{"data":"Writhe","floor":119.0,"key":"PURGE"},{"data":"Writhe","floor":134.0,"key":"PURGE"},{"data":"Writhe","floor":136.0,"key":"PURGE"},{"data":"Writhe","floor":145,"key":"PURGE"},{"data":"Writhe","floor":151,"key":"PURGE"},{"data":"Writhe","floor":153,"key":"PURGE"}],"neow_cost":"","seed_source_timestamp":0,"circlet_count":17,"master_deck":["Demon Form","Wraith Form v2","Echo Form","AscendersBane","Bash","Survivor","Zap","Strike_R","Strike_G","Strike_B","Defend_R","Defend_G","Defend_B","Thunderclap","Mind Blast","Madness","Enlightenment","Sweeping Beam","Go for the Eyes","Lockon+1","Conserve Battery","Beam Cell+1","Acrobatics","Compile Driver","Leap","Flex","Crippling Poison","Caltrops","Cleave","Enlightenment","Thunderclap","Go for the Eyes","Havoc","Acrobatics","Storm","Choke","Searing Blow","Coolheaded","Perfected Strike","PiercingWail","Burning Pact","Twin Strike","Consume","Flechettes","Go for the Eyes","Dark Shackles","Bane","Barrage","Go for the Eyes","Armaments","Crippling Poison","Steam Power","Outmaneuver","Heavy Blade","Conserve Battery+1","Turbo","Quick Slash","Metallicize","Inflame","Iron Wave","Shrug It Off","Storm of Steel","Storm of Steel","Storm of Steel","Storm of Steel","Storm of Steel","Storm of Steel","Storm of Steel","Storm of Steel","Storm of Steel","Storm of Steel","Storm of Steel","Storm of Steel","Rage","Rage","Rage","Slice","Slice","Slice","Recycle","Recycle","Recycle","Pommel Strike","Pommel Strike","Pommel Strike","Rage","Rage","Rage","Deflect","Deflect","Deflect","Trip","Trip","Trip","Turbo","Turbo","Turbo","Corruption","Corruption","Corruption","Flash of Steel","Flash of Steel","Flash of Steel","Coolheaded","Coolheaded","Coolheaded","Genetic Algorithm+1","Genetic Algorithm","Genetic Algorithm","Deflect","Deflect","Deflect","True Grit","True Grit","True Grit","Rage","Rage","Rage","Deflect","Deflect+1","Deflect","Shrug It Off","Shrug It Off","Shrug It Off","Flash of Steel","Flash of Steel","Flash of Steel","Dodge and Roll","Dodge and Roll","Dodge and Roll+1","Decay","Decay","Decay","Immolate+1","Immolate+1","Immolate+1","Reinforced Body+1","Reinforced Body+1","Reinforced Body+1","HandOfGreed+1","HandOfGreed+1","HandOfGreed+1","Corruption+1","Corruption+1","Corruption+1","Deep Breath","Deep Breath","Deep Breath","Writhe","Doubt","Doubt","Doubt","Mayhem+1","Mayhem+1","Mayhem+1","Doubt","Doubt","Doubt","Shrug It Off","Shrug It Off","Shrug It Off","Heatsinks+1","Heatsinks+1","Heatsinks+1","Storm+1","Storm+1","Storm+1","Stack","Stack","Stack","Apotheosis","Apotheosis","Apotheosis","Clumsy","Clumsy","Clumsy","Mind Blast+1","Mind Blast+1","Mind Blast+1","Panache+1","Panache+1","Panache+1","Shrug It Off","Shrug It Off","Shrug It Off","Barricade+1","Barricade+1","Barricade+1","Pain","Pain","Pain","Mind Blast+1","Mind Blast+1","Mind Blast+1","Sadistic Nature+1","Sadistic Nature+1","Sadistic Nature+1","Conserve Battery","Conserve Battery","Conserve Battery","Bullet Time","Bullet Time","Bullet Time","Impervious","Impervious","Impervious","Writhe","Writhe","Clumsy","Clumsy","Clumsy","Injury","Injury","Injury"],"special_seed":0,"relics":["Snecko Eye","Unceasing Top","Busted Crown","Dead Branch","Bird Faced Urn","Dream Catcher","Pantograph","Letter Opener","Dodecahedron","Singing Bowl","Art of War","Blue Candle","Prayer Wheel","Mummified Hand","Lizard Tail","Sundial","Whetstone","Oddly Smooth Stone","Bag of Preparation","Pear","Lantern","FossilizedHelix","Ancient Tea Set","Bottled Tornado","Frozen Egg 2","Cables","Kunai","Astrolabe","Orichalcum","Centennial Puzzle","Anchor","Happy Flower","Ice Cream","Strawberry","Emotion Chip","War Paint","Blood Vial","Shuriken","Symbiotic Virus","Toy Ornithopter","Orrery","Potion Belt","PreservedInsect","Toolbox","Boot","The Courier","Ginger","Omamori","Vajra","StoneCalendar","Bronze Scales","Mango","Nunchaku","Pen Nib","Regal Pillow","DataDisk","OrangePellets","Gremlin Horn","Meat on the Bone","Matryoshka","Bottled Flame","Girya","Old Coin","Calipers","Thread and Needle","Circlet","CultistMask","Ornamental Fan","MawBank","Bag of Marbles","Turnip","Molten Egg 2","Bottled Lightning","Peace Pipe","Question Card","Mercury Hourglass","HandDrill","Incense Burner","Pocketwatch","Gambling Chip","Lee\u0027s Waffle","MealTicket"],"potions_floor_usage":[],"damage_taken":[{"damage":0.0,"enemies":"Jaw Worm","floor":1.0,"turns":1.0},{"damage":0.0,"enemies":"2 Louse","floor":2.0,"turns":1.0},{"damage":0.0,"enemies":"Cultist","floor":4.0,"turns":1.0},{"damage":0.0,"enemies":"Lagavulin","floor":6.0,"turns":1.0},{"damage":0.0,"enemies":"Gremlin Nob","floor":8.0,"turns":1.0},{"damage":0.0,"enemies":"Lagavulin","floor":12.0,"turns":1.0},{"damage":0.0,"enemies":"Lots of Slimes","floor":14.0,"turns":2.0},{"damage":0.0,"enemies":"Hexaghost","floor":16.0,"turns":1.0},{"damage":0.0,"enemies":"2 Thieves","floor":18.0,"turns":1.0},{"damage":0.0,"enemies":"Chosen","floor":19.0,"turns":1.0},{"damage":0.0,"enemies":"Centurion and Healer","floor":20.0,"turns":1.0},{"damage":0.0,"enemies":"Chosen and Byrds","floor":21.0,"turns":1.0},{"damage":0.0,"enemies":"Slavers","floor":22.0,"turns":1.0},{"damage":0.0,"enemies":"Book of Stabbing","floor":24.0,"turns":1.0},{"damage":0.0,"enemies":"Gremlin Leader","floor":27.0,"turns":1.0},{"damage":0.0,"enemies":"Snecko","floor":28.0,"turns":1.0},{"damage":0.0,"enemies":"Book of Stabbing","floor":29.0,"turns":1.0},{"damage":0.0,"enemies":"Cultist and Chosen","floor":31.0,"turns":1.0},{"damage":0.0,"enemies":"Automaton","floor":33.0,"turns":2.0},{"damage":0.0,"enemies":"3 Shapes","floor":35.0,"turns":1.0},{"damage":0.0,"enemies":"Orb Walker","floor":36.0,"turns":1.0},{"damage":0.0,"enemies":"Transient","floor":37.0,"turns":2.0},{"damage":0.0,"enemies":"4 Shapes","floor":38.0,"turns":1.0},{"damage":0.0,"enemies":"Giant Head","floor":41.0,"turns":2.0},{"damage":0.0,"enemies":"Nemesis","floor":44.0,"turns":1.0},{"damage":0.0,"enemies":"Reptomancer","floor":46.0,"turns":1.0},{"damage":0.0,"enemies":"Sphere and 2 Shapes","floor":47.0,"turns":1.0},{"damage":0.0,"enemies":"Donu and Deca","floor":50.0,"turns":1.0},{"damage":0.0,"enemies":"Time Eater","floor":51.0,"turns":2.0},{"damage":0.0,"enemies":"Cultist","floor":53.0,"turns":1.0},{"damage":0.0,"enemies":"Small Slimes","floor":56.0,"turns":1.0},{"damage":0.0,"enemies":"Jaw Worm","floor":57.0,"turns":1.0},{"damage":0.0,"enemies":"3 Sentries","floor":59.0,"turns":1.0},{"damage":0.0,"enemies":"Gremlin Nob","floor":62.0,"turns":1.0},{"damage":0.0,"enemies":"Gremlin Gang","floor":63.0,"turns":1.0},{"damage":0.0,"enemies":"Lagavulin","floor":65.0,"turns":1.0},{"damage":0.0,"enemies":"Gremlin Nob","floor":66.0,"turns":1.0},{"damage":0.0,"enemies":"Slime Boss","floor":68.0,"turns":1.0},{"damage":0.0,"enemies":"Chosen","floor":70.0,"turns":1.0},{"damage":0.0,"enemies":"2 Thieves","floor":72.0,"turns":1.0},{"damage":0.0,"enemies":"Cultist and Chosen","floor":73.0,"turns":1.0},{"damage":0.0,"enemies":"Gremlin Leader","floor":76.0,"turns":1.0},{"damage":0.0,"enemies":"Slavers","floor":77.0,"turns":1.0},{"damage":0.0,"enemies":"Book of Stabbing","floor":78.0,"turns":1.0},{"damage":0.0,"enemies":"Centurion and Healer","floor":79.0,"turns":1.0},{"damage":0.0,"enemies":"Gremlin Leader","floor":80.0,"turns":1.0},{"damage":0.0,"enemies":"Book of Stabbing","floor":82.0,"turns":1.0},{"damage":0.0,"enemies":"Automaton","floor":85.0,"turns":2.0},{"damage":0.0,"enemies":"3 Darklings","floor":87.0,"turns":2.0},{"damage":0.0,"enemies":"3 Shapes","floor":89.0,"turns":1.0},{"damage":0.0,"enemies":"Sphere and 2 Shapes","floor":90.0,"turns":1.0},{"damage":0.0,"enemies":"Nemesis","floor":93.0,"turns":1.0},{"damage":0.0,"enemies":"Writhing Mass","floor":94.0,"turns":1.0},{"damage":0.0,"enemies":"Giant Head","floor":95.0,"turns":2.0},{"damage":0.0,"enemies":"Reptomancer","floor":96.0,"turns":1.0},{"damage":0.0,"enemies":"Nemesis","floor":97.0,"turns":1.0},{"damage":0.0,"enemies":"4 Shapes","floor":99.0,"turns":2.0},{"damage":0.0,"enemies":"Reptomancer","floor":100.0,"turns":1.0},{"damage":0.0,"enemies":"Time Eater","floor":102.0,"turns":1.0},{"damage":0.0,"enemies":"Awakened One","floor":103.0,"turns":3.0},{"damage":0.0,"enemies":"2 Louse","floor":105.0,"turns":2.0},{"damage":0.0,"enemies":"Cultist","floor":106.0,"turns":1.0},{"damage":0.0,"enemies":"Small Slimes","floor":107.0,"turns":2.0},{"damage":0.0,"enemies":"Gremlin Gang","floor":108.0,"turns":2.0},{"damage":0.0,"enemies":"Blue Slaver","floor":109.0,"turns":1.0},{"damage":0.0,"enemies":"3 Sentries","floor":111.0,"turns":2.0},{"damage":0.0,"enemies":"Lagavulin","floor":113.0,"turns":2.0},{"damage":0.0,"enemies":"3 Sentries","floor":115.0,"turns":2.0},{"damage":0.0,"enemies":"Gremlin Nob","floor":116.0,"turns":2.0},{"damage":0.0,"enemies":"Lagavulin","floor":117.0,"turns":1.0},{"damage":0.0,"enemies":"Slime Boss","floor":120.0,"turns":1.0},{"damage":0.0,"enemies":"Chosen","floor":122.0,"turns":1.0},{"damage":0.0,"enemies":"2 Thieves","floor":123.0,"turns":1.0},{"damage":0.0,"enemies":"Centurion and Healer","floor":125.0,"turns":1.0},{"damage":0.0,"enemies":"Slavers","floor":127.0,"turns":1.0},{"damage":0.0,"enemies":"Book of Stabbing","floor":129.0,"turns":1.0},{"damage":0.0,"enemies":"Gremlin Leader","floor":130.0,"turns":1.0},{"damage":0.0,"enemies":"Sentry and Sphere","floor":131.0,"turns":1.0},{"damage":0.0,"enemies":"Slavers","floor":132.0,"turns":1.0},{"damage":0.0,"enemies":"3 Cultists","floor":133.0,"turns":1.0},{"damage":0.0,"enemies":"Snecko","floor":135.0,"turns":1.0},{"damage":0.0,"enemies":"Collector","floor":137.0,"turns":1.0},{"damage":0,"enemies":"3 Shapes","floor":139,"turns":1},{"damage":0,"enemies":"Orb Walker","floor":140,"turns":1},{"damage":0,"enemies":"Transient","floor":141,"turns":2},{"damage":0,"enemies":"Writhing Mass","floor":142,"turns":1},{"damage":0,"enemies":"Jaw Worm Horde","floor":143,"turns":1},{"damage":0,"enemies":"Reptomancer","floor":144,"turns":1},{"damage":0,"enemies":"Nemesis","floor":146,"turns":1},{"damage":0,"enemies":"Reptomancer","floor":147,"turns":1},{"damage":0,"enemies":"Giant Head","floor":148,"turns":1},{"damage":0,"enemies":"Nemesis","floor":149,"turns":1},{"damage":0,"enemies":"Reptomancer","floor":152,"turns":1},{"damage":0,"enemies":"Awakened One","floor":154,"turns":4},{"damage":0,"enemies":"Time Eater","floor":155,"turns":1}],"seed_played":"-7267662590694706598","potions_obtained":[{"floor":2.0,"key":"SpeedPotion"},{"floor":6.0,"key":"Block Potion"},{"floor":14.0,"key":"Regen Potion"},{"floor":18.0,"key":"AttackPotion"},{"floor":51.0,"key":"Regen Potion"},{"floor":56.0,"key":"Energy Potion"},{"floor":57.0,"key":"Block Potion"},{"floor":93.0,"key":"Weak Potion"},{"floor":94.0,"key":"AttackPotion"},{"floor":97.0,"key":"Strength Potion"},{"floor":100.0,"key":"Swift Potion"},{"floor":107.0,"key":"Dexterity Potion"},{"floor":108.0,"key":"Dexterity Potion"},{"floor":109.0,"key":"Swift Potion"},{"floor":111.0,"key":"Weak Potion"}],"is_trial":true,"path_per_floor":["M","M","?","M","?","E","R","E","T","$","$","E","R","M","R","B",null,"M","M","M","M","E","R","E","$","T","E","M","E","?","M","R","B",null,"M","M","M","M","?","R","E","R","T","E","?","E","M","$","R","B","B",null,"M","$","?","M","M","R","E","R","T","E","M","?","E","E","R","B",null,"M","$","M","M","?","R","E","E","E","M","E","R","E","$","R","B",null,"M","$","M","M","?","R","E","M","E","E","E","R","M","E","R","B","B",null,"M","M","M","M","M","R","E","R","E","?","E","E","E","$","R","B",null,"M","M","?","M","$","E","$","E","E","M","E","M","R","M","R","B",null,"M","M","M","M","M","E","R","E","E","E","E","$","R","E","R","B","B",null],"character_chosen":"DEFECT","items_purchased":["Art of War","Blue Candle","Deflect","Shrug It Off","Flash of Steel","Dodge and Roll","FossilizedHelix","Shuriken","Symbiotic Virus","Toy Ornithopter","Corruption+1","Deep Breath","PreservedInsect","Toolbox","Boot","Mayhem+1","Bronze Scales","Mango","Nunchaku","Pen Nib","Regal Pillow","DataDisk","OrangePellets","Bottled Flame","Girya","Heatsinks+1","Storm+1","Stack","Calipers","Apotheosis","Bottled Lightning","Mind Blast+1","Panache+1","Peace Pipe","Question Card","Mercury Hourglass","HandDrill","Incense Burner","Pocketwatch","Gambling Chip","Shrug It Off","Barricade+1","Lee\u0027s Waffle","Sadistic Nature+1","Conserve Battery","MealTicket","Circlet","Circlet","Circlet"],"campfire_rested":16,"item_purchase_floors":[10,10,10,25,25,25,25,48,48,48,48,48,54,54,54,54,71,71,71,71,71,71,71,83,83,83,83,83,88,88,118,118,118,118,118,118,118,118,118,118,118,118,126,126,126,150,150,150,150],"current_hp_per_floor":[1,1,5,4,3,2,1,1,1,1,1,1,1,1,1,1,1,1,1,1,1,10,4,3,2,1,1,1,1,1,1,1,1,1,1,1,1,1,1,1,1,1,7,6,5,4,3,2,1,1,1,1,1,1,1,1,1,1,1,1,1,1,1,1,1,1,1,1,1,1,14,13,12,11,5,4,3,2,1,1,1,1,1,1,1,1,1,1,1,1,1,1,1,1,1,1,1,1,1,1,1,1,1,1,1,1,1,1,1,1,1,1,1,1,1,1,1,1,1,2,1,1,1,1,1,7,6,5,6,5,4,3,2,1,1,1,2,1,1,1,1,1,1,2,1,2,3,4,5,4,3,4,3,4,5,5],"gold":822,"neow_bonus":"","is_prod":false,"is_daily":false,"chose_seed":false,"campfire_upgraded":0,"win_rate":0,"timestamp":1555594494,"path_taken":["M","M","?","M","?","E","R","E","T","?","$","E","R","M","R","BOSS","M","M","?","M","?","R","E","$","T","E","M","E","?","M","R","BOSS","M","M","?","M","?","R","E","R","T","E","?","E","M","$","R","BOSS","BOSS","M","$","?","M","M","R","E","R","T","E","M","?","E","?","R","BOSS","M","$","M","M","?","R","E","?","E","M","E","R","E","?","R","BOSS","M","$","M","M","?","R","E","?","E","?","E","R","M","E","R","BOSS","BOSS","M","M","M","?","M","R","E","R","E","?","E","?","E","$","R","BOSS","M","M","?","M","$","E","?","E","E","?","E","M","R","M","R","BOSS","M","?","M","M","M","E","R","E","E","?","E","$","R","?","R","BOSS","BOSS"],"build_version":"2019-01-23","purchased_purges":0,"victory":false,"max_hp_per_floor":[1,1,5,4,3,2,1,1,1,1,1,1,1,1,1,1,1,1,1,1,1,10,4,3,2,1,1,1,1,1,1,1,1,1,1,1,1,1,1,1,1,1,7,6,5,4,3,2,1,1,1,1,1,1,1,1,1,1,1,1,1,1,1,1,1,1,1,1,1,1,14,13,12,11,5,4,3,2,1,1,1,1,1,1,1,1,1,1,1,1,1,1,1,1,1,1,1,1,1,1,1,1,1,1,1,1,1,1,1,1,1,1,1,1,1,1,1,1,1,2,1,1,1,1,1,7,6,5,6,5,4,3,2,1,1,1,2,1,1,1,1,1,1,2,1,2,3,4,5,4,3,4,3,4,5,5],"card_choices":[{"not_picked":["Trip","Havoc"],"picked":"Rage","floor":0.0},{"not_picked":["Rupture","Clash"],"picked":"Slice","floor":0.0},{"not_picked":["Streamline","Gash"],"picked":"Recycle","floor":0.0},{"not_picked":["Prepared","Accuracy"],"picked":"Pommel Strike","floor":0.0},{"not_picked":["Stack","Melter"],"picked":"Rage","floor":0.0},{"not_picked":["Thunderclap","Stack"],"picked":"Deflect","floor":0.0},{"not_picked":["Streamline","Hologram"],"picked":"Trip","floor":0.0},{"not_picked":["Inflame","Blade Dance"],"picked":"Turbo","floor":0.0},{"not_picked":["Second Wind","Rip and Tear"],"picked":"Corruption","floor":0.0},{"not_picked":["Pommel Strike","Prepared"],"picked":"Flash of Steel","floor":0.0},{"not_picked":["Warcry","Barrage"],"picked":"Coolheaded","floor":0.0},{"not_picked":["Pummel","Wild Strike"],"picked":"Genetic Algorithm","floor":0.0},{"not_picked":["Prepared","Dodge and Roll"],"picked":"Deflect","floor":0.0},{"not_picked":["PanicButton","Armaments"],"picked":"True Grit","floor":0.0},{"not_picked":["Consume","Sweeping Beam"],"picked":"Rage","floor":0.0},{"not_picked":["Thunder Strike+1"],"picked":"Singing Bowl","floor":120.0},{"not_picked":["Secret Weapon"],"picked":"SKIP","floor":127.0},{"not_picked":["Violence"],"picked":"Singing Bowl","floor":129.0},{"not_picked":[],"picked":"Bullet Time","floor":130.0},{"not_picked":[],"picked":"Impervious","floor":132.0},{"not_picked":["Multi-Cast"],"picked":"Singing Bowl","floor":137.0},{"not_picked":["Reboot"],"picked":"Singing Bowl","floor":144},{"not_picked":["Offering"],"picked":"Singing Bowl","floor":146},{"not_picked":["Juggernaut+1"],"picked":"Singing Bowl","floor":147},{"not_picked":["The Bomb"],"picked":"Singing Bowl","floor":148},{"not_picked":["Limit Break"],"picked":"Singing Bowl","floor":149},{"not_picked":["The Bomb"],"picked":"Singing Bowl","floor":152},{"not_picked":["Panache+1"],"picked":"Singing Bowl","floor":154},{"not_picked":["Seek"],"picked":"Singing Bowl","floor":155}],"player_experience":594557,"relics_obtained":[{"floor":1.0,"key":"Bird Faced Urn"},{"floor":2.0,"key":"Dream Catcher"},{"floor":4.0,"key":"Pantograph"},{"floor":6.0,"key":"Letter Opener"},{"floor":8.0,"key":"Dodecahedron"},{"floor":9.0,"key":"Singing Bowl"},{"floor":12.0,"key":"Prayer Wheel"},{"floor":14.0,"key":"Mummified Hand"},{"floor":18.0,"key":"Sundial"},{"floor":19.0,"key":"Whetstone"},{"floor":20.0,"key":"Oddly Smooth Stone"},{"floor":21.0,"key":"Bag of Preparation"},{"floor":22.0,"key":"Pear"},{"floor":24.0,"key":"Lantern"},{"floor":26.0,"key":"Ancient Tea Set"},{"floor":27.0,"key":"Bottled Tornado"},{"floor":28.0,"key":"Frozen Egg 2"},{"floor":29.0,"key":"Cables"},{"floor":31.0,"key":"Kunai"},{"floor":35.0,"key":"Orichalcum"},{"floor":36.0,"key":"Centennial Puzzle"},{"floor":37.0,"key":"Anchor"},{"floor":38.0,"key":"Happy Flower"},{"floor":41.0,"key":"Ice Cream"},{"floor":43.0,"key":"Strawberry"},{"floor":44.0,"key":"Emotion Chip"},{"floor":46.0,"key":"War Paint"},{"floor":47.0,"key":"Blood Vial"},{"floor":53.0,"key":"Potion Belt"},{"floor":56.0,"key":"The Courier"},{"floor":57.0,"key":"Ginger"},{"floor":61.0,"key":"Omamori"},{"floor":63.0,"key":"Vajra"},{"floor":70.0,"key":"StoneCalendar"},{"floor":72.0,"key":"Gremlin Horn"},{"floor":73.0,"key":"Meat on the Bone"},{"floor":79.0,"key":"Matryoshka"},{"floor":87.0,"key":"Old Coin"},{"floor":89.0,"key":"Thread and Needle"},{"floor":90.0,"key":"Circlet"},{"floor":94.0,"key":"Circlet"},{"floor":99.0,"key":"Circlet"},{"floor":105.0,"key":"Ornamental Fan"},{"floor":106.0,"key":"MawBank"},{"floor":107.0,"key":"Bag of Marbles"},{"floor":108.0,"key":"Turnip"},{"floor":109.0,"key":"Molten Egg 2"},{"floor":122.0,"key":"Circlet"},{"floor":123.0,"key":"Circlet"},{"floor":125.0,"key":"Circlet"},{"floor":131.0,"key":"Circlet"},{"floor":133.0,"key":"Circlet"},{"floor":135.0,"key":"Circlet"},{"floor":139,"key":"Circlet"},{"floor":140,"key":"Circlet"},{"floor":141,"key":"Circlet"},{"floor":142,"key":"Circlet"},{"floor":143,"key":"Circlet"}],"event_choices":[{"damage_healed":0.0,"max_hp_gain":5.0,"max_hp_loss":0.0,"gold_gain":0.0,"event_name":"Big Fish","player_choice":"Donut","floor":3.0,"gold_loss":0.0,"damage_taken":0.0},{"damage_healed":0.0,"max_hp_gain":0.0,"max_hp_loss":0.0,"gold_gain":60.0,"event_name":"Golden Wing","player_choice":"Gained Gold","floor":5.0,"gold_loss":0.0,"damage_taken":0.0},{"cards_removed":["Normality","Normality","Normality"],"damage_healed":0.0,"max_hp_gain":0.0,"max_hp_loss":0.0,"gold_gain":0.0,"event_name":"Fountain of Cleansing","player_choice":"Removed Curses","floor":30.0,"gold_loss":0.0,"damage_taken":0.0},{"damage_healed":0.0,"max_hp_gain":0.0,"max_hp_loss":0.0,"gold_gain":0.0,"event_name":"SensoryStone","player_choice":"Memory 1","floor":39.0,"gold_loss":0.0,"damage_taken":0.0},{"cards_removed":["Evolve"],"damage_healed":0.0,"max_hp_gain":0.0,"max_hp_loss":0.0,"gold_gain":0.0,"event_name":"Falling","player_choice":"Removed Power","floor":45.0,"gold_loss":0.0,"damage_taken":0.0},{"damage_healed":0.0,"max_hp_gain":0.0,"max_hp_loss":0.0,"gold_gain":150.0,"event_name":"Liars Game","player_choice":"AGREE","floor":55.0,"gold_loss":0.0,"damage_taken":0.0,"cards_obtained":["Doubt"]},{"damage_healed":0.0,"max_hp_gain":0.0,"max_hp_loss":0.0,"gold_gain":0.0,"event_name":"Match and Keep!","player_choice":"0 cards matched","floor":64.0,"gold_loss":0.0,"damage_taken":0.0,"cards_obtained":[]},{"damage_healed":0.0,"max_hp_gain":0.0,"max_hp_loss":0.0,"gold_gain":0.0,"cards_transformed":["Whirlwind"],"event_name":"Transmorgrifier","player_choice":"Transformed","floor":74.0,"gold_loss":0.0,"damage_taken":0.0,"cards_obtained":["Shrug It Off"]},{"damage_healed":0.0,"max_hp_gain":0.0,"max_hp_loss":0.0,"gold_gain":0.0,"event_name":"FaceTrader","player_choice":"Trade","floor":91.0,"gold_loss":0.0,"damage_taken":0.0,"relics_obtained":["CultistMask"]},{"damage_healed":0.0,"max_hp_gain":0.0,"max_hp_loss":0.0,"gold_gain":0.0,"event_name":"Shining Light","player_choice":"Entered Light","floor":114.0,"gold_loss":0.0,"damage_taken":0.0,"cards_upgraded":["Deflect","Genetic Algorithm"]},{"damage_healed":0.0,"max_hp_gain":0.0,"max_hp_loss":0.0,"gold_gain":0.0,"event_name":"The Library","player_choice":"Read","floor":124.0,"gold_loss":0.0,"damage_taken":0.0,"cards_obtained":["Mind Blast"]}],"is_beta":false,"boss_relics":[{"not_picked":["Empty Cage","Tiny House"],"picked":"Lizard Tail"},{"not_picked":["Inserter","Nuclear Battery"],"picked":"Astrolabe"},{"not_picked":["Velvet Choker","Sozu"],"picked":"Orrery"},{"not_picked":["Scatterbrain"],"picked":"TwistingMind"},{"not_picked":["TwistingMind"],"picked":"VoidEssence"},{"not_picked":["VoidEssence"],"picked":"MetallicRebirth"},{"not_picked":["Accursed"],"picked":"Scatterbrain"},{"not_picked":["GraspOfShadows"],"picked":"Scatterbrain"},{"not_picked":["TwistingMind"],"picked":"MetallicRebirth"}],"items_purged_floors":[],"is_endless":true,"potions_floor_spawned":[2,6,12,14,18,19,27,28,29,36,41,46,47,51,56,57,59,65,68,70,72,76,78,85,87,89,93,94,97,100,107,108,109,111,120,123,127,129,133,141,142,144,147,148,152,155],"ascension_level":20}