{"path_per_floor":["M","?","M","?","M","R","$","M","T","M","?","R","E","M","R","B",null,"M","$","T","M","M","R","$","E","T","$","T","?","R","?","R","B",null,"M","?","M","$","M"],"character_chosen":"THE_SILENT","items_purchased":["Thread and Needle","Calculated Gamble"],"gold_per_floor":[366,366,380,380,390,390,18,34,34,46,46,46,71,85,85,180,180,197,97,120,133,143,143,18,51,104,29,55,55,55,55,55,156,156,171,217,232,82,93],"floor_reached":40,"campfire_rested":1,"playtime":2573,"current_hp_per_floor":[56,49,49,49,45,45,45,45,45,45,45,45,31,31,49,37,63,63,63,63,63,57,57,57,37,37,37,37,73,73,64,64,2,78,78,55,55,55,55],"items_purged":["Normality","Strike_G","Defend_G","Defend_G"],"gold":93,"play_id":"71d326ff-7c0f-451c-a990-884a0f51e2d6","is_prod":false,"is_daily":false,"is_ascension_mode":false,"campfire_upgraded":5,"path_taken":["M","?","M","?","M","R","$","M","T","?","?","R","E","M","R","BOSS","M","?","?","M","M","R","$","E","T","$","?","?","R","?","R","BOSS","M","?","M","$","M","E"],"build_version":"2018-01-31-BETA3","purchased_purges":4,"victory":false,"master_deck":["Defend_G","Defend_G","Defend_G","Strike_G+1","Strike_G","Survivor","Neutralize","Backstab+1","Well Laid Plans","Terror+1","Burst+1","Bouncing Flask+1","Poisoned Stab","Expertise+1","Catalyst+1","Calculated Gamble+1","Tactician","Sucker Punch+1","Prepared","Corpse Explosion"],"max_hp_per_floor":[63,63,63,63,63,63,63,63,63,63,63,63,63,63,63,63,63,63,63,63,63,63,63,63,63,63,63,63,73,73,78,78,78,78,78,78,78,78,78],"relics":["Ring of the Snake","Ancient Tea Set","Thread and Needle","Snake Skull","Oddly Smooth Stone","Sozu","Whetstone","Juzu Bracelet","Art of War","Prayer Wheel","Cursed Key","Peace Pipe"],"card_choices":[{"not_picked":["Leg Sweep","Bane"],"picked":"Backstab"},{"not_picked":["PiercingWail","Dagger Throw"],"picked":"Well Laid Plans"},{"not_picked":["Endless Agony","Flying Knee"],"picked":"Terror"},{"not_picked":["Acrobatics","Dagger Spray"],"picked":"Burst"},{"not_picked":["Poisoned Stab","Sucker Punch"],"picked":"Bouncing Flask"},{"not_picked":["All Out Attack","Choke"],"picked":"Poisoned Stab"},{"not_picked":["Die Die Die","Unload"],"picked":"Venomology"},{"not_picked":["Deflect","Heel Hook"],"picked":"Expertise"},{"not_picked":["Backflip","PiercingWail"],"picked":"Catalyst"},{"not_picked":["Doppelganger","Storm of Steel"],"picked":"Tactician"},{"not_picked":["Eviscerate","Dodge and Roll"],"picked":"Sucker Punch"},{"not_picked":["Choke","Underhanded Strike"],"picked":"Prepared"},{"not_picked":["Outmaneuver","Bane"],"picked":"Corpse Explosion"}],"player_experience":124448,"potions_floor_usage":[13,13],"damage_taken":[{"damage":7,"enemies":"Jaw Worm","floor":1,"turns":7},{"damage":0,"enemies":"2 Louse","floor":3,"turns":2},{"damage":4,"enemies":"Cultist","floor":5,"turns":5},{"damage":0,"enemies":"Lots of Slimes","floor":8,"turns":5},{"damage":0,"enemies":"Large Slime","floor":10,"turns":6},{"damage":14,"enemies":"Gremlin Nob","floor":13,"turns":4},{"damage":0,"enemies":"Red Slaver","floor":14,"turns":2},{"damage":12,"enemies":"Hexaghost","floor":16,"turns":5},{"damage":0,"enemies":"Spheric Guardian","floor":18,"turns":3},{"damage":0,"enemies":"3 Byrds","floor":21,"turns":4},{"damage":6,"enemies":"Centurion and Healer","floor":22,"turns":4},{"damage":20,"enemies":"Gremlin Leader","floor":25,"turns":5},{"damage":62,"enemies":"Collector","floor":33,"turns":7},{"damage":0,"enemies":"Orb Walker","floor":35,"turns":3},{"damage":23,"enemies":"Mysterious Sphere","floor":36,"turns":8},{"damage":0,"enemies":"3 Darklings","floor":37,"turns":5},{"damage":0,"enemies":"Spire Growth","floor":39,"turns":3},{"damage":70,"enemies":"2 Orb Walkers","floor":40,"turns":3}],"event_choices":[{"event_name":"Golden Wing","player_choice":"Card Removal","floor":2,"damage_taken":0},{"event_name":"Accursed Blacksmith","player_choice":"Rummage","floor":4,"damage_taken":0},{"event_name":"Purifier","player_choice":"One Purge","floor":11,"damage_taken":0},{"event_name":"Bonfire Elementals","player_choice":"RARE","floor":29,"damage_taken":0},{"event_name":"Forgotten Altar","player_choice":"Shed Blood","floor":31,"damage_taken":0},{"event_name":"Mysterious Sphere","player_choice":"Fight","floor":36,"damage_taken":0}],"boss_relics":[{"not_picked":["Orrery","Astrolabe"],"picked":"Sozu"},{"not_picked":["White Beast Statue","Velvet Choker"],"picked":"Cursed Key"}],"potions_floor_spawned":[1,8,16,18,22,33,39],"seed_played":"-113758454009013509","killed_by":"2 Orb Walkers","ascension_level":0,"is_trial":false}