{"gold_per_floor":[110,121,121,121,133,145,157,179,191,217,229,253,328,360,372,479,491,517,542,554,746,777,789,565,583,606,606,621,639,658,658,658,754,754,769,785,802,308,324,324,47,47,74,92,92,105,119,29,29,29],"floor_reached":50,"playtime":3767,"items_purged":["Underhanded Strike","Strike_G","Defend_G"],"score":810,"play_id":"df39e991-f681-44d5-96d2-7fe12f869f47","local_time":"20190427175008","is_ascension_mode":true,"campfire_choices":[{"floor":6,"key":"REST"},{"floor":11,"key":"REST"},{"floor":15,"key":"REST"},{"floor":23,"key":"REST"},{"floor":27,"key":"REST"},{"floor":32,"key":"REST"},{"floor":40,"key":"REST"},{"floor":42,"key":"REST"},{"floor":49,"key":"REST"}],"neow_cost":"PERCENT_DAMAGE","seed_source_timestamp":952860029995000,"circlet_count":0,"master_deck":["AscendersBane","Defend_G","Defend_G+1","Defend_G","Strike_G+1","Survivor","Neutralize","Backstab+1","Bouncing Flask","Cloak And Dagger+1","Dodge and Roll","PiercingWail","Well Laid Plans","Noxious Fumes","Adrenaline","Dash+1","Poisoned Stab","Bouncing Flask","After Image","Noxious Fumes","Catalyst","Escape Plan","Backstab+1","After Image","Blur+1","Terror+1","Adrenaline"],"relics":["Ring of the Serpent","WingedGreaves","MawBank","Bronze Scales","Snake Skull","Fusion Hammer","PreservedInsect","TwistedFunnel","Lantern","Whetstone"],"potions_floor_usage":[13,13,16,22,31,33,39,50],"damage_taken":[{"damage":16,"enemies":"Cultist","floor":1,"turns":5},{"damage":0,"enemies":"Small Slimes","floor":2,"turns":4},{"damage":0,"enemies":"2 Louse","floor":8,"turns":2},{"damage":12,"enemies":"Large Slime","floor":10,"turns":6},{"damage":0,"enemies":"2 Fungi Beasts","floor":12,"turns":3},{"damage":15,"enemies":"Lagavulin Event","floor":13,"turns":5},{"damage":4,"enemies":"Lots of Slimes","floor":14,"turns":3},{"damage":0,"enemies":"The Guardian","floor":16,"turns":8},{"damage":0,"enemies":"Chosen","floor":18,"turns":4},{"damage":1,"enemies":"Shell Parasite","floor":19,"turns":4},{"damage":7,"enemies":"3 Cultists","floor":22,"turns":5},{"damage":0,"enemies":"Centurion and Healer","floor":25,"turns":6},{"damage":0,"enemies":"Snecko","floor":28,"turns":5},{"damage":13,"enemies":"Snake Plant","floor":29,"turns":4},{"damage":7,"enemies":"Centurion and Healer","floor":30,"turns":7},{"damage":13,"enemies":"Colosseum Slavers","floor":31,"turns":3},{"damage":22,"enemies":"Automaton","floor":33,"turns":12},{"damage":0,"enemies":"Orb Walker","floor":35,"turns":3},{"damage":9,"enemies":"3 Darklings","floor":36,"turns":5},{"damage":7,"enemies":"Spire Growth","floor":37,"turns":5},{"damage":17,"enemies":"Jaw Worm Horde","floor":39,"turns":4},{"damage":20,"enemies":"Maw","floor":44,"turns":6},{"damage":6,"enemies":"4 Shapes","floor":46,"turns":3},{"damage":17,"enemies":"Writhing Mass","floor":47,"turns":5},{"damage":51,"enemies":"Time Eater","floor":50,"turns":9}],"seed_played":"-1008466980488807891","potions_obtained":[{"floor":1,"key":"Ancient Potion"},{"floor":10,"key":"Energy Potion"},{"floor":14,"key":"FearPotion"},{"floor":16,"key":"SneckoOil"},{"floor":19,"key":"Explosive Potion"},{"floor":30,"key":"Energy Potion"},{"floor":33,"key":"Fire Potion"},{"floor":36,"key":"Fire Potion"},{"floor":47,"key":"Strength Potion"}],"is_trial":false,"path_per_floor":["M","M","?","?","?","R","?","M","T","M","R","M","?","M","R","B",null,"M","M","?","?","M","R","$","M","T","R","M","M","M","?","R","B",null,"M","M","M","$","M","R","$","R","T","M","?","M","M","?","R","B"],"character_chosen":"THE_SILENT","items_purchased":["After Image","TwistedFunnel","Panache","Lantern"],"campfire_rested":9,"item_purchase_floors":[24,38,38,41],"current_hp_per_floor":[29,29,29,26,12,33,33,33,33,21,42,42,27,23,44,44,64,64,63,63,42,35,56,56,56,56,70,70,57,50,37,58,36,62,62,53,46,46,29,50,50,70,70,50,50,44,27,27,48,0],"gold":29,"neow_bonus":"ONE_RARE_RELIC","is_prod":false,"is_daily":false,"chose_seed":false,"campfire_upgraded":0,"win_rate":0,"timestamp":1556383808,"path_taken":["M","?","?","?","?","R","?","?","T","M","R","M","?","M","R","BOSS","M","M","?","?","?","R","?","M","T","R","?","M","M","?","R","BOSS","M","M","M","$","M","R","$","R","T","M","?","?","M","?","R","BOSS"],"build_version":"2019-01-23","purchased_purges":3,"victory":false,"max_hp_per_floor":[70,70,70,70,70,70,70,70,70,70,70,70,70,70,70,70,70,70,70,70,70,70,70,70,70,70,70,70,70,70,70,70,70,70,70,70,70,70,70,70,70,70,70,70,70,70,70,70,70,70],"card_choices":[{"not_picked":["Deflect","Prepared"],"picked":"Backstab","floor":1},{"not_picked":["Deadly Poison","Calculated Gamble"],"picked":"Bouncing Flask","floor":2},{"not_picked":["Prepared","Dodge and Roll"],"picked":"Cloak And Dagger","floor":8},{"not_picked":["Outmaneuver","Tactician"],"picked":"Dodge and Roll","floor":10},{"not_picked":["Storm of Steel","Dagger Spray"],"picked":"PiercingWail","floor":12},{"not_picked":["Riddle With Holes","Cloak And Dagger"],"picked":"Well Laid Plans","floor":13},{"not_picked":["All Out Attack","Quick Slash"],"picked":"Noxious Fumes","floor":14},{"not_picked":["A Thousand Cuts","Envenom"],"picked":"Adrenaline","floor":16},{"not_picked":["Flying Knee","Outmaneuver","Sucker Punch"],"picked":"SKIP","floor":18},{"not_picked":["Storm of Steel","Quick Slash+1"],"picked":"Dash","floor":19},{"not_picked":["Endless Agony","Flying Knee"],"picked":"Bouncing Flask","floor":22},{"not_picked":["Flying Knee","Outmaneuver"],"picked":"Noxious Fumes","floor":25},{"not_picked":["Outmaneuver","Well Laid Plans+1"],"picked":"Catalyst","floor":28},{"not_picked":["Bane","PiercingWail+1"],"picked":"Escape Plan","floor":29},{"not_picked":["Prepared","Accuracy"],"picked":"Backstab+1","floor":30},{"not_picked":["Venomology","Malaise"],"picked":"After Image","floor":33},{"not_picked":["Dagger Spray+1","Prepared","Outmaneuver"],"picked":"SKIP","floor":35},{"not_picked":["Deflect+1","Envenom"],"picked":"Blur+1","floor":36},{"not_picked":["Poisoned Stab","Sucker Punch"],"picked":"Terror+1","floor":37},{"not_picked":["PiercingWail+1","Flechettes+1","Acrobatics"],"picked":"SKIP","floor":39},{"not_picked":["All Out Attack","PiercingWail+1","Prepared+1"],"picked":"SKIP","floor":44},{"not_picked":["Slice","Bane","Riddle With Holes+1"],"picked":"SKIP","floor":46},{"not_picked":["Deadly Poison","Flechettes","Sucker Punch+1"],"picked":"SKIP","floor":47}],"player_experience":420092,"relics_obtained":[{"floor":9,"key":"Bronze Scales"},{"floor":13,"key":"Snake Skull"},{"floor":26,"key":"PreservedInsect"},{"floor":43,"key":"Whetstone"}],"event_choices":[{"cards_removed":["Strike_G"],"damage_healed":0,"gold_gain":0,"player_choice":"Forget","damage_taken":0,"max_hp_gain":0,"max_hp_loss":0,"event_name":"Living Wall","floor":3,"gold_loss":0},{"damage_healed":0,"gold_gain":0,"player_choice":"Success","damage_taken":3,"relics_obtained":["MawBank"],"max_hp_gain":0,"max_hp_loss":0,"event_name":"Scrap Ooze","floor":4,"gold_loss":0},{"damage_healed":0,"gold_gain":0,"player_choice":"Entered Light","damage_taken":14,"max_hp_gain":0,"max_hp_loss":0,"event_name":"Shining Light","floor":5,"gold_loss":0,"cards_upgraded":["Defend_G","Strike_G"]},{"cards_removed":["Defend_G"],"damage_healed":0,"gold_gain":0,"player_choice":"Card Removal","damage_taken":0,"max_hp_gain":0,"max_hp_loss":0,"event_name":"Wheel of Change","floor":7,"gold_loss":0},{"damage_healed":0,"gold_gain":0,"player_choice":"Searched \u00272\u0027 times","damage_taken":0,"max_hp_gain":0,"max_hp_loss":0,"event_name":"Dead Adventurer","floor":13,"gold_loss":0},{"damage_healed":0,"gold_gain":0,"cards_transformed":["Strike_G","Strike_G"],"player_choice":"Became Test Subject","damage_taken":0,"max_hp_gain":0,"max_hp_loss":0,"event_name":"Drug Dealer","floor":20,"gold_loss":0,"cards_obtained":["Underhanded Strike","Poisoned Stab"]},{"damage_healed":0,"gold_gain":180,"player_choice":"GOLD GOLD ","damage_taken":21,"max_hp_gain":0,"max_hp_loss":0,"event_name":"Knowing Skull","floor":21,"potions_obtained":[],"gold_loss":0,"cards_obtained":[]},{"damage_healed":0,"gold_gain":0,"player_choice":"Fight","damage_taken":0,"max_hp_gain":0,"max_hp_loss":0,"event_name":"Colosseum","floor":31,"gold_loss":0},{"damage_healed":0,"gold_gain":0,"player_choice":"Fled From Nobs","damage_taken":0,"max_hp_gain":0,"max_hp_loss":0,"event_name":"Colosseum","floor":31,"gold_loss":0},{"damage_healed":0,"gold_gain":0,"player_choice":"Copied","damage_taken":0,"max_hp_gain":0,"max_hp_loss":0,"event_name":"Duplicator","floor":45,"gold_loss":0,"cards_obtained":["Adrenaline"]},{"cards_removed":["Panache"],"damage_healed":0,"gold_gain":0,"player_choice":"Upgrade and Remove","damage_taken":0,"max_hp_gain":0,"max_hp_loss":0,"event_name":"Designer","floor":48,"gold_loss":90,"cards_upgraded":["Cloak And Dagger"]}],"is_beta":false,"boss_relics":[{"not_picked":["Astrolabe","White Beast Statue"],"picked":"Fusion Hammer"},{"not_picked":["HoveringKite","Orrery"],"picked":"Ring of the Serpent"}],"items_purged_floors":[24,38,41],"is_endless":false,"potions_floor_spawned":[1,10,14,16,19,30,31,33,36,47],"killed_by":"Time Eater","ascension_level":11}