{"path_per_floor":["M","$","?","?","$","R","E","R","T","R","M","M","E","M","R","B",null,"M","?","?","M","?","R","?","M","T","T","?","R","$","M","R","B",null,"M","?","$","M","?","E","R","?","T","R","?","?","M","M","R"],"character_chosen":"DEFECT","items_purchased":["FTL","Sundial","Ornamental Fan"],"gold_per_floor":[115,40,40,40,3,3,38,38,38,38,61,84,119,135,135,260,260,278,278,278,294,294,294,294,317,397,444,444,444,116,136,136,261,261,275,275,67,83,148,187,187,187,264,264,264,264,288,307,307,307],"floor_reached":50,"campfire_rested":5,"playtime":1711,"item_purchase_floors":[5,30,37],"current_hp_per_floor":[67,67,49,42,42,42,12,34,34,56,54,54,46,46,46,8,58,47,47,41,41,41,41,41,17,17,17,17,39,39,38,60,44,67,56,56,56,56,56,35,35,35,35,35,35,35,35,35,57,0],"items_purged":["Dualcast","Writhe"],"gold":307,"score":593,"play_id":"d6fce530-5fad-431a-aac3-1fe68d191c79","local_time":"20180622211258","is_prod":false,"is_daily":false,"chose_seed":false,"is_ascension_mode":true,"campfire_upgraded":5,"win_rate":0,"timestamp":1529698378,"campfire_choices":[{"data":"Beam Cell","floor":6,"key":"SMITH"},{"floor":8,"key":"REST"},{"floor":10,"key":"REST"},{"data":"Sunder","floor":15,"key":"SMITH"},{"data":"Hyperbeam","floor":23,"key":"SMITH"},{"floor":29,"key":"REST"},{"floor":32,"key":"REST"},{"data":"Recycle","floor":41,"key":"SMITH"},{"data":"White Noise","floor":44,"key":"SMITH"},{"floor":49,"key":"REST"}],"path_taken":["M","$","?","?","$","R","E","R","T","R","M","M","E","?","R","BOSS","M","?","?","M","?","R","?","M","T","?","?","R","$","M","R","BOSS","M","?","$","M","?","E","R","?","T","R","?","?","M","M","R","BOSS"],"build_version":"2018-06-21","seed_source_timestamp":635985043401384,"purchased_purges":2,"circlet_count":0,"victory":false,"master_deck":["Strike_B","Strike_B","Defend_B","Defend_B","Beam Cell+1","FTL+1","Skim","Beam Cell+1","Sunder+1","Heatsinks","Ball Lightning","Hyperbeam+1","Hello World+1","Sweeping Beam+1","Steam Power+1","FTL","RitualDagger+1","White Noise+1","Rebound","Recycle+1","All For One","Streamline+1","Gash","Hyperbeam+1","Regret","Steam Power","Purity","Auto Shields+1","Scrape+1"],"max_hp_per_floor":[75,75,75,75,75,75,75,75,75,75,75,75,75,75,75,75,75,75,75,75,75,75,75,75,75,75,75,75,75,75,75,75,75,75,75,75,75,75,75,75,75,75,75,75,75,75,75,75,75,75],"relics":["White Beast Statue","Golden Idol","Symbiotic Virus","Mummified Hand","Dream Catcher","Astrolabe","Juzu Bracelet","The Courier","Whetstone","Sundial","Cursed Key","Ornamental Fan","Incense Burner","Lantern","Gremlin Horn"],"card_choices":[{"not_picked":["Gash","Stack"],"picked":"Beam Cell","floor":1},{"not_picked":["Barrage","BootSequence"],"picked":"Skim","floor":7},{"not_picked":["Barrage","Compile Driver"],"picked":"Beam Cell","floor":11},{"not_picked":["Glacier","Chill"],"picked":"Sunder","floor":12},{"not_picked":["Defragment","Hologram"],"picked":"Heatsinks","floor":13},{"not_picked":["Stack","Turbo"],"picked":"Ball Lightning","floor":14},{"not_picked":["All For One","Reboot"],"picked":"Hyperbeam","floor":16},{"not_picked":["Steam","Stack"],"picked":"FTL","floor":18},{"not_picked":["Capacitor+1","Tempest+1","Turbo+1"],"picked":"SKIP","floor":21},{"not_picked":["Aggregate","Cold Snap","Ball Lightning"],"picked":"SKIP","floor":25},{"not_picked":["Defragment+1","Undo"],"picked":"White Noise","floor":29},{"not_picked":["Beam Cell","Coolheaded"],"picked":"Rebound","floor":31},{"not_picked":["Leap","Hologram"],"picked":"Recycle","floor":32},{"not_picked":["Biased Cognition","Buffer"],"picked":"All For One","floor":33},{"not_picked":["Compile Driver+1","Steam+1"],"picked":"Streamline+1","floor":35},{"not_picked":["Streamline+1","BootSequence+1","Turbo"],"picked":"SKIP","floor":38},{"not_picked":["Conserve Battery","Chaos"],"picked":"Gash","floor":39},{"not_picked":["Cold Snap+1","Loop"],"picked":"Hyperbeam","floor":40},{"not_picked":["Dark Shackles","Swift Strike"],"picked":"Purity","floor":46},{"not_picked":["Rebound+1","Sweeping Beam","Cold Snap+1"],"picked":"SKIP","floor":47},{"not_picked":["Stack+1","Beam Cell+1"],"picked":"Auto Shields+1","floor":48},{"not_picked":["Steam","Reprogram+1"],"picked":"Scrape+1","floor":49}],"player_experience":303305,"potions_floor_usage":[12,13,13,16,16,16,16,16,21,25,33,35,39,39,40,50],"damage_taken":[{"damage":8,"enemies":"Small Slimes","floor":1,"turns":4},{"damage":30,"enemies":"3 Sentries","floor":7,"turns":9},{"damage":2,"enemies":"Jaw Worm","floor":11,"turns":3},{"damage":0,"enemies":"Cultist","floor":12,"turns":2},{"damage":8,"enemies":"Lagavulin","floor":13,"turns":5},{"damage":0,"enemies":"Exordium Thugs","floor":14,"turns":3},{"damage":47,"enemies":"The Guardian","floor":16,"turns":6},{"damage":11,"enemies":"Spheric Guardian","floor":18,"turns":3},{"damage":0,"enemies":"2 Thieves","floor":21,"turns":1},{"damage":24,"enemies":"Snake Plant","floor":25,"turns":3},{"damage":1,"enemies":"Chosen and Byrds","floor":31,"turns":2},{"damage":16,"enemies":"Collector","floor":33,"turns":6},{"damage":11,"enemies":"Orb Walker","floor":35,"turns":2},{"damage":0,"enemies":"3 Darklings","floor":38,"turns":1},{"damage":0,"floor":39,"turns":2},{"damage":21,"enemies":"2 Orb Walkers","floor":40,"turns":3},{"damage":0,"enemies":"4 Shapes","floor":47,"turns":1},{"damage":0,"enemies":"Sphere and 2 Shapes","floor":48,"turns":1},{"damage":80,"enemies":"Time Eater","floor":50,"turns":3}],"relics_obtained":[{"floor":7,"key":"Symbiotic Virus"},{"floor":9,"key":"Mummified Hand"},{"floor":13,"key":"Dream Catcher"},{"floor":26,"key":"The Courier"},{"floor":27,"key":"Whetstone"},{"floor":39,"key":"Incense Burner"},{"floor":40,"key":"Lantern"},{"floor":43,"key":"Gremlin Horn"}],"event_choices":[{"event_name":"Golden Idol","player_choice":"Take Damage","floor":3,"damage_taken":0},{"event_name":"Golden Wing","player_choice":"Card Removal","floor":4,"damage_taken":0},{"event_name":"The Mausoleum","player_choice":"Yes","floor":19,"damage_taken":0},{"event_name":"Nest","player_choice":"Joined the Cult","floor":20,"damage_taken":0},{"event_name":"The Woman in Blue","player_choice":"Bought 0 Potions","floor":22,"damage_taken":0},{"event_name":"Accursed Blacksmith","player_choice":"Forge","floor":24,"damage_taken":0},{"event_name":"Ghosts","player_choice":"Ignored","floor":28,"damage_taken":0},{"event_name":"The Lab","player_choice":"Got Potions","floor":36,"damage_taken":0},{"event_name":"Mysterious Sphere","player_choice":"Fight","floor":39,"damage_taken":0},{"event_name":"Upgrade Shrine","player_choice":"Upgraded","floor":42,"damage_taken":0},{"event_name":"Transmorgrifier","player_choice":"Transform","floor":45,"damage_taken":0},{"event_name":"SensoryStone","player_choice":"Memory 1","floor":46,"damage_taken":0}],"boss_relics":[{"not_picked":["Orrery","Eternal Feather"],"picked":"Astrolabe"},{"not_picked":["Black Star","Sozu"],"picked":"Cursed Key"}],"items_purged_floors":[2,30],"is_endless":false,"potions_floor_spawned":[1,7,11,12,13,14,16,18,21,25,31,33,35,38,39,40,47,48],"seed_played":"-2187662763924294957","killed_by":"Time Eater","ascension_level":5,"potions_obtained":[{"floor":1,"key":"Weak Potion"},{"floor":7,"key":"Explosive Potion"},{"floor":11,"key":"Block Potion"},{"floor":12,"key":"Fire Potion"},{"floor":13,"key":"EntropicBrew"},{"floor":14,"key":"Fire Potion"},{"floor":16,"key":"Poison Potion"},{"floor":18,"key":"Swift Potion"},{"floor":21,"key":"FairyPotion"},{"floor":25,"key":"Ancient Potion"},{"floor":33,"key":"Swift Potion"},{"floor":35,"key":"FearPotion"},{"floor":36,"key":"EntropicBrew"},{"floor":38,"key":"FairyPotion"},{"floor":39,"key":"Strength Potion"},{"floor":40,"key":"SkillPotion"}],"is_trial":false}