{"path_per_floor":["M","M","?","?","M","R","M","M","T","R","M","M","?","M","R","B",null,"M","?","?","M","M","R","E"],"character_chosen":"IRONCLAD","items_purchased":[],"gold_per_floor":[116,130,80,255,273,273,284,298,298,298,317,330,330,346,346,441,441,456,456,381,363,375,375,407,407],"floor_reached":25,"campfire_rested":1,"playtime":961,"item_purchase_floors":[],"current_hp_per_floor":[80,80,80,80,80,80,76,75,75,75,80,80,64,69,69,38,80,76,76,76,70,18,42,18,18],"items_purged":[],"gold":407,"score":217,"play_id":"33379b1b-a2d2-4ac5-bbde-eb1d9d07bf43","local_time":"20180626184944","daily_mods":["Draft"],"is_prod":false,"is_daily":false,"chose_seed":true,"is_ascension_mode":false,"campfire_upgraded":3,"win_rate":0,"timestamp":1530060584,"campfire_choices":[{"data":"Searing Blow","floor":6,"key":"SMITH"},{"data":"Searing Blow+1","floor":10,"key":"SMITH"},{"data":"Searing Blow+2","floor":15,"key":"SMITH"},{"floor":23,"key":"REST"}],"path_taken":["M","M","?","?","M","R","?","M","T","R","M","M","?","M","R","BOSS","M","?","?","?","M","R","E","M"],"build_version":"2018-06-21","seed_source_timestamp":155942622147313,"purchased_purges":0,"circlet_count":0,"victory":false,"master_deck":["Clash+1","Flex","Cleave","Rupture","Thunderclap","Armaments","Sentinel","Twin Strike","Warcry","Warcry+1","Searing Blow+3","Shrug It Off","Double Tap","Purity"],"max_hp_per_floor":[80,80,80,80,80,80,80,80,80,80,80,80,80,80,80,80,80,80,80,80,80,80,80,80,80],"special_seed":20635678,"relics":["Burning Blood","Molten Egg 2","Empty Cage","Regal Pillow"],"card_choices":[{"not_picked":["Wild Strike","Twin Strike"],"picked":"Battle Trance","floor":0},{"not_picked":["Fire Breathing","Entrench"],"picked":"Clash","floor":0},{"not_picked":["Warcry","Evolve"],"picked":"Flex","floor":0},{"not_picked":["Flame Barrier","Bloodletting"],"picked":"Cleave","floor":0},{"not_picked":["Reckless Charge","Fire Breathing"],"picked":"Rupture","floor":0},{"not_picked":["Clothesline","Iron Wave"],"picked":"Thunderclap","floor":0},{"not_picked":["Combust","Anger"],"picked":"Sword Boomerang","floor":0},{"not_picked":["Shrug It Off","Intimidate"],"picked":"Armaments","floor":0},{"not_picked":["Second Wind","Heavy Blade"],"picked":"Rupture","floor":0},{"not_picked":["Entrench","Heavy Blade"],"picked":"Sentinel","floor":0},{"not_picked":["Burning Pact","Wild Strike"],"picked":"Twin Strike","floor":0},{"not_picked":["Wild Strike","Fire Breathing"],"picked":"Warcry","floor":0},{"not_picked":["Perfected Strike","Clothesline"],"picked":"Warcry","floor":0},{"not_picked":["Inflame","Power Through"],"picked":"Searing Blow","floor":0},{"not_picked":["Hemokinesis","Clothesline"],"picked":"Shrug It Off","floor":0},{"not_picked":["Shrug It Off","Clothesline","Warcry"],"picked":"SKIP","floor":1},{"not_picked":["Battle Trance","Havoc","Iron Wave"],"picked":"SKIP","floor":2},{"not_picked":["Pommel Strike","True Grit","Shrug It Off"],"picked":"SKIP","floor":5},{"not_picked":["Cleave","True Grit","Havoc"],"picked":"SKIP","floor":7},{"not_picked":["Dual Wield","Inflame","Clothesline"],"picked":"SKIP","floor":8},{"not_picked":["Burning Pact","Sword Boomerang+1","Rupture"],"picked":"SKIP","floor":11},{"not_picked":["Battle Trance","Feel No Pain","Wild Strike+1"],"picked":"SKIP","floor":12},{"not_picked":["Anger+1","Thunderclap+1"],"picked":"Double Tap","floor":14},{"not_picked":["Perfected Strike+1","Havoc","Armaments"],"picked":"SKIP","floor":18},{"not_picked":["Shrug It Off+1","Body Slam+1","Twin Strike+1"],"picked":"SKIP","floor":21},{"not_picked":["Combust","Second Wind","True Grit"],"picked":"SKIP","floor":22},{"not_picked":["Havoc","Sentinel","Inflame"],"picked":"SKIP","floor":24}],"player_experience":402282,"potions_floor_usage":[12,16,22,22],"damage_taken":[{"damage":0,"enemies":"2 Louse","floor":1,"turns":2},{"damage":6,"enemies":"Jaw Worm","floor":2,"turns":2},{"damage":0,"enemies":"Cultist","floor":5,"turns":3},{"damage":10,"enemies":"Exordium Wildlife","floor":7,"turns":3},{"damage":7,"enemies":"Blue Slaver","floor":8,"turns":3},{"damage":0,"enemies":"Exordium Thugs","floor":11,"turns":3},{"damage":0,"enemies":"Large Slime","floor":12,"turns":4},{"damage":1,"enemies":"Exordium Wildlife","floor":14,"turns":4},{"damage":37,"enemies":"Hexaghost","floor":16,"turns":9},{"damage":10,"enemies":"Chosen","floor":18,"turns":4},{"damage":12,"enemies":"2 Thieves","floor":21,"turns":4},{"damage":58,"enemies":"Cultist and Chosen","floor":22,"turns":8},{"damage":30,"enemies":"Book of Stabbing","floor":24,"turns":4},{"damage":0,"enemies":"Snake Plant","floor":25,"turns":1}],"relics_obtained":[{"floor":9,"key":"Molten Egg 2"},{"floor":24,"key":"Regal Pillow"}],"event_choices":[{"event_name":"The Cleric","player_choice":"Card Removal","floor":3,"damage_taken":0},{"event_name":"Liars Game","player_choice":"agreed","floor":4,"damage_taken":0},{"event_name":"Shining Light","player_choice":"Entered Light","floor":13,"damage_taken":0},{"event_name":"Match and Keep!","player_choice":"1 cards matched","floor":19,"damage_taken":0},{"event_name":"Beggar","player_choice":"Gave Gold","floor":20,"damage_taken":0}],"boss_relics":[{"not_picked":["Runic Cube","Coffee Dripper"],"picked":"Empty Cage"}],"items_purged_floors":[],"is_endless":true,"potions_floor_spawned":[2,7,8,14,16,18,22],"seed_played":"-3876628534887882813","killed_by":"Snake Plant","ascension_level":0,"potions_obtained":[{"floor":2,"key":"FearPotion"},{"floor":7,"key":"Dexterity Potion"},{"floor":8,"key":"FairyPotion"},{"floor":14,"key":"Explosive Potion"},{"floor":16,"key":"EssenceOfSteel"},{"floor":18,"key":"Weak Potion"},{"floor":22,"key":"Swift Potion"}],"is_trial":true}