{"gold_per_floor":[116,66,76,26,46,46,81,81,106,56,56,83,100,119,119,193,193,207,225,238,238,188,215,215,230,230,260,277,310,310,330,330,407,407,426,426,376,389,339,339,352,352,352,352,364,379,24,24,24,24],"floor_reached":50,"playtime":1611,"items_purged":["Strike_R","Defend_R","Decay","Strike_R","Strike_R"],"score":1065,"play_id":"6b8699f9-137f-4e72-b655-279865755448","local_time":"20190120202204","is_ascension_mode":true,"campfire_choices":[{"data":"Bludgeon","floor":6,"key":"SMITH"},{"data":"Immolate","floor":8,"key":"SMITH"},{"data":"Shrug It Off","floor":15,"key":"SMITH"},{"data":"Pommel Strike","floor":24,"key":"SMITH"},{"floor":30,"key":"REST"},{"floor":32,"key":"REST"},{"floor":40,"key":"REST"},{"floor":42,"key":"RECALL"},{"data":"Pommel Strike","floor":44,"key":"SMITH"},{"data":"Bash","floor":49,"key":"SMITH"}],"neow_cost":"TEN_PERCENT_HP_LOSS","seed_source_timestamp":1296798418200336,"circlet_count":0,"master_deck":["AscendersBane","Strike_R","Defend_R+1","Bash+1","Bludgeon+1","Hemokinesis","Offering","Immolate+1","Exhume+1","Pommel Strike+1","Shrug It Off+1","Feed","Pommel Strike+1","True Grit","Headbutt+1","Reaper","Thunderclap","Headbutt+1","PanicButton"],"relics":["Burning Blood","Smiling Mask","Lantern","Ginger","Sozu","Potion Belt","Bottled Flame","War Paint","Pear","Velvet Choker","Unceasing Top","Lee\u0027s Waffle"],"potions_floor_usage":[12,27,33],"damage_taken":[{"damage":1,"enemies":"Cultist","floor":1,"turns":3},{"damage":3,"enemies":"2 Louse","floor":3,"turns":3},{"damage":0,"enemies":"Small Slimes","floor":5,"turns":2},{"damage":24,"enemies":"Lagavulin","floor":7,"turns":4},{"damage":6,"enemies":"Gremlin Nob","floor":12,"turns":2},{"damage":4,"enemies":"Exordium Thugs","floor":13,"turns":3},{"damage":3,"enemies":"Blue Slaver","floor":14,"turns":2},{"damage":18,"enemies":"Slime Boss","floor":16,"turns":5},{"damage":0,"enemies":"Spheric Guardian","floor":18,"turns":1},{"damage":12,"enemies":"Shell Parasite","floor":19,"turns":1},{"damage":9,"enemies":"Sentry and Sphere","floor":20,"turns":2},{"damage":27,"enemies":"Book of Stabbing","floor":23,"turns":3},{"damage":18,"enemies":"Cultist and Chosen","floor":25,"turns":3},{"damage":15,"enemies":"Slavers","floor":27,"turns":3},{"damage":12,"enemies":"Snecko","floor":28,"turns":2},{"damage":9,"enemies":"Gremlin Leader","floor":29,"turns":5},{"damage":12,"enemies":"Centurion and Healer","floor":31,"turns":2},{"damage":94,"enemies":"Champ","floor":33,"turns":9},{"damage":22,"enemies":"3 Shapes","floor":35,"turns":2},{"damage":9,"enemies":"3 Darklings","floor":38,"turns":3},{"damage":0,"enemies":"Jaw Worm Horde","floor":41,"turns":1},{"damage":3,"enemies":"Spire Growth","floor":45,"turns":3},{"damage":37,"enemies":"Writhing Mass","floor":46,"turns":3},{"damage":130,"enemies":"Time Eater","floor":50,"turns":9}],"seed_played":"-5299508462985840933","potions_obtained":[{"floor":3,"key":"EssenceOfSteel"},{"floor":12,"key":"PowerPotion"},{"floor":13,"key":"Block Potion"}],"is_trial":false,"path_per_floor":["M","?","M","$","M","R","E","R","T","$","?","E","M","M","R","B",null,"M","M","M","?","$","E","R","M","T","E","M","E","R","M","R","B",null,"M","?","$","M","$","R","M","R","T","R","M","M","$","?","R","B"],"character_chosen":"IRONCLAD","items_purchased":["Fire Potion","PanicButton","Lee\u0027s Waffle"],"campfire_rested":3,"item_purchase_floors":[4,47,47],"current_hp_per_floor":[68,68,68,68,68,68,50,50,50,50,50,50,52,55,55,43,62,68,65,68,68,68,47,47,38,38,32,29,39,68,65,95,7,78,65,65,65,76,76,105,105,105,105,105,108,77,115,109,109,0],"gold":24,"neow_bonus":"THREE_RARE_CARDS","is_prod":false,"is_daily":false,"chose_seed":false,"campfire_upgraded":6,"win_rate":0,"timestamp":1548015724,"path_taken":["M","?","M","$","M","R","E","R","T","$","?","E","?","M","R","BOSS","M","M","M","?","$","E","R","M","T","E","M","E","R","M","R","BOSS","M","?","?","M","$","R","M","R","T","R","M","M","$","?","R","BOSS"],"build_version":"2019-01-17v2","purchased_purges":5,"victory":false,"max_hp_per_floor":[68,68,68,68,68,68,68,68,68,68,68,68,68,68,68,68,68,68,71,77,77,77,77,77,80,80,83,86,99,99,102,102,102,102,105,105,105,105,105,105,105,105,105,105,108,108,115,109,109,109],"card_choices":[{"not_picked":["Double Tap","Demon Form"],"picked":"Bludgeon","floor":0},{"not_picked":["Body Slam","Havoc","Rupture"],"picked":"SKIP","floor":1},{"not_picked":["Warcry","Spot Weakness"],"picked":"Hemokinesis","floor":3},{"not_picked":["Sword Boomerang","Anger"],"picked":"Offering","floor":5},{"not_picked":["Hemokinesis","Heavy Blade"],"picked":"Immolate","floor":7},{"not_picked":["Twin Strike","Havoc","Pummel"],"picked":"SKIP","floor":12},{"not_picked":["Iron Wave","Clash"],"picked":"Pommel Strike","floor":13},{"not_picked":["Pommel Strike","Perfected Strike"],"picked":"Shrug It Off","floor":14},{"not_picked":["Reaper","Barricade"],"picked":"Feed","floor":16},{"not_picked":["Searing Blow","Spot Weakness+1","Body Slam"],"picked":"SKIP","floor":18},{"not_picked":["Sword Boomerang","Heavy Blade","Body Slam"],"picked":"SKIP","floor":19},{"not_picked":["Searing Blow","Cleave","Flame Barrier"],"picked":"SKIP","floor":20},{"not_picked":["Burning Pact","Heavy Blade"],"picked":"Pommel Strike","floor":23},{"not_picked":["Pommel Strike","Whirlwind"],"picked":"True Grit","floor":25},{"not_picked":["Cleave","Flame Barrier+1","Combust"],"picked":"SKIP","floor":27},{"not_picked":["Seeing Red","Iron Wave","Armaments"],"picked":"SKIP","floor":28},{"not_picked":["Twin Strike","Second Wind","Entrench+1"],"picked":"SKIP","floor":29},{"not_picked":["Hemokinesis","Blood for Blood"],"picked":"Headbutt+1","floor":31},{"not_picked":["Dark Embrace","Exhume"],"picked":"Reaper","floor":33},{"not_picked":["Body Slam","Fire Breathing"],"picked":"Thunderclap","floor":35},{"not_picked":["Whirlwind","Entrench","Rampage"],"picked":"SKIP","floor":38},{"not_picked":["Intimidate","Bloodletting+1","Anger"],"picked":"SKIP","floor":41},{"not_picked":["Sword Boomerang","Heavy Blade"],"picked":"Headbutt+1","floor":45},{"not_picked":["Thunderclap+1","Whirlwind+1","Feel No Pain"],"picked":"SKIP","floor":46}],"player_experience":151617,"relics_obtained":[{"floor":7,"key":"Smiling Mask"},{"floor":9,"key":"Lantern"},{"floor":12,"key":"Ginger"},{"floor":23,"key":"Potion Belt"},{"floor":26,"key":"Bottled Flame"},{"floor":27,"key":"War Paint"},{"floor":29,"key":"Pear"},{"floor":43,"key":"Unceasing Top"}],"event_choices":[{"cards_removed":["Strike_R"],"damage_healed":0,"gold_gain":0,"player_choice":"Card Removal","damage_taken":0,"max_hp_gain":0,"max_hp_loss":0,"event_name":"The Cleric","floor":2,"gold_loss":50},{"damage_healed":0,"gold_gain":0,"cards_transformed":["Defend_R"],"player_choice":"Transformed","damage_taken":0,"max_hp_gain":0,"max_hp_loss":0,"event_name":"Transmorgrifier","floor":11,"gold_loss":0,"cards_obtained":["Exhume"]},{"cards_removed":["Defend_R"],"damage_healed":0,"gold_gain":0,"player_choice":"Elegance","damage_taken":0,"max_hp_gain":0,"max_hp_loss":0,"event_name":"Back to Basics","floor":21,"gold_loss":0},{"damage_healed":0,"gold_gain":0,"player_choice":"Cursed","damage_taken":0,"max_hp_gain":0,"max_hp_loss":0,"event_name":"Wheel of Change","floor":36,"gold_loss":0,"cards_obtained":["Decay"]},{"damage_healed":0,"gold_gain":0,"player_choice":"Max HP","damage_taken":0,"max_hp_gain":0,"max_hp_loss":6,"event_name":"Winding Halls","floor":48,"gold_loss":0}],"is_beta":false,"boss_relics":[{"not_picked":["Eternal Feather","Black Star"],"picked":"Sozu"},{"not_picked":["Philosopher\u0027s Stone","Tiny House"],"picked":"Velvet Choker"}],"items_purged_floors":[10,22,37,39,47],"is_endless":false,"potions_floor_spawned":[3,12,13,23,27,28,33,45,46],"killed_by":"Time Eater","ascension_level":14}