{"path_per_floor":["M","M","M","?","M","R","E","R","T","?","R","M","R","?","R","B",null,"M","$","?","M","M","E","?","?","T","R","M","M","R","M","R","B",null,"M","?","$","?","?","E","M","M","T","?","R","M","M","M","R","B"],"character_chosen":"THE_SILENT","items_purchased":["Footwork","Blur","Girya"],"gold_per_floor":[113,129,140,140,152,152,177,177,201,201,201,211,211,211,211,314,314,326,177,177,194,209,244,514,464,464,464,474,485,485,496,496,595,595,615,615,136,136,136,171,187,198,250,0,0,13,33,48,48,48],"floor_reached":41,"campfire_rested":2,"playtime":3353,"current_hp_per_floor":[67,65,64,50,48,48,37,37,37,37,58,58,58,58,58,27,72,68,68,68,68,70,74,46,46,46,46,48,32,55,57,57,24,80,39,59,59,59,59,57,59,56,56,56,56,58,58,58,58,22],"items_purged":["Strike_G","Writhe"],"gold":48,"play_id":"14f7cca0-2e74-435e-92e8-aa5f4376aa30","is_prod":false,"is_daily":false,"campfire_rituals":0,"campfire_upgraded":6,"is_hardmode":false,"path_taken":["M","?","?","?","M","R","E","R","T","?","R","M","R","?","R","BOSS","M","$","?","M","?","E","?","?","T","R","M","M","R","M","R","BOSS","M","?","$","?","?","E","?","M","T","?","R","M","M","M","R","BOSS"],"build_version":"2018-01-11-PROD2","purchased_purges":2,"victory":true,"master_deck":["Defend_G","Defend_G","Defend_G","Strike_G","Strike_G","Survivor","Neutralize","Infinite Blades","Infinite Blades","Prepared","Blade Dance","Cloak And Dagger","Quick Slash","Accuracy","Riddle With Holes","Sucker Punch","Footwork","Cloak And Dagger","Finisher","Die Die Die","After Image","Dash","Sucker Punch","Cloak And Dagger","Backflip","Blur"],"max_hp_per_floor":[70,70,70,70,70,70,70,70,70,70,70,70,70,70,70,72,72,72,72,72,72,74,74,74,74,74,74,76,78,78,80,80,80,80,80,80,80,80,80,82,84,84,84,84,84,86,86,86,86,86],"relics":["Ring of the Snake","Lantern","Anchor","Oddly Smooth Stone","Singing Bowl","Astrolabe","Molten Egg","Bag of Marbles","Girya","Meat on the Bone","Dream Catcher","Red Mask"],"campfire_meditates":0,"card_choices":[{"not_picked":["Flechettes","Leg Sweep"],"picked":"Infinite Blades"},{"not_picked":["Predator","Bane"],"picked":"Infinite Blades"},{"not_picked":["Outmaneuver","Slice"],"picked":"Prepared"},{"not_picked":["Infinite Blades","Sucker Punch"],"picked":"Blade Dance"},{"not_picked":["Underhanded Strike","Eviscerate"],"picked":"Cloak And Dagger"},{"not_picked":["Backstab","Acrobatics"],"picked":"Sucker Punch"},{"not_picked":["Slice","Heel Hook"],"picked":"Finisher"},{"not_picked":["Outmaneuver","Phantasmal Killer"],"picked":"Die Die Die"},{"not_picked":["Doppelganger","Envenom"],"picked":"After Image"},{"not_picked":["Deflect","Outmaneuver"],"picked":"Dash"},{"not_picked":["Skewer","Prepared"],"picked":"Cloak And Dagger"},{"not_picked":["Flechettes","Deflect"],"picked":"Backflip"},{"not_picked":["Blade Dance","Noxious Fumes"],"picked":"Blur"}],"player_experience":291500,"potions_floor_usage":[40],"damage_taken":[{"damage":3.0,"enemies":"Blue Slaver","floor":1.0,"turns":5.0},{"damage":2.0,"enemies":"Small Slimes","floor":2.0,"turns":4.0},{"damage":1.0,"enemies":"Jaw Worm","floor":3.0,"turns":4.0},{"damage":2.0,"enemies":"Looter","floor":5.0,"turns":4.0},{"damage":11.0,"enemies":"Gremlin Nob","floor":7.0,"turns":5.0},{"damage":0.0,"enemies":"3 Louse","floor":12.0,"turns":3.0},{"damage":33.0,"enemies":"The Guardian","floor":16.0,"turns":9.0},{"damage":4.0,"enemies":"2 Thieves","floor":18.0,"turns":4.0},{"damage":0.0,"enemies":"Spheric Guardian","floor":21.0,"turns":2.0},{"damage":0.0,"enemies":"Snecko","floor":22.0,"turns":4.0},{"damage":1.0,"enemies":"Book of Stabbing","floor":23.0,"turns":5.0},{"damage":0.0,"enemies":"Centurion and Healer","floor":28.0,"turns":3.0},{"damage":18.0,"enemies":"Sentry and Sphere","floor":29.0,"turns":4.0},{"damage":0.0,"enemies":"Snake Plant","floor":31.0,"turns":4.0},{"damage":15.0,"enemies":"Automaton","floor":33.0,"turns":9.0},{"damage":41.0,"enemies":"3 Darklings","floor":35.0,"turns":6.0},{"damage":0.0,"enemies":"Giant Head","floor":40.0,"turns":6.0},{"damage":0.0,"enemies":"Orb Walker","floor":40.0,"turns":7.0},{"damage":0.0,"enemies":"Maw","floor":40.0,"turns":11.0},{"damage":0.0,"enemies":"3 Darklings","floor":40.0,"turns":13.0},{"damage":0.0,"enemies":"4 Shapes","floor":40.0,"turns":15.0},{"damage":0.0,"enemies":"Maw","floor":40.0,"turns":20.0},{"damage":0,"enemies":"Time Eater","floor":40,"turns":12}],"event_choices":[{"event_name":"Shining Light","player_choice":"Entered Light","floor":4.0,"damage_taken":0.0},{"event_name":"Big Fish","player_choice":"Box","floor":10.0,"damage_taken":0.0},{"event_name":"Fountain of Cleansing","player_choice":"Removed Curse","floor":14.0,"damage_taken":0.0},{"event_name":"Duplicator","player_choice":"One dupe","floor":20.0,"damage_taken":0.0},{"event_name":"Knowing Skull","player_choice":"GOLD GOLD GOLD ","floor":24.0,"damage_taken":0.0},{"event_name":"The Joust","player_choice":"Bet on Murderer","floor":25.0,"damage_taken":0.0},{"event_name":"Winding Halls","player_choice":"Writhe","floor":36.0,"damage_taken":0.0},{"event_name":"Transmorgrifier","player_choice":"Transform","floor":38.0,"damage_taken":0.0},{"event_name":"Tomb of Lord Red Mask","player_choice":"Paid","floor":40.0,"damage_taken":0.0}],"boss_relics":[],"potions_floor_spawned":[1,7,12,16,18,21,22,33,40,40,40],"seed_played":"-7938443913217491150","is_trial":false}