{"gold_per_floor":[119,194,194,210,210,210,485,485,485,369,269,269,284,284,284,284],"floor_reached":16,"playtime":392,"items_purged":["Regret","Strike_B"],"score":108,"play_id":"143a5dfe-5835-4316-9edf-c8e0701d613e","local_time":"20180909203159","is_ascension_mode":true,"campfire_choices":[{"floor":6,"key":"REST"},{"data":"Lockon","floor":8,"key":"SMITH"},{"data":"Sunder","floor":12,"key":"SMITH"},{"data":"Multi-Cast","floor":15,"key":"SMITH"}],"neow_cost":"NONE","seed_source_timestamp":2182176533568152,"circlet_count":0,"master_deck":["Strike_B","Strike_B","Strike_B","Defend_B","Defend_B","Defend_B","Zap","Dualcast","Multi-Cast+1","Storm","Lockon+1","Sunder+1","Ball Lightning"],"relics":["Cracked Core","Boot","Gremlin Horn"],"potions_floor_usage":[16],"damage_taken":[{"damage":7,"enemies":"Jaw Worm","floor":1,"turns":3},{"damage":18,"enemies":"Small Slimes","floor":4,"turns":4},{"damage":0,"enemies":"2 Louse","floor":13,"turns":2},{"damage":53,"enemies":"The Guardian","floor":16,"turns":7}],"seed_played":"-4250183509832231900","potions_obtained":[{"floor":13,"key":"Strength Potion"}],"is_trial":false,"path_per_floor":["M","?","?","M","?","R","?","R","T","$","$","R","M","?","R"],"character_chosen":"DEFECT","items_purchased":["Sunder"],"campfire_rested":1,"item_purchase_floors":[10],"current_hp_per_floor":[68,57,24,6,31,53,53,53,53,53,53,53,53,53,53,0],"gold":284,"neow_bonus":"ONE_RANDOM_RARE_CARD","is_prod":false,"is_daily":false,"chose_seed":false,"campfire_upgraded":3,"win_rate":0,"timestamp":1536521519,"path_taken":["M","?","?","M","?","R","?","R","T","?","$","R","?","?","R","BOSS"],"build_version":"2018-09-06","purchased_purges":2,"victory":false,"max_hp_per_floor":[75,75,75,75,75,75,75,75,75,75,75,75,75,75,75,75],"card_choices":[{"not_picked":["Steam","Stack"],"picked":"Storm","floor":1},{"not_picked":["Conserve Battery","Cold Snap"],"picked":"Lockon","floor":4},{"not_picked":["Cold Snap","Coolheaded"],"picked":"Ball Lightning","floor":13}],"player_experience":331877,"relics_obtained":[{"floor":9,"key":"Gremlin Horn"}],"event_choices":[{"event_name":"World of Goop","player_choice":"Gather Gold","floor":2,"damage_taken":0},{"event_name":"Scrap Ooze","player_choice":"success","floor":3,"damage_taken":33},{"event_name":"Big Fish","player_choice":"Banana","floor":5,"damage_taken":0},{"event_name":"Golden Shrine","player_choice":"Desecrate","floor":7,"damage_taken":0},{"event_name":"Bonfire Elementals","player_choice":"BASIC","floor":14,"damage_taken":0}],"is_beta":false,"boss_relics":[],"items_purged_floors":[10,11],"is_endless":false,"potions_floor_spawned":[13],"killed_by":"The Guardian","ascension_level":5}