{"gold_per_floor":[118,68,68,87,106,106,117,134,134,169,185,201,218,237,237,340,390,408,94,9,9,28,28,46,75,122,145,165,165],"floor_reached":29,"playtime":1274,"items_purged":["Strike_R"],"score":377,"play_id":"a8a30b4c-3a70-415a-a1ed-f8885297b832","local_time":"20190115004927","is_ascension_mode":true,"campfire_choices":[{"data":"True Grit","floor":6,"key":"SMITH"},{"data":"Rampage","floor":15,"key":"SMITH"},{"data":"Battle Trance","floor":23,"key":"SMITH"}],"neow_cost":"NONE","seed_source_timestamp":1754393909987949,"circlet_count":0,"master_deck":["AscendersBane","Strike_R","Strike_R","Defend_R","Defend_R","Defend_R","Defend_R","Bash","True Grit+1","Anger","Shrug It Off","Battle Trance+1","Battle Trance","Rampage+1","Demon Form+1"],"relics":["Burning Blood","Anchor","Letter Opener","Sundial","Tiny House","Kunai","Dodecahedron","Juzu Bracelet","Smiling Mask","Dream Catcher"],"potions_floor_usage":[10,16,24,25,25,28,28],"damage_taken":[{"damage":3,"enemies":"2 Louse","floor":1,"turns":3},{"damage":2,"enemies":"Small Slimes","floor":4,"turns":5},{"damage":0,"enemies":"Cultist","floor":5,"turns":3},{"damage":2,"enemies":"Lots of Slimes","floor":7,"turns":7},{"damage":0,"enemies":"Large Slime","floor":8,"turns":6},{"damage":18,"enemies":"Gremlin Nob","floor":10,"turns":3},{"damage":3,"enemies":"3 Louse","floor":11,"turns":3},{"damage":3,"enemies":"Blue Slaver","floor":12,"turns":2},{"damage":0,"enemies":"2 Fungi Beasts","floor":13,"turns":3},{"damage":0,"enemies":"Red Slaver","floor":14,"turns":3},{"damage":60,"enemies":"Slime Boss","floor":16,"turns":10},{"damage":10,"enemies":"Spheric Guardian","floor":18,"turns":4},{"damage":10,"enemies":"Chosen","floor":22,"turns":5},{"damage":58,"enemies":"Sentry and Sphere","floor":24,"turns":6},{"damage":2,"enemies":"Gremlin Leader","floor":25,"turns":4},{"damage":13,"enemies":"Snecko","floor":28,"turns":4},{"damage":11,"enemies":"Chosen and Byrds","floor":29,"turns":4}],"seed_played":"-6366070559102641973","potions_obtained":[{"floor":4,"key":"Energy Potion"},{"floor":5,"key":"BloodPotion"},{"floor":7,"key":"Fire Potion"},{"floor":12,"key":"SteroidPotion"},{"floor":17,"key":"Weak Potion"},{"floor":24,"key":"Block Potion"},{"floor":25,"key":"EssenceOfSteel"}],"is_trial":false,"path_per_floor":["M","?","?","M","M","R","M","M","T","E","M","M","M","M","R","B",null,"M","$","?","?","M","R","M","E","T","T","M","M"],"character_chosen":"IRONCLAD","items_purchased":["Kunai"],"campfire_rested":0,"item_purchase_floors":[19],"current_hp_per_floor":[75,75,75,79,80,80,80,80,80,68,71,74,80,80,80,34,74,70,70,70,70,66,66,14,18,18,18,11,0],"gold":165,"neow_bonus":"RANDOM_COMMON_RELIC","is_prod":false,"is_daily":false,"chose_seed":false,"campfire_upgraded":3,"win_rate":0,"timestamp":1547513367,"path_taken":["M","?","?","?","?","R","M","M","T","E","M","M","M","M","R","BOSS","M","$","?","?","M","R","M","E","T","?","M","M"],"build_version":"2019-01-10","purchased_purges":1,"victory":false,"max_hp_per_floor":[80,80,80,80,80,80,80,80,80,80,80,80,80,80,80,80,85,85,85,85,85,85,85,85,85,85,85,85,85],"card_choices":[{"not_picked":["Bloodletting","Dual Wield"],"picked":"True Grit","floor":1},{"not_picked":["Shrug It Off","Corruption"],"picked":"Anger","floor":4},{"not_picked":["Cleave","Pommel Strike"],"picked":"Shrug It Off","floor":5},{"not_picked":["Headbutt","Anger"],"picked":"Battle Trance","floor":7},{"not_picked":["Sword Boomerang","Combust"],"picked":"Battle Trance","floor":8},{"not_picked":["Reaper","Clash"],"picked":"Rampage","floor":10},{"not_picked":["Clothesline","Warcry","Dropkick"],"picked":"SKIP","floor":11},{"not_picked":["Rupture","Clash","Twin Strike"],"picked":"SKIP","floor":12},{"not_picked":["Flex","Headbutt","Power Through"],"picked":"SKIP","floor":13},{"not_picked":["Disarm","Evolve","Flame Barrier"],"picked":"SKIP","floor":14},{"not_picked":["Berserk","Exhume"],"picked":"Demon Form","floor":16},{"not_picked":["Pommel Strike","Thunderclap","Wild Strike"],"picked":"SKIP","floor":18},{"not_picked":["Blood for Blood","Metallicize","Second Wind"],"picked":"SKIP","floor":22},{"not_picked":["Warcry","Entrench","Blood for Blood"],"picked":"SKIP","floor":24},{"not_picked":["Disarm+1","Armaments","Heavy Blade+1"],"picked":"SKIP","floor":25},{"not_picked":["Dual Wield","Twin Strike","Uppercut+1"],"picked":"SKIP","floor":28}],"player_experience":313301,"relics_obtained":[{"floor":9,"key":"Letter Opener"},{"floor":10,"key":"Sundial"},{"floor":25,"key":"Juzu Bracelet"},{"floor":26,"key":"Smiling Mask"},{"floor":27,"key":"Dream Catcher"}],"event_choices":[{"cards_removed":["Strike_R"],"damage_healed":0,"gold_gain":0,"player_choice":"Card Removal","damage_taken":0,"max_hp_gain":0,"max_hp_loss":0,"event_name":"The Cleric","floor":2,"gold_loss":50},{"cards_removed":["Strike_R"],"damage_healed":0,"gold_gain":0,"player_choice":"Card Removal","damage_taken":0,"max_hp_gain":0,"max_hp_loss":0,"event_name":"Wheel of Change","floor":3,"gold_loss":0},{"damage_healed":0,"gold_gain":0,"player_choice":"Obtained Relic","damage_taken":0,"relics_obtained":["Dodecahedron"],"max_hp_gain":0,"max_hp_loss":0,"event_name":"Addict","floor":20,"gold_loss":85},{"damage_healed":0,"gold_gain":0,"player_choice":"Ignored","damage_taken":0,"max_hp_gain":0,"max_hp_loss":0,"event_name":"Ghosts","floor":21,"gold_loss":0}],"is_beta":false,"boss_relics":[{"not_picked":["Calling Bell","Eternal Feather"],"picked":"Tiny House"}],"items_purged_floors":[19],"is_endless":false,"potions_floor_spawned":[4,5,7,12,13,14,24,25],"killed_by":"Chosen and Byrds","ascension_level":10}