{"gold_per_floor":[118,134,149,68,88,88,118,97,145,176,176,188,166,199,199,295,295,312,189,279,293,306,337,337,348,371,99,112,112],"floor_reached":29,"playtime":2167,"items_purged":["Strike_B","Strike_B"],"score":305,"play_id":"ce0ae6c5-fce1-4003-965e-af3eca8c8c2a","local_time":"20190225004750","is_ascension_mode":true,"campfire_choices":[{"data":"Dualcast","floor":6,"key":"SMITH"},{"floor":11,"key":"REST"},{"data":"Hologram","floor":15,"key":"SMITH"},{"floor":24,"key":"REST"}],"neow_cost":"NONE","seed_source_timestamp":985667962453711,"circlet_count":0,"master_deck":["Strike_B","Strike_B","Defend_B","Defend_B+1","Defend_B","Defend_B","Zap+1","Dualcast+1","Ball Lightning","Conserve Battery","Self Repair","Melter+1","Hologram+1","Sweeping Beam","Ball Lightning+1","Ball Lightning","Static Discharge+1","Capacitor","Conserve Battery","Skim"],"relics":["Cracked Core","NeowsBlessing","Darkstone Periapt","Blood Vial","War Paint","Happy Flower","Nuclear Battery","PreservedInsect","Whetstone"],"potions_floor_usage":[23],"damage_taken":[{"damage":0,"enemies":"Small Slimes","floor":1,"turns":1},{"damage":0,"enemies":"Jaw Worm","floor":2,"turns":1},{"damage":0,"enemies":"2 Louse","floor":3,"turns":1},{"damage":2,"enemies":"Red Slaver","floor":5,"turns":3},{"damage":29,"enemies":"Gremlin Nob","floor":7,"turns":4},{"damage":28,"enemies":"3 Sentries","floor":10,"turns":7},{"damage":0,"enemies":"2 Fungi Beasts","floor":12,"turns":3},{"damage":27,"enemies":"Gremlin Nob","floor":14,"turns":4},{"damage":9,"enemies":"Slime Boss","floor":16,"turns":8},{"damage":16,"enemies":"2 Thieves","floor":18,"turns":4},{"damage":0,"enemies":"Chosen","floor":21,"turns":3},{"damage":33,"enemies":"Snake Plant","floor":22,"turns":4},{"damage":29,"enemies":"Slavers","floor":23,"turns":3},{"damage":14,"enemies":"Snecko","floor":25,"turns":3},{"damage":24,"enemies":"Cultist and Chosen","floor":28,"turns":6},{"damage":22,"enemies":"3 Cultists","floor":29,"turns":4}],"seed_played":"-3812119285209729924","potions_obtained":[{"floor":2,"key":"SneckoOil"},{"floor":5,"key":"Strength Potion"},{"floor":14,"key":"Regen Potion"},{"floor":16,"key":"Ancient Potion"},{"floor":25,"key":"Poison Potion"}],"is_trial":false,"path_per_floor":["M","M","M","$","M","R","E","?","T","E","R","M","$","E","R","B",null,"M","$","?","M","M","E","R","M","T","$","M","M"],"character_chosen":"DEFECT","items_purchased":["Self Repair","Sweeping Beam","Ball Lightning","Capacitor","Conserve Battery","Skim"],"campfire_rested":2,"item_purchase_floors":[4,13,19,27,27,27],"current_hp_per_floor":[75,75,75,75,75,75,53,53,53,34,56,58,58,40,40,40,75,66,66,52,61,37,15,37,32,32,32,17,0],"gold":112,"neow_bonus":"THREE_ENEMY_KILL","is_prod":false,"is_daily":false,"chose_seed":false,"campfire_upgraded":2,"win_rate":0,"timestamp":1551077270,"path_taken":["M","M","M","$","M","R","E","?","T","E","R","M","?","E","R","BOSS","M","$","?","M","?","E","R","M","T","$","M","M"],"build_version":"2019-01-23","purchased_purges":2,"victory":false,"max_hp_per_floor":[75,75,75,75,75,75,75,75,75,75,75,75,75,75,75,75,75,75,75,75,75,75,75,75,75,75,75,75,75],"card_choices":[{"not_picked":["Cold Snap","Aggregate"],"picked":"Ball Lightning","floor":1},{"not_picked":["Barrage","Genetic Algorithm"],"picked":"Conserve Battery","floor":2},{"not_picked":["Stack","Leap","Streamline"],"picked":"SKIP","floor":3},{"not_picked":["Leap","Barrage"],"picked":"Melter","floor":5},{"not_picked":["White Noise","Self Repair","Gash"],"picked":"SKIP","floor":7},{"not_picked":["Fission","Melter","Beam Cell"],"picked":"SKIP","floor":10},{"not_picked":["Storm","Lockon"],"picked":"Hologram","floor":12},{"not_picked":["Self Repair","Steam Power"],"picked":"Ball Lightning","floor":14},{"not_picked":["Turbo","Force Field+1","Skim"],"picked":"SKIP","floor":18},{"not_picked":["Leap","Force Field","Gash+1"],"picked":"SKIP","floor":21},{"not_picked":["Lockon","BootSequence"],"picked":"Static Discharge+1","floor":22},{"not_picked":["Tempest","Steam Power+1","Fusion"],"picked":"SKIP","floor":23},{"not_picked":["Gash","Static Discharge","Hello World"],"picked":"SKIP","floor":25},{"not_picked":["Doom and Gloom+1","Recycle","Cold Snap"],"picked":"SKIP","floor":28}],"player_experience":461739,"relics_obtained":[{"floor":7,"key":"Darkstone Periapt"},{"floor":9,"key":"Blood Vial"},{"floor":10,"key":"War Paint"},{"floor":14,"key":"Happy Flower"},{"floor":23,"key":"PreservedInsect"},{"floor":26,"key":"Whetstone"}],"event_choices":[{"damage_healed":0,"gold_gain":0,"player_choice":"Left Gold","damage_taken":0,"max_hp_gain":0,"max_hp_loss":0,"event_name":"World of Goop","floor":8,"gold_loss":21},{"damage_healed":0,"gold_gain":90,"player_choice":"GOLD ","damage_taken":14,"max_hp_gain":0,"max_hp_loss":0,"event_name":"Knowing Skull","floor":20,"potions_obtained":[],"gold_loss":0,"cards_obtained":[]}],"is_beta":false,"boss_relics":[{"not_picked":["Pandora\u0027s Box","FrozenCore"],"picked":"Nuclear Battery"}],"items_purged_floors":[19,27],"is_endless":false,"potions_floor_spawned":[2,5,14,16,21,22,25],"killed_by":"3 Cultists","ascension_level":3}