{"gold_per_floor":[109,109,109,122,122,158,15,15,40,58,78,98,98,150,150,273,273,288,288,306,320,344,344,0,16,16,41,54,54,85,112,124,265,277,313,658,670,982,571,571,236,251,328,328,328,354,354,18,18,18],"floor_reached":51,"playtime":2229,"items_purged":["Machine Learning+1"],"score":1212,"play_id":"34d0767e-b614-4b69-8e83-c16b8f881494","local_time":"20190117203424","is_ascension_mode":true,"campfire_choices":[{"floor":8,"key":"REST"},{"data":"Coolheaded","floor":15,"key":"SMITH"},{"floor":23,"key":"REST"},{"floor":29,"key":"REST"},{"floor":32,"key":"REST"},{"data":"Machine Learning","floor":40,"key":"SMITH"},{"data":"Turbo","floor":49,"key":"SMITH"}],"neow_cost":"NONE","seed_source_timestamp":1997338713333878,"circlet_count":0,"master_deck":["AscendersBane","Strike_B+1","Strike_B+1","Defend_B+1","Defend_B+1","Defend_B+1","Defend_B+1","Zap+1","Dualcast+1","Gash+1","Turbo+1","Compile Driver+1","Compile Driver+1","Skim+1","FTL+1","Coolheaded+1","Hologram+1","Gash+1","Genetic Algorithm+1","Conserve Battery+1","Gash+1","Capacitor+1","Turbo+1","Scrape+1","Steam+1","Hologram+1","Machine Learning+1","FTL+1","Coolheaded+1","Conserve Battery+1","Scrape+1","Gash+1","Coolheaded+1","Turbo+1"],"relics":["Cracked Core","NeowsBlessing","Shuriken","Boot","Regal Pillow","Sozu","PreservedInsect","Juzu Bracelet","Calipers","MawBank","Runic Pyramid","Bag of Preparation","Strange Spoon","Pear","Bottled Flame","Mark of the Bloom","War Paint","Frozen Eye"],"potions_floor_usage":[11,33,46],"damage_taken":[{"damage":0,"enemies":"Jaw Worm","floor":1,"turns":1},{"damage":0,"enemies":"2 Louse","floor":4,"turns":1},{"damage":0,"enemies":"Lagavulin","floor":6,"turns":1},{"damage":6,"enemies":"Small Slimes","floor":10,"turns":3},{"damage":0,"enemies":"Blue Slaver","floor":11,"turns":3},{"damage":1,"enemies":"3 Louse","floor":12,"turns":2},{"damage":33,"enemies":"The Guardian","floor":16,"turns":8},{"damage":17,"enemies":"2 Thieves","floor":18,"turns":4},{"damage":16,"enemies":"Shell Parasite","floor":20,"turns":5},{"damage":1,"enemies":"Chosen and Byrds","floor":21,"turns":4},{"damage":9,"enemies":"Snake Plant","floor":22,"turns":4},{"damage":28,"enemies":"Shelled Parasite and Fungi","floor":25,"turns":5},{"damage":0,"enemies":"Centurion and Healer","floor":27,"turns":5},{"damage":2,"enemies":"Cultist and Chosen","floor":28,"turns":4},{"damage":12,"enemies":"Gremlin Leader","floor":30,"turns":5},{"damage":18,"enemies":"Snake Plant","floor":31,"turns":4},{"damage":13,"enemies":"Champ","floor":33,"turns":8},{"damage":8,"enemies":"Orb Walker","floor":35,"turns":3},{"damage":19,"enemies":"3 Darklings","floor":42,"turns":5},{"damage":0,"enemies":"Reptomancer","floor":46,"turns":4},{"damage":7,"enemies":"Awakened One","floor":50,"turns":7}],"seed_played":"-1836133181460963465","potions_obtained":[{"floor":6,"key":"Dexterity Potion"},{"floor":10,"key":"SkillPotion"},{"floor":11,"key":"Poison Potion"}],"is_trial":false,"path_per_floor":["M","?","?","M","?","E","$","R","T","M","M","M","?","T","R","B",null,"M","?","M","M","M","R","$","M","T","M","M","R","E","M","R","B",null,"M","?","?","?","$","R","$","M","T","$","?","E","?","$","R","B",null],"character_chosen":"DEFECT","items_purchased":["Skim","FTL","Capacitor","PreservedInsect","Juzu Bracelet","Bag of Preparation","Strange Spoon","Coolheaded","Conserve Battery","Scrape","Pear","Frozen Eye","Turbo"],"campfire_rested":4,"item_purchase_floors":[7,7,24,24,24,39,39,39,39,41,41,48,48],"current_hp_per_floor":[68,50,50,50,35,35,35,57,57,51,51,50,50,50,50,17,61,44,44,28,27,18,55,55,27,27,27,25,62,50,32,69,56,70,62,62,62,62,62,62,72,53,53,53,53,53,53,53,53,46],"gold":18,"neow_bonus":"THREE_ENEMY_KILL","is_prod":false,"is_daily":false,"chose_seed":false,"campfire_upgraded":3,"win_rate":0,"timestamp":1547757264,"path_taken":["M","?","?","?","?","E","$","R","T","M","M","M","?","?","R","BOSS","M","?","M","M","M","R","$","M","T","M","M","R","E","M","R","BOSS","M","?","?","?","$","R","$","M","T","?","?","E","?","$","R","BOSS"],"build_version":"2019-01-10","purchased_purges":1,"victory":true,"max_hp_per_floor":[75,75,75,75,75,75,75,75,75,75,75,75,75,75,75,75,75,75,75,75,75,75,75,75,75,75,75,75,75,75,75,75,75,75,75,75,75,75,75,75,85,85,85,85,85,85,85,85,85,85],"card_choices":[{"not_picked":["Scrape","Storm"],"picked":"Gash","floor":1},{"not_picked":["Redo","Conserve Battery"],"picked":"Compile Driver","floor":4},{"not_picked":["Ball Lightning","Steam Power"],"picked":"Compile Driver","floor":6},{"not_picked":["Redo","Heatsinks"],"picked":"Coolheaded","floor":10},{"not_picked":["Loop","Darkness"],"picked":"Hologram","floor":11},{"not_picked":["Ball Lightning","Sweeping Beam"],"picked":"Gash","floor":12},{"not_picked":["Seek","Meteor Strike"],"picked":"Machine Learning","floor":16},{"not_picked":["Rebound","Steam"],"picked":"Genetic Algorithm","floor":18},{"not_picked":["Cold Snap","Skim"],"picked":"Conserve Battery","floor":20},{"not_picked":["Force Field","Beam Cell+1","Rip and Tear"],"picked":"SKIP","floor":21},{"not_picked":["Redo","Coolheaded"],"picked":"Gash","floor":22},{"not_picked":["Storm","Beam Cell"],"picked":"Turbo","floor":25},{"not_picked":["Fission","Barrage"],"picked":"Scrape","floor":27},{"not_picked":["Storm","Beam Cell"],"picked":"Steam","floor":28},{"not_picked":["Sweeping Beam","Multi-Cast","Lockon"],"picked":"SKIP","floor":30},{"not_picked":["Hello World+1","Cold Snap"],"picked":"Hologram","floor":31},{"not_picked":["Amplify","Reboot"],"picked":"Machine Learning","floor":33},{"not_picked":["Rebound+1","Recycle"],"picked":"FTL","floor":35},{"not_picked":["BootSequence+1","Barrage"],"picked":"Gash","floor":42},{"not_picked":["Auto Shields","Beam Cell"],"picked":"Coolheaded","floor":46}],"player_experience":398016,"relics_obtained":[{"floor":6,"key":"Shuriken"},{"floor":9,"key":"Boot"},{"floor":14,"key":"Regal Pillow"},{"floor":26,"key":"Calipers"},{"floor":30,"key":"MawBank"},{"floor":43,"key":"Bottled Flame"},{"floor":46,"key":"War Paint"}],"event_choices":[{"damage_healed":0,"gold_gain":0,"player_choice":"Take Damage","damage_taken":18,"relics_obtained":["Golden Idol"],"max_hp_gain":0,"max_hp_loss":0,"event_name":"Golden Idol","floor":2,"gold_loss":0},{"damage_healed":0,"gold_gain":0,"cards_transformed":["Strike_B"],"player_choice":"Change","damage_taken":0,"max_hp_gain":0,"max_hp_loss":0,"event_name":"Living Wall","floor":3,"gold_loss":0,"cards_obtained":["Turbo"]},{"damage_healed":0,"gold_gain":0,"player_choice":"Entered Light","damage_taken":15,"max_hp_gain":0,"max_hp_loss":0,"event_name":"Shining Light","floor":5,"gold_loss":0,"cards_upgraded":["Zap","Dualcast"]},{"damage_healed":0,"gold_gain":0,"player_choice":"Ignored","damage_taken":0,"max_hp_gain":0,"max_hp_loss":0,"event_name":"Liars Game","floor":13,"gold_loss":0},{"damage_healed":0,"gold_gain":0,"player_choice":"Simplicity","damage_taken":0,"max_hp_gain":0,"max_hp_loss":0,"event_name":"Back to Basics","floor":19,"gold_loss":0,"cards_upgraded":["Strike_B","Strike_B","Strike_B","Defend_B","Defend_B","Defend_B","Defend_B"]},{"damage_healed":0,"gold_gain":333,"player_choice":"Gave Idol","damage_taken":0,"max_hp_gain":0,"max_hp_loss":0,"event_name":"The Moai Head","floor":36,"relics_lost":["Golden Idol"],"gold_loss":0},{"damage_healed":0,"gold_gain":0,"player_choice":"Ignored","damage_taken":0,"max_hp_gain":0,"max_hp_loss":0,"event_name":"Tomb of Lord Red Mask","floor":37,"gold_loss":0},{"damage_healed":0,"gold_gain":300,"player_choice":"Gold","damage_taken":0,"max_hp_gain":0,"max_hp_loss":0,"event_name":"Wheel of Change","floor":38,"gold_loss":0},{"damage_healed":0,"gold_gain":0,"player_choice":"Upgrade","damage_taken":0,"relics_obtained":["Mark of the Bloom"],"max_hp_gain":0,"max_hp_loss":0,"event_name":"MindBloom","floor":45,"gold_loss":0,"cards_upgraded":["Gash","Turbo","Compile Driver","Compile Driver","Skim","FTL","Hologram","Gash","Genetic Algorithm","Conserve Battery","Gash","Capacitor","Turbo","Scrape","Steam","Hologram","Machine Learning","FTL","Coolheaded","Conserve Battery","Scrape","Gash"]},{"cards_removed":["Strike_B"],"damage_healed":0,"gold_gain":0,"player_choice":"Removed Attack","damage_taken":0,"max_hp_gain":0,"max_hp_loss":0,"event_name":"Falling","floor":47,"gold_loss":0}],"is_beta":false,"boss_relics":[{"not_picked":["Orrery","Calling Bell"],"picked":"Sozu"},{"not_picked":["Empty Cage","Fusion Hammer"],"picked":"Runic Pyramid"}],"items_purged_floors":[48],"is_endless":false,"potions_floor_spawned":[6,10,11,16,18,25,30,31,33,42,46],"ascension_level":12}