{"gold_per_floor":[117,117,117,38,49,49,67,142,142,172,172,204,257,257,257,334,334,289,289,289,7,7,7],"floor_reached":23,"playtime":597,"items_purged":[],"score":408,"play_id":"32977099-2a93-44b4-a48f-aacbe25a9213","local_time":"20190117234746","is_ascension_mode":true,"campfire_choices":[{"data":"Rebound","floor":6,"key":"SMITH"},{"data":"Rip and Tear","floor":11,"key":"SMITH"},{"floor":15,"key":"REST"}],"neow_cost":"TEN_PERCENT_HP_LOSS","seed_source_timestamp":2010581423926782,"circlet_count":0,"master_deck":["AscendersBane","Strike_B","Strike_B","Strike_B","Defend_B","Defend_B","Defend_B","Defend_B","Zap","Dualcast+1","Rebound+1","Doom and Gloom","Leap","Beam Cell","Rip and Tear+1","Beam Cell","Machine Learning","Lockon","RitualDagger","Ball Lightning","Redo","White Noise"],"relics":["Cracked Core","Incense Burner","Sundial","Omamori","Thread and Needle","Ginger","Ectoplasm","Strange Spoon"],"potions_floor_usage":[12,12,22,23],"damage_taken":[{"damage":7,"enemies":"Small Slimes","floor":1,"turns":3},{"damage":1,"enemies":"Cultist","floor":5,"turns":3},{"damage":0,"enemies":"Jaw Worm","floor":7,"turns":2},{"damage":16,"enemies":"3 Sentries","floor":10,"turns":6},{"damage":18,"enemies":"Lagavulin","floor":12,"turns":4},{"damage":0,"enemies":"Slime Boss","floor":16,"turns":7},{"damage":17,"enemies":"2 Thieves","floor":18,"turns":4},{"damage":11,"enemies":"3 Byrds","floor":20,"turns":4},{"damage":25,"enemies":"Snake Plant","floor":22,"turns":3},{"damage":2,"enemies":"Gremlin Leader","floor":23,"turns":2}],"seed_played":"-6975360907279517543","potions_obtained":[{"floor":7,"key":"Weak Potion"},{"floor":10,"key":"Block Potion"},{"floor":20,"key":"EssenceOfSteel"},{"floor":22,"key":"EssenceOfSteel"}],"is_trial":false,"path_per_floor":["M","?","?","$","M","R","M","?","T","E","R","E","?","?","R","B",null,"M","?","M","$","M","E"],"character_chosen":"DEFECT","items_purchased":["Doom and Gloom","Strange Spoon","Ball Lightning","Redo"],"campfire_rested":1,"item_purchase_floors":[4,21,21,21],"current_hp_per_floor":[61,61,61,61,60,60,60,49,49,33,33,15,15,15,35,35,60,43,37,26,26,1,0],"gold":7,"neow_bonus":"ONE_RARE_RELIC","is_prod":false,"is_daily":false,"chose_seed":false,"campfire_upgraded":2,"win_rate":0,"timestamp":1547768866,"path_taken":["M","?","?","$","M","R","?","?","T","E","R","E","?","?","R","BOSS","M","?","M","$","M","E"],"build_version":"2019-01-10","purchased_purges":0,"victory":false,"max_hp_per_floor":[68,68,68,68,68,68,68,68,68,68,68,68,68,68,68,68,68,68,68,68,68,68,68],"card_choices":[{"not_picked":["Coolheaded","Undo"],"picked":"Rebound","floor":1},{"not_picked":["Storm","Rebound"],"picked":"Leap","floor":5},{"not_picked":["Barrage","Stack"],"picked":"Beam Cell","floor":7},{"not_picked":["Sweeping Beam","Barrage"],"picked":"Rip and Tear","floor":10},{"not_picked":["Scrape","Coolheaded"],"picked":"Beam Cell","floor":12},{"not_picked":["Thunder Strike","Creative AI"],"picked":"Machine Learning","floor":16},{"not_picked":["Beam Cell","Cold Snap"],"picked":"Lockon","floor":18},{"not_picked":["Coolheaded","Storm","Streamline"],"picked":"SKIP","floor":20},{"not_picked":["Go for the Eyes","Turbo"],"picked":"White Noise","floor":22}],"player_experience":407598,"relics_obtained":[{"floor":9,"key":"Sundial"},{"floor":10,"key":"Omamori"},{"floor":12,"key":"Thread and Needle"}],"event_choices":[{"damage_healed":0,"gold_gain":0,"player_choice":"Grow","damage_taken":0,"max_hp_gain":0,"max_hp_loss":0,"event_name":"Living Wall","floor":2,"gold_loss":0,"cards_upgraded":["Dualcast"]},{"cards_removed":["Strike_B"],"damage_healed":0,"gold_gain":0,"player_choice":"Offered Basic","damage_taken":0,"max_hp_gain":0,"max_hp_loss":0,"event_name":"Bonfire Elementals","floor":3,"gold_loss":0},{"damage_healed":0,"gold_gain":75,"player_choice":"Gather Gold","damage_taken":11,"max_hp_gain":0,"max_hp_loss":0,"event_name":"World of Goop","floor":8,"gold_loss":0},{"damage_healed":0,"gold_gain":53,"player_choice":"Gained Gold","damage_taken":0,"max_hp_gain":0,"max_hp_loss":0,"event_name":"Golden Wing","floor":13,"gold_loss":0},{"damage_healed":0,"gold_gain":0,"player_choice":"Searched \u00271\u0027 times","damage_taken":0,"relics_obtained":["Ginger"],"max_hp_gain":0,"max_hp_loss":0,"event_name":"Dead Adventurer","floor":14,"gold_loss":0},{"damage_healed":0,"gold_gain":0,"player_choice":"Joined the Cult","damage_taken":6,"max_hp_gain":0,"max_hp_loss":0,"event_name":"Nest","floor":19,"gold_loss":0,"cards_obtained":["RitualDagger"]}],"is_beta":false,"boss_relics":[{"not_picked":["White Beast Statue","Pandora\u0027s Box"],"picked":"Ectoplasm"}],"items_purged_floors":[],"is_endless":false,"potions_floor_spawned":[7,10,20,22],"killed_by":"Gremlin Leader","ascension_level":13}