{"gold_per_floor":[12,28,48,48,48,48,223,223,250,274,303,323,337,370,370,473,473,486,486,331,354,364,397,397,416,416,416,450,450],"floor_reached":29,"playtime":2674,"items_purged":["Strike_G"],"score":323,"play_id":"e4d4263c-e831-4fae-9e15-1d977427a630","local_time":"20180803230459","is_ascension_mode":true,"campfire_choices":[{"data":"Neutralize","floor":6,"key":"SMITH"},{"data":"Underhanded Strike","floor":8,"key":"SMITH"},{"floor":15,"key":"REST"},{"data":"1","floor":24,"key":"LIFT"},{"data":"2","floor":27,"key":"LIFT"}],"neow_cost":"NO_GOLD","seed_source_timestamp":612306701106050,"circlet_count":0,"master_deck":["Defend_G","Defend_G","Defend_G","Defend_G","Defend_G","Strike_G","Strike_G","Strike_G","Strike_G","Survivor","Neutralize+1","Underhanded Strike+1","Doubt","PiercingWail","Burst","Underhanded Strike","Acrobatics","Dagger Throw","Die Die Die","Riddle With Holes","Riddle With Holes","Parasite","Leg Sweep+1","Doubt","Die Die Die"],"relics":["Ring of the Snake","StoneCalendar","Vajra","Odd Mushroom","Strawberry","Juzu Bracelet","Cursed Key","Potion Belt","Girya","Mummified Hand"],"potions_floor_usage":[11,14,16,18,25,28],"damage_taken":[{"damage":3,"enemies":"2 Louse","floor":1,"turns":3},{"damage":0,"enemies":"Small Slimes","floor":2,"turns":3},{"damage":0,"enemies":"Cultist","floor":3,"turns":3},{"damage":37,"floor":10,"turns":7},{"damage":24,"enemies":"Lagavulin","floor":11,"turns":7},{"damage":2,"enemies":"3 Louse","floor":12,"turns":6},{"damage":3,"enemies":"Large Slime","floor":13,"turns":7},{"damage":8,"enemies":"Gremlin Nob","floor":14,"turns":5},{"damage":14,"enemies":"Slime Boss","floor":16,"turns":7},{"damage":0,"enemies":"3 Byrds","floor":18,"turns":4},{"damage":11,"enemies":"Shell Parasite","floor":22,"turns":5},{"damage":31,"enemies":"Book of Stabbing","floor":23,"turns":6},{"damage":11,"enemies":"Cultist and Chosen","floor":25,"turns":7},{"damage":27,"enemies":"Gremlin Leader","floor":28,"turns":9},{"damage":6,"enemies":"Centurion and Healer","floor":29,"turns":1}],"seed_played":"4664293757849124409","potions_obtained":[{"floor":10,"key":"Strength Potion"},{"floor":11,"key":"LiquidBronze"},{"floor":12,"key":"AttackPotion"},{"floor":14,"key":"GhostInAJar"},{"floor":23,"key":"Regen Potion"},{"floor":25,"key":"Dexterity Potion"},{"floor":28,"key":"SpeedPotion"}],"is_trial":false,"path_per_floor":["M","M","M","?","?","R","?","R","T","?","E","M","M","E","R","B",null,"M","?","$","T","M","E","R","M","T","R","E"],"character_chosen":"THE_SILENT","items_purchased":["Riddle With Holes"],"campfire_rested":1,"item_purchase_floors":[20],"current_hp_per_floor":[67,67,67,67,72,72,72,72,72,35,18,16,13,5,29,15,82,82,66,66,66,55,24,24,28,28,28,1,0],"gold":450,"neow_bonus":"ONE_RARE_RELIC","is_prod":false,"is_daily":false,"chose_seed":false,"campfire_upgraded":2,"win_rate":0,"timestamp":1533308699,"path_taken":["M","M","M","?","?","R","?","R","T","?","E","?","M","E","R","BOSS","M","?","$","?","M","E","R","M","T","R","E","M"],"build_version":"2018-08-02","purchased_purges":1,"victory":false,"max_hp_per_floor":[70,70,70,70,75,75,75,75,75,75,82,82,82,82,82,82,82,82,87,87,87,87,87,87,87,87,87,87,87],"card_choices":[{"not_picked":["Flying Knee","Dagger Spray","Endless Agony"],"picked":"SKIP","floor":1},{"not_picked":["Dagger Throw","Blade Dance"],"picked":"Underhanded Strike","floor":2},{"not_picked":["Deflect","Crippling Poison","Bouncing Flask"],"picked":"SKIP","floor":3},{"not_picked":["Blade Dance","Quick Slash"],"picked":"PiercingWail","floor":10},{"not_picked":["Riddle With Holes","Flechettes"],"picked":"Burst","floor":11},{"not_picked":["Sucker Punch","Eviscerate"],"picked":"Underhanded Strike","floor":12},{"not_picked":["PiercingWail","Accuracy"],"picked":"Acrobatics","floor":13},{"not_picked":["Quick Slash","Skewer"],"picked":"Dagger Throw","floor":14},{"not_picked":["Malaise","Envenom"],"picked":"Die Die Die","floor":16},{"not_picked":["Expertise","All Out Attack"],"picked":"Riddle With Holes","floor":18},{"not_picked":["Poisoned Stab","Bane+1","Outmaneuver+1"],"picked":"SKIP","floor":22},{"not_picked":["Concentrate","Flying Knee+1"],"picked":"Leg Sweep+1","floor":23},{"not_picked":["Outmaneuver","Quick Slash","Dagger Spray"],"picked":"SKIP","floor":25},{"not_picked":["Cloak And Dagger","Deadly Poison"],"picked":"Die Die Die","floor":28}],"player_experience":246846,"relics_obtained":[{"floor":9,"key":"Vajra"},{"floor":10,"key":"Odd Mushroom"},{"floor":11,"key":"Strawberry"},{"floor":14,"key":"Juzu Bracelet"},{"floor":21,"key":"Potion Belt"},{"floor":23,"key":"Girya"},{"floor":28,"key":"Mummified Hand"}],"event_choices":[{"event_name":"The Cleric","player_choice":"Leave","floor":4,"damage_taken":0},{"event_name":"Big Fish","player_choice":"Donut","floor":5,"damage_taken":0},{"event_name":"Liars Game","player_choice":"agreed","floor":7,"damage_taken":0},{"event_name":"Mushrooms","player_choice":"Fought Mushrooms","floor":10,"damage_taken":0},{"event_name":"Forgotten Altar","player_choice":"Shed Blood","floor":19,"damage_taken":0}],"is_beta":false,"boss_relics":[{"not_picked":["Fusion Hammer","Runic Pyramid"],"picked":"Cursed Key"}],"items_purged_floors":[20],"is_endless":false,"potions_floor_spawned":[10,11,12,14,23,25,28],"killed_by":"Centurion and Healer","ascension_level":2}