{"gold_per_floor":[115,40,54,329,344,344,375,391,416,427,427,446,411,431,431,534,534,548,564,80,80,80,80],"floor_reached":23,"playtime":997,"items_purged":["Strike_B"],"score":261,"play_id":"111b6808-2546-44ce-b778-2a81a1ef46e8","local_time":"20180829160125","is_ascension_mode":true,"campfire_choices":[{"data":"Zap","floor":6,"key":"SMITH"},{"floor":15,"key":"REST"}],"neow_cost":"NONE","seed_source_timestamp":787889436505065,"circlet_count":0,"master_deck":["Strike_B","Strike_B","Strike_B","Defend_B","Defend_B+1","Defend_B+1","Defend_B","Zap+1","Dualcast","Regret","FTL","Loop","Beam Cell","FTL","Reinforced Body","Machine Learning","Meteor Strike","Loop","Decay"],"relics":["Cracked Core","Strawberry","Blood Vial","Juzu Bracelet","Snecko Eye","Bird Faced Urn"],"potions_floor_usage":[7,10,10,16,18,19,19,22],"damage_taken":[{"damage":9,"enemies":"Jaw Worm","floor":1,"turns":4},{"damage":0,"enemies":"Cultist","floor":3,"turns":4},{"damage":2,"enemies":"2 Louse","floor":5,"turns":3},{"damage":38,"enemies":"Lagavulin","floor":7,"turns":7},{"damage":4,"enemies":"Large Slime","floor":8,"turns":5},{"damage":10,"enemies":"3 Louse","floor":10,"turns":3},{"damage":7,"enemies":"Looter","floor":12,"turns":3},{"damage":8,"enemies":"Exordium Thugs","floor":14,"turns":4},{"damage":53,"enemies":"The Guardian","floor":16,"turns":14},{"damage":20,"enemies":"Chosen","floor":18,"turns":5},{"damage":21,"enemies":"Spheric Guardian","floor":19,"turns":5},{"damage":27,"enemies":"Colosseum Slavers","floor":22,"turns":6},{"damage":11,"enemies":"Book of Stabbing","floor":23,"turns":1}],"seed_played":"-6595430582167428040","potions_obtained":[{"floor":1,"key":"Regen Potion"},{"floor":7,"key":"Regen Potion"},{"floor":8,"key":"SkillPotion"},{"floor":10,"key":"Block Potion"},{"floor":12,"key":"SpeedPotion"},{"floor":16,"key":"Fire Potion"},{"floor":18,"key":"AttackPotion"},{"floor":19,"key":"Explosive Potion"}],"is_trial":false,"path_per_floor":["M","$","M","?","M","R","E","M","T","M","?","M","?","M","R","B",null,"M","M","$","?","?"],"character_chosen":"DEFECT","items_purchased":["Meteor Strike","Bird Faced Urn","Loop"],"campfire_rested":1,"item_purchase_floors":[20,20,20],"current_hp_per_floor":[66,66,66,66,64,64,41,39,39,40,24,19,39,33,57,6,63,45,26,26,26,7,0],"gold":80,"neow_bonus":"RANDOM_COMMON_RELIC","is_prod":false,"is_daily":false,"chose_seed":false,"campfire_upgraded":1,"win_rate":0,"timestamp":1535580085,"path_taken":["M","$","M","?","M","R","E","M","T","M","?","M","?","M","R","BOSS","M","M","$","?","?","E"],"build_version":"2018-08-28","purchased_purges":1,"victory":false,"max_hp_per_floor":[82,82,82,82,82,82,82,82,82,82,82,82,82,82,82,82,82,82,82,82,82,82,82],"card_choices":[{"not_picked":["Steam Power","Compile Driver","Sweeping Beam"],"picked":"SKIP","floor":1},{"not_picked":["Heatsinks","Consume","Compile Driver"],"picked":"SKIP","floor":3},{"not_picked":["Doom and Gloom","Consume"],"picked":"FTL","floor":5},{"not_picked":["Rebound","Steam Power"],"picked":"Loop","floor":7},{"not_picked":["White Noise","Redo"],"picked":"Beam Cell","floor":8},{"not_picked":["Cold Snap","Rebound"],"picked":"FTL","floor":10},{"not_picked":["Stack","Undo","Turbo"],"picked":"SKIP","floor":12},{"not_picked":["Lockon","Chaos"],"picked":"Reinforced Body","floor":14},{"not_picked":["Multi-Cast","Amplify"],"picked":"Machine Learning","floor":16},{"not_picked":["Compile Driver+1","Capacitor","Skim"],"picked":"SKIP","floor":18},{"not_picked":["Gash","Coolheaded","Scrape"],"picked":"SKIP","floor":19}],"player_experience":519430,"relics_obtained":[{"floor":7,"key":"Blood Vial"},{"floor":9,"key":"Juzu Bracelet"}],"event_choices":[{"event_name":"Golden Shrine","player_choice":"Desecrate","floor":4,"damage_taken":0},{"event_name":"Shining Light","player_choice":"Entered Light","floor":11,"damage_taken":0},{"event_name":"The Cleric","player_choice":"Healed","floor":13,"damage_taken":0},{"event_name":"Forgotten Altar","player_choice":"Smashed Altar","floor":21,"damage_taken":0},{"event_name":"Colosseum","player_choice":"Fight","floor":22,"damage_taken":0},{"event_name":"Colosseum","player_choice":"Fled From Nobs","floor":22,"damage_taken":0}],"is_beta":true,"boss_relics":[{"not_picked":["Lizard Tail","Orrery"],"picked":"Snecko Eye"}],"items_purged_floors":[2],"is_endless":false,"potions_floor_spawned":[1,7,8,10,12,16,18,19],"killed_by":"Book of Stabbing","ascension_level":7}