{"gold_per_floor":[118,135,150,150,104,139,139,66,115,125,157,168,168,180,180,278,278,295,305,104,123,136,136,167,167,167,167,202,202,228,255,267,279],"floor_reached":33,"playtime":2460,"items_purged":["Defend_G"],"score":404,"play_id":"0db6ac00-2468-4fd0-8f61-67b880cc7df1","local_time":"20190315055352","is_ascension_mode":true,"campfire_choices":[{"floor":7,"key":"REST"},{"data":"Deadly Poison","floor":13,"key":"SMITH"},{"floor":15,"key":"REST"},{"floor":23,"key":"REST"},{"floor":27,"key":"REST"},{"floor":32,"key":"REST"}],"neow_cost":"NONE","seed_source_timestamp":67668862874745,"circlet_count":0,"master_deck":["Defend_G","Defend_G","Defend_G","Defend_G","Strike_G","Survivor","Neutralize+1","Catalyst","Predator","Dodge and Roll","Backstab","Dagger Spray","Deadly Poison+1","Escape Plan","Adrenaline","Skewer+1","Deflect+1","Concentrate+1","Cloak And Dagger+1","PiercingWail","Crippling Poison","Acrobatics","Burst","Crippling Poison"],"relics":["Ring of the Snake","Potion Belt","Bronze Scales","Turnip","Astrolabe","Du-Vu Doll","MutagenicStrength","Lantern","MawBank"],"potions_floor_usage":[11,24,28,30,33],"damage_taken":[{"damage":20,"enemies":"Jaw Worm","floor":1,"turns":8},{"damage":4,"enemies":"2 Louse","floor":2,"turns":3},{"damage":4,"enemies":"Small Slimes","floor":3,"turns":4},{"damage":25,"enemies":"Lagavulin","floor":6,"turns":10},{"damage":0,"enemies":"Blue Slaver","floor":10,"turns":4},{"damage":8,"enemies":"Gremlin Nob","floor":11,"turns":4},{"damage":0,"enemies":"Large Slime","floor":12,"turns":4},{"damage":2,"enemies":"2 Fungi Beasts","floor":14,"turns":3},{"damage":14,"enemies":"The Guardian","floor":16,"turns":11},{"damage":0,"enemies":"3 Byrds","floor":18,"turns":3},{"damage":5,"enemies":"Shell Parasite","floor":19,"turns":4},{"damage":1,"enemies":"Centurion and Healer","floor":21,"turns":7},{"damage":21,"enemies":"Sentry and Sphere","floor":22,"turns":8},{"damage":24,"enemies":"Gremlin Leader","floor":24,"turns":6},{"damage":19,"enemies":"Slavers","floor":28,"turns":7},{"damage":7,"enemies":"Shelled Parasite and Fungi","floor":30,"turns":3},{"damage":7,"enemies":"Snake Plant","floor":31,"turns":3},{"damage":74,"enemies":"Collector","floor":33,"turns":8}],"seed_played":"-3136564135080088822","potions_obtained":[{"floor":1,"key":"LiquidBronze"},{"floor":2,"key":"Ancient Potion"},{"floor":3,"key":"Explosive Potion"},{"floor":11,"key":"Weak Potion"},{"floor":19,"key":"Regen Potion"},{"floor":24,"key":"FearPotion"},{"floor":28,"key":"Regen Potion"}],"is_trial":false,"path_per_floor":["M","M","M","?","?","E","R","$","T","M","E","M","R","M","R","B",null,"M","M","$","M","M","R","E","?","T","R","E","T","M","M","R","B"],"character_chosen":"THE_SILENT","items_purchased":["Backstab","Crippling Poison","Acrobatics"],"campfire_rested":5,"item_purchase_floors":[8,20,20],"current_hp_per_floor":[43,39,35,35,35,10,31,31,31,31,23,23,23,21,42,28,60,60,55,55,54,33,54,30,30,30,51,32,32,37,30,51,0],"gold":279,"neow_bonus":"TRANSFORM_CARD","is_prod":false,"is_daily":false,"chose_seed":false,"campfire_upgraded":1,"win_rate":0,"timestamp":1552647232,"path_taken":["M","M","M","?","?","E","R","$","T","M","E","M","R","M","R","BOSS","M","M","$","M","M","R","E","?","T","R","E","?","M","M","R","BOSS"],"build_version":"2019-01-23","purchased_purges":1,"victory":false,"max_hp_per_floor":[70,70,70,70,70,70,70,70,70,70,70,70,70,70,70,70,70,70,70,70,70,70,70,70,70,70,70,70,70,70,70,70,70],"card_choices":[{"not_picked":["Blur","Dodge and Roll"],"picked":"Predator","floor":1},{"not_picked":["Bouncing Flask","Prepared","Concentrate"],"picked":"SKIP","floor":2},{"not_picked":["Bouncing Flask","Bane","Riddle With Holes"],"picked":"SKIP","floor":3},{"not_picked":["Underhanded Strike","Heel Hook"],"picked":"Dodge and Roll","floor":6},{"not_picked":["Well Laid Plans","PiercingWail"],"picked":"Dagger Spray","floor":10},{"not_picked":["Night Terror","Backflip"],"picked":"Deadly Poison","floor":11},{"not_picked":["Catalyst","Deflect"],"picked":"Escape Plan","floor":12},{"not_picked":["Deadly Poison","Sucker Punch"],"picked":"Adrenaline","floor":14},{"not_picked":["Blade Dance+1","Deflect"],"picked":"Cloak And Dagger+1","floor":18},{"not_picked":["Cloak And Dagger","Bouncing Flask"],"picked":"PiercingWail","floor":19},{"not_picked":["Reflex+1","Concentrate+1","Dagger Spray"],"picked":"SKIP","floor":21},{"not_picked":["Outmaneuver","Heel Hook","Backstab+1"],"picked":"SKIP","floor":22},{"not_picked":["Prepared","Riddle With Holes+1"],"picked":"Burst","floor":24},{"not_picked":["Eviscerate","Deflect","Flying Knee"],"picked":"SKIP","floor":28},{"not_picked":["Bouncing Flask+1","Caltrops"],"picked":"Crippling Poison","floor":30},{"not_picked":["Underhanded Strike","Flying Knee","Heel Hook+1"],"picked":"SKIP","floor":31}],"player_experience":572500,"relics_obtained":[{"floor":6,"key":"Potion Belt"},{"floor":9,"key":"Bronze Scales"},{"floor":11,"key":"Turnip"},{"floor":24,"key":"Du-Vu Doll"},{"floor":28,"key":"Lantern"},{"floor":29,"key":"MawBank"}],"event_choices":[{"damage_healed":0,"gold_gain":0,"player_choice":"Grow","damage_taken":0,"max_hp_gain":0,"max_hp_loss":0,"event_name":"Living Wall","floor":4,"gold_loss":0,"cards_upgraded":["Neutralize"]},{"damage_healed":0,"gold_gain":0,"player_choice":"Left Gold","damage_taken":0,"max_hp_gain":0,"max_hp_loss":0,"event_name":"World of Goop","floor":5,"gold_loss":46},{"damage_healed":0,"gold_gain":0,"player_choice":"Inject Mutagens","damage_taken":0,"relics_obtained":["MutagenicStrength"],"max_hp_gain":0,"max_hp_loss":0,"event_name":"Drug Dealer","floor":25,"gold_loss":0}],"is_beta":false,"boss_relics":[{"not_picked":["HoveringKite","Coffee Dripper"],"picked":"Astrolabe"}],"items_purged_floors":[20],"is_endless":false,"potions_floor_spawned":[1,2,3,11,19,24,28],"killed_by":"Collector","ascension_level":7}