{"path_per_floor":["M","M","?","M","M","R","M","R","T","R","M","E","$","M","R","B",null,"M","$","M","M","?","R","M","M","T","R","M","$","?","M","R","B",null,"M","M","M","$","M","R","$","E","T","M","R","$","?","M","R","B"],"character_chosen":"THE_SILENT","items_purchased":["Bag of Preparation","Footwork","Lantern","Well Laid Plans","Bronze Scales","Caltrops"],"gold_per_floor":[114,129,129,144,159,159,174,174,174,174,189,219,69,84,84,184,184,199,159,174,189,189,189,204,219,219,219,234,84,84,99,99,199,199,214,229,244,244,259,259,189,219,219,234,234,16,65,80,80,80],"floor_reached":51,"campfire_rested":0,"playtime":5014,"item_purchase_floors":[13,19,29,41,46,46],"current_hp_per_floor":[69,69,69,69,67,67,67,67,67,67,67,67,67,67,67,67,70,70,70,73,73,73,73,67,67,67,67,67,67,67,67,67,58,84,84,84,84,84,84,84,84,84,84,84,84,84,86,86,86,86],"items_purged":[],"gold":80,"score":860,"play_id":"658badc5-0e7c-48b7-81cf-21e6701f406e","local_time":"20180617134056","daily_mods":["Insanity","Binary","Vintage"],"is_prod":false,"is_daily":true,"chose_seed":false,"is_ascension_mode":false,"campfire_upgraded":10,"win_rate":0,"timestamp":1529253656,"campfire_choices":[{"data":"Backstab","floor":6,"key":"SMITH"},{"data":"Burst","floor":8,"key":"SMITH"},{"data":"Footwork","floor":10,"key":"SMITH"},{"data":"Wraith Form v2","floor":15,"key":"SMITH"},{"data":"Storm of Steel","floor":23,"key":"SMITH"},{"data":"Adrenaline","floor":27,"key":"SMITH"},{"data":"Footwork","floor":32,"key":"SMITH"},{"data":"Storm of Steel","floor":40,"key":"SMITH"},{"data":"Well Laid Plans","floor":45,"key":"SMITH"},{"data":"Noxious Fumes","floor":49,"key":"SMITH"}],"path_taken":["M","M","?","M","M","R","M","R","T","R","M","E","$","M","R","BOSS","M","$","M","?","?","R","M","M","T","R","M","$","?","M","R","BOSS","M","M","M","$","M","R","$","E","T","M","R","$","?","M","R","BOSS"],"build_version":"2018-06-14v2","seed_source_timestamp":0,"purchased_purges":0,"victory":true,"master_deck":["A Thousand Cuts","Distraction","Reflex","Backstab+1","Reflex+1","Sucker Punch","Terror","Blade Dance","Footwork+1","Endless Agony","Deflect","Expertise","Bouncing Flask","Heel Hook","PiercingWail+1","Infinite Blades","Eviscerate","Tools of the Trade","Poisoned Stab","Bullet Time","Strike_G","Slice","Noxious Fumes+1","Crippling Poison","Backstab+1","Tactician","Quick Slash","Underhanded Strike","All Out Attack+1","Wraith Form v2+1","Die Die Die","A Thousand Cuts","Underhanded Strike","Defend_G","Outmaneuver","Heel Hook","Burst+1","Catalyst","Infinite Blades","Endless Agony","Storm of Steel+1","Reflex","Slice","Phantasmal Killer","Catalyst","Blade Dance","Survivor","Leg Sweep","Flechettes+1","Deflect","Backflip","Adrenaline+1","Footwork+1","Storm of Steel+1","Well Laid Plans+1","Acrobatics+1","Caltrops"],"max_hp_per_floor":[70,70,70,70,70,70,70,70,70,70,70,70,70,70,70,70,70,70,70,84,84,84,84,84,84,84,84,84,84,84,84,84,84,84,84,84,84,84,84,84,84,84,84,84,84,84,86,86,86,86],"special_seed":17699,"relics":["Ring of the Snake","Tingsha","Regal Pillow","Vajra","Oddly Smooth Stone","Question Card","War Paint","Art of War","Singing Bowl","Bag of Preparation","Potion Belt","Darkstone Periapt","Snecko Eye","Ancient Tea Set","Mango","Blue Candle","Bag of Marbles","Whetstone","Letter Opener","Kunai","Lantern","Bird Faced Urn","Juzu Bracelet","Philosopher\u0027s Stone","Anchor","Tough Bandages","Ornamental Fan","Blood Vial","Meat on the Bone","Sundial","Omamori","Bronze Scales","Turnip","Mummified Hand"],"card_choices":[{"not_picked":["Bullet Time","Outmaneuver"],"picked":"Backflip","floor":12},{"not_picked":["Doppelganger","Wraith Form v2"],"picked":"Adrenaline","floor":16},{"not_picked":["A Thousand Cuts","Glass Knife"],"picked":"Storm of Steel","floor":33},{"not_picked":["Underhanded Strike+1","Sucker Punch"],"picked":"Acrobatics+1","floor":42},{"not_picked":["Underhanded Strike","Flying Knee","Cloak And Dagger+1"],"picked":"Singing Bowl","floor":47}],"player_experience":244085,"potions_floor_usage":[5,12,42,47,50,50,50,50,50],"damage_taken":[{"damage":1,"enemies":"Jaw Worm","floor":1,"turns":2},{"damage":0,"enemies":"Small Slimes","floor":2,"turns":2},{"damage":0,"enemies":"Cultist","floor":4,"turns":2},{"damage":2,"enemies":"Gremlin Gang","floor":5,"turns":2},{"damage":0,"enemies":"3 Louse","floor":7,"turns":1},{"damage":0,"enemies":"Exordium Thugs","floor":11,"turns":3},{"damage":0,"enemies":"Gremlin Nob","floor":12,"turns":2},{"damage":0,"enemies":"Looter","floor":14,"turns":1},{"damage":0,"enemies":"Slime Boss","floor":16,"turns":6},{"damage":0,"enemies":"Spheric Guardian","floor":18,"turns":1},{"damage":11,"enemies":"2 Thieves","floor":20,"turns":3},{"damage":0,"enemies":"Snecko","floor":21,"turns":3},{"damage":6,"enemies":"3 Cultists","floor":24,"turns":3},{"damage":0,"enemies":"Sentry and Sphere","floor":25,"turns":2},{"damage":0,"enemies":"Snake Plant","floor":28,"turns":1},{"damage":0,"enemies":"Chosen and Byrds","floor":31,"turns":3},{"damage":25,"enemies":"Automaton","floor":33,"turns":7},{"damage":0,"enemies":"3 Darklings","floor":35,"turns":2},{"damage":0,"enemies":"Orb Walker","floor":36,"turns":2},{"damage":0,"enemies":"Sphere and 2 Shapes","floor":37,"turns":3},{"damage":0,"enemies":"3 Darklings","floor":39,"turns":3},{"damage":0,"enemies":"Giant Head","floor":42,"turns":4},{"damage":0,"enemies":"4 Shapes","floor":44,"turns":2},{"damage":0,"floor":47,"turns":2},{"damage":0,"enemies":"Sphere and 2 Shapes","floor":48,"turns":1},{"damage":1,"enemies":"Time Eater","floor":50,"turns":7}],"relics_obtained":[{"floor":1,"key":"Tingsha"},{"floor":2,"key":"Regal Pillow"},{"floor":4,"key":"Vajra"},{"floor":5,"key":"Oddly Smooth Stone"},{"floor":7,"key":"Question Card"},{"floor":9,"key":"War Paint"},{"floor":11,"key":"Art of War"},{"floor":12,"key":"Singing Bowl"},{"floor":14,"key":"Potion Belt"},{"floor":16,"key":"Darkstone Periapt"},{"floor":18,"key":"Ancient Tea Set"},{"floor":20,"key":"Mango"},{"floor":21,"key":"Blue Candle"},{"floor":24,"key":"Bag of Marbles"},{"floor":25,"key":"Whetstone"},{"floor":26,"key":"Letter Opener"},{"floor":28,"key":"Kunai"},{"floor":31,"key":"Bird Faced Urn"},{"floor":33,"key":"Juzu Bracelet"},{"floor":35,"key":"Anchor"},{"floor":36,"key":"Tough Bandages"},{"floor":37,"key":"Ornamental Fan"},{"floor":39,"key":"Blood Vial"},{"floor":42,"key":"Meat on the Bone"},{"floor":43,"key":"Sundial"},{"floor":44,"key":"Omamori"},{"floor":47,"key":"Turnip"},{"floor":48,"key":"Mummified Hand"}],"event_choices":[{"event_name":"Living Wall","player_choice":"Grow","floor":3,"damage_taken":0},{"event_name":"Ghosts","player_choice":"Ignored","floor":22,"damage_taken":0},{"event_name":"Beggar","player_choice":"Ignored","floor":30,"damage_taken":0},{"event_name":"Mysterious Sphere","player_choice":"Fight","floor":47,"damage_taken":0}],"boss_relics":[{"not_picked":["Coffee Dripper","Lizard Tail"],"picked":"Snecko Eye"},{"not_picked":["White Beast Statue","Velvet Choker"],"picked":"Philosopher\u0027s Stone"}],"items_purged_floors":[],"is_endless":false,"potions_floor_spawned":[1,2,4,18,21,31,37,39,42,47,48],"seed_played":"250506482378582835","ascension_level":0,"potions_obtained":[{"floor":1,"key":"GhostInAJar"},{"floor":2,"key":"Swift Potion"},{"floor":4,"key":"SteroidPotion"},{"floor":18,"key":"Ancient Potion"},{"floor":21,"key":"LiquidBronze"},{"floor":31,"key":"GamblersBrew"},{"floor":37,"key":"Ancient Potion"},{"floor":42,"key":"LiquidBronze"},{"floor":47,"key":"SteroidPotion"},{"floor":48,"key":"GhostInAJar"}],"is_trial":false}