{"gold_per_floor":[117,117,132,132,106,139,139,158,183,183,209,209,226,191,191,191],"floor_reached":16,"playtime":454,"items_purged":[],"score":173,"play_id":"023c4099-ecfa-4895-9d2d-308c163adeff","local_time":"20190117170305","is_ascension_mode":true,"campfire_choices":[{"data":"Shrug It Off","floor":7,"key":"SMITH"},{"data":"Anger","floor":10,"key":"SMITH"},{"data":"Power Through","floor":12,"key":"SMITH"},{"data":"Anger","floor":15,"key":"SMITH"}],"neow_cost":"NONE","seed_source_timestamp":1986444154602283,"circlet_count":0,"master_deck":["AscendersBane","Strike_R","Strike_R","Strike_R","Strike_R","Strike_R","Defend_R","Defend_R+1","Defend_R","Defend_R+1","Bash+1","Anger+1","Anger+1","True Grit+1","Shrug It Off+1","Power Through+1"],"relics":["Burning Blood","War Paint","Bag of Preparation","Ancient Tea Set"],"potions_floor_usage":[6,11],"damage_taken":[{"damage":8,"enemies":"Jaw Worm","floor":1,"turns":4},{"damage":1,"enemies":"Cultist","floor":3,"turns":3},{"damage":34,"enemies":"3 Sentries","floor":6,"turns":7},{"damage":9,"enemies":"Small Slimes","floor":8,"turns":3},{"damage":8,"enemies":"Lagavulin","floor":11,"turns":5},{"damage":0,"enemies":"3 Louse","floor":13,"turns":3},{"damage":78,"enemies":"The Guardian","floor":16,"turns":11}],"seed_played":"983661062543671325","potions_obtained":[{"floor":1,"key":"SpeedPotion"},{"floor":3,"key":"AttackPotion"},{"floor":6,"key":"Block Potion"}],"is_trial":false,"path_per_floor":["M","?","M","?","$","E","R","M","T","R","E","R","M","?","R","B"],"character_chosen":"IRONCLAD","items_purchased":["True Grit"],"campfire_rested":0,"item_purchase_floors":[5],"current_hp_per_floor":[70,75,80,80,80,52,52,49,49,49,47,47,53,74,74,0],"gold":191,"neow_bonus":"UPGRADE_CARD","is_prod":false,"is_daily":false,"chose_seed":false,"campfire_upgraded":4,"win_rate":0,"timestamp":1547744585,"path_taken":["M","?","M","?","$","E","R","?","T","R","E","R","M","?","R","BOSS"],"build_version":"2019-01-10","purchased_purges":0,"victory":false,"max_hp_per_floor":[80,85,85,85,85,85,85,85,85,85,85,85,85,85,85,85],"card_choices":[{"not_picked":["Second Wind","Power Through"],"picked":"Anger","floor":1},{"not_picked":["Infernal Blade","Power Through"],"picked":"Anger","floor":3},{"not_picked":["Warcry","Thunderclap"],"picked":"Shrug It Off","floor":6},{"not_picked":["Warcry","Infernal Blade","Sword Boomerang"],"picked":"SKIP","floor":8},{"not_picked":["Twin Strike","Uppercut"],"picked":"Power Through","floor":11},{"not_picked":["Cleave","Corruption","Hemokinesis"],"picked":"SKIP","floor":13}],"player_experience":390955,"relics_obtained":[{"floor":6,"key":"War Paint"},{"floor":9,"key":"Bag of Preparation"},{"floor":11,"key":"Ancient Tea Set"}],"event_choices":[{"damage_healed":0,"gold_gain":0,"player_choice":"Donut","damage_taken":0,"max_hp_gain":5,"max_hp_loss":0,"event_name":"Big Fish","floor":2,"gold_loss":0},{"damage_healed":0,"gold_gain":0,"player_choice":"Upgraded","damage_taken":0,"max_hp_gain":0,"max_hp_loss":0,"event_name":"Upgrade Shrine","floor":4,"gold_loss":0,"cards_upgraded":["Defend_R"]},{"damage_healed":21,"gold_gain":0,"player_choice":"Healed","damage_taken":0,"max_hp_gain":0,"max_hp_loss":0,"event_name":"The Cleric","floor":14,"gold_loss":35}],"is_beta":false,"boss_relics":[],"items_purged_floors":[],"is_endless":false,"potions_floor_spawned":[1,3,6],"killed_by":"The Guardian","ascension_level":12}