{"gold_per_floor":[99,24,24,24,24,24,24,24,24,24,24,0,0,0,0,0,0,0,0,0,0,0],"floor_reached":22,"playtime":724,"items_purged":["Strike_B"],"score":284,"play_id":"08f87be7-f9df-440e-a9d8-d630c36fd8f3","local_time":"20190428223851","is_ascension_mode":true,"campfire_choices":[{"data":"Gash","floor":6,"key":"SMITH"},{"data":"Defragment","floor":10,"key":"SMITH"},{"floor":15,"key":"REST"}],"neow_cost":"NONE","seed_source_timestamp":398162766535742,"circlet_count":0,"master_deck":["Strike_B","Strike_B","Strike_B","Defend_B","Defend_B","Defend_B","Defend_B","Zap","Dualcast","Gash+1","Defragment+1","BootSequence","FTL","Echo Form","Ball Lightning+1","Go for the Eyes"],"relics":["Ectoplasm","Mercury Hourglass","Orichalcum","Cables","PreservedInsect","Cursed Key"],"potions_floor_usage":[7,16],"damage_taken":[{"damage":0,"enemies":"2 Louse","floor":1,"turns":3},{"damage":1,"enemies":"Cultist","floor":4,"turns":3},{"damage":3,"enemies":"Small Slimes","floor":5,"turns":2},{"damage":20,"enemies":"Lagavulin","floor":7,"turns":7},{"damage":20,"enemies":"Exordium Thugs","floor":12,"turns":4},{"damage":3,"enemies":"Blue Slaver","floor":13,"turns":3},{"damage":20,"enemies":"3 Sentries","floor":14,"turns":6},{"damage":29,"enemies":"The Guardian","floor":16,"turns":10},{"damage":12,"enemies":"Chosen","floor":18,"turns":5},{"damage":6,"enemies":"Spheric Guardian","floor":20,"turns":3},{"damage":28,"enemies":"Snake Plant","floor":21,"turns":4},{"damage":1,"enemies":"Cultist and Chosen","floor":22,"turns":2}],"seed_played":"826547235315548993","potions_obtained":[{"floor":4,"key":"Strength Potion"},{"floor":12,"key":"Swift Potion"}],"is_trial":false,"path_per_floor":["M","$","?","M","M","R","E","$","T","R","?","M","M","E","R","B",null,"M","?","M","M","M"],"character_chosen":"DEFECT","items_purchased":[],"campfire_rested":1,"item_purchase_floors":[],"current_hp_per_floor":[68,68,68,67,64,64,44,44,44,44,69,49,46,26,48,19,61,49,35,29,1,0],"gold":0,"neow_bonus":"BOSS_RELIC","is_prod":false,"is_daily":false,"chose_seed":false,"campfire_upgraded":2,"win_rate":0,"timestamp":1556512731,"path_taken":["M","$","?","M","?","R","E","$","T","R","?","M","M","E","R","BOSS","M","?","M","M","M"],"build_version":"2019-04-23","purchased_purges":1,"victory":false,"max_hp_per_floor":[75,75,75,75,75,75,75,75,75,75,75,75,75,75,75,75,75,75,80,80,80,80],"card_choices":[{"not_picked":["Turbo","Streamline"],"picked":"Hologram","floor":1},{"not_picked":["Sweeping Beam","Melter"],"picked":"Gash","floor":4},{"not_picked":["Coolheaded","Blizzard","Fusion"],"picked":"SKIP","floor":5},{"not_picked":["Cold Snap","Barrage"],"picked":"Defragment","floor":7},{"not_picked":["Reprogram","Rip and Tear"],"picked":"BootSequence","floor":12},{"not_picked":["Turbo","Compile Driver"],"picked":"FTL","floor":13},{"not_picked":["Fission","BootSequence","Barrage"],"picked":"SKIP","floor":14},{"not_picked":["Buffer","Creative AI"],"picked":"Echo Form","floor":16},{"not_picked":["Coolheaded","Rebound"],"picked":"Ball Lightning+1","floor":18},{"not_picked":["Coolheaded","Sweeping Beam+1","Skim"],"picked":"SKIP","floor":20},{"not_picked":["Fission","Compile Driver"],"picked":"Go for the Eyes","floor":21}],"player_experience":557856,"relics_obtained":[{"floor":7,"key":"Orichalcum"},{"floor":9,"key":"Cables"},{"floor":14,"key":"PreservedInsect"}],"event_choices":[{"cards_removed":["Hologram"],"damage_healed":0,"gold_gain":0,"player_choice":"Gave Card","damage_taken":0,"relics_obtained":["Mercury Hourglass"],"max_hp_gain":0,"max_hp_loss":0,"event_name":"WeMeetAgain","floor":3,"gold_loss":0},{"damage_healed":25,"gold_gain":0,"player_choice":"Banana","damage_taken":0,"max_hp_gain":0,"max_hp_loss":0,"event_name":"Big Fish","floor":11,"gold_loss":0},{"damage_healed":0,"gold_gain":0,"player_choice":"Shed Blood","damage_taken":19,"max_hp_gain":5,"max_hp_loss":0,"event_name":"Forgotten Altar","floor":19,"gold_loss":0}],"is_beta":true,"boss_relics":[{"not_picked":["Black Star","Velvet Choker"],"picked":"Cursed Key"}],"items_purged_floors":[2],"is_endless":false,"potions_floor_spawned":[4,12,18],"killed_by":"Cultist and Chosen","ascension_level":9}