{"gold_per_floor":[112,112,112,131,131,131,154,154,154,154,177,252,43,67,67,192,192,212,212,232,232,107,107,107],"floor_reached":24,"playtime":2235,"items_purged":["Strike_R"],"score":230,"play_id":"1752a711-3d9e-4ea4-85d8-4aee4678fe7e","local_time":"20180728202038","is_ascension_mode":true,"campfire_choices":[{"data":"True Grit","floor":6,"key":"SMITH"},{"data":"Sentinel","floor":8,"key":"SMITH"},{"data":"Strike_R","floor":15,"key":"PURGE"},{"data":"Disarm","floor":23,"key":"SMITH"}],"neow_cost":"NONE","seed_source_timestamp":1493271826709674,"circlet_count":0,"master_deck":["Strike_R","Strike_R+1","Defend_R","Defend_R+1","Defend_R","Defend_R","Bash","Twin Strike","True Grit+1","Sentinel+1","Headbutt","Seeing Red","Disarm+1","Exhume","Dual Wield+1","Shrug It Off"],"relics":["Burning Blood","Bloody Idol","Peace Pipe","Strange Spoon","Black Star"],"potions_floor_usage":[11,14,16,24,24],"damage_taken":[{"damage":8,"enemies":"2 Louse","floor":1,"turns":2},{"damage":0,"enemies":"Jaw Worm","floor":4,"turns":4},{"damage":0,"enemies":"Small Slimes","floor":7,"turns":4},{"damage":8,"enemies":"Blue Slaver","floor":11,"turns":4},{"damage":0,"enemies":"Looter","floor":14,"turns":2},{"damage":31,"enemies":"The Guardian","floor":16,"turns":17},{"damage":18,"enemies":"3 Byrds","floor":18,"turns":12},{"damage":10,"enemies":"Shell Parasite","floor":20,"turns":13},{"damage":65,"enemies":"Slavers","floor":24,"turns":5}],"seed_played":"1689441577142712019","potions_obtained":[{"floor":4,"key":"EntropicBrew"},{"floor":14,"key":"GamblersBrew"},{"floor":19,"key":"Dexterity Potion"},{"floor":19,"key":"Energy Potion"}],"is_trial":false,"path_per_floor":["M","?","?","M","?","R","M","R","T","?","M","?","$","M","R","B",null,"M","?","M","?","$","R"],"character_chosen":"IRONCLAD","items_purchased":["Strange Spoon","Shrug It Off"],"campfire_rested":0,"item_purchase_floors":[13,22],"current_hp_per_floor":[78,62,62,68,68,68,74,74,74,74,72,61,61,67,67,42,66,54,54,50,50,50,50,0],"gold":107,"neow_bonus":"TRANSFORM_CARD","is_prod":false,"is_daily":false,"chose_seed":false,"campfire_upgraded":3,"win_rate":0,"timestamp":1532820038,"path_taken":["M","?","?","M","?","R","M","R","T","?","M","?","$","M","R","BOSS","M","?","M","?","?","R","E"],"build_version":"2018-07-26","purchased_purges":1,"victory":false,"max_hp_per_floor":[80,80,74,74,74,74,74,74,74,74,74,74,74,74,74,74,74,74,74,74,74,74,74,74],"card_choices":[{"not_picked":["Thunderclap","Twin Strike"],"picked":"True Grit","floor":1},{"not_picked":["Dropkick","Wild Strike"],"picked":"Sentinel","floor":4},{"not_picked":["Rupture","Intimidate"],"picked":"Headbutt","floor":7},{"not_picked":["Sentinel","Anger"],"picked":"Seeing Red","floor":11},{"not_picked":["Perfected Strike","Searing Blow"],"picked":"Disarm","floor":14},{"not_picked":["Feed","Impervious"],"picked":"Exhume","floor":16},{"not_picked":["Perfected Strike","Cleave","Clothesline+1"],"picked":"SKIP","floor":18},{"not_picked":["Searing Blow","Sever Soul"],"picked":"Dual Wield+1","floor":20}],"player_experience":311689,"relics_obtained":[{"floor":9,"key":"Peace Pipe"}],"event_choices":[{"event_name":"Shining Light","player_choice":"Entered Light","floor":2,"damage_taken":0},{"event_name":"Golden Idol","player_choice":"Lose Max HP","floor":3,"damage_taken":0},{"event_name":"Wheel of Change","player_choice":"Curse","floor":5,"damage_taken":0},{"event_name":"Fountain of Cleansing","player_choice":"Removed Curse","floor":10,"damage_taken":0},{"event_name":"World of Goop","player_choice":"Gather Gold","floor":12,"damage_taken":0},{"event_name":"The Lab","player_choice":"Got Potions","floor":19,"damage_taken":0},{"event_name":"Forgotten Altar","player_choice":"Gave Idol","floor":21,"damage_taken":0}],"is_beta":false,"boss_relics":[{"not_picked":["White Beast Statue","Orrery"],"picked":"Black Star"}],"items_purged_floors":[22],"is_endless":false,"potions_floor_spawned":[4,14,20],"killed_by":"Slavers","ascension_level":5}