{"gold_per_floor":[368,368,387,387,18,18,43,43,91,108,123,98,98],"floor_reached":13,"playtime":435,"items_purged":[],"score":129,"play_id":"54c29ef6-1fa5-4711-925b-d89e603277ce","local_time":"20190116203311","is_ascension_mode":true,"campfire_choices":[{"floor":6,"key":"REST"},{"floor":8,"key":"REST"}],"neow_cost":"PERCENT_DAMAGE","seed_source_timestamp":1912664833669180,"circlet_count":0,"master_deck":["AscendersBane","Defend_G+1","Defend_G","Defend_G","Defend_G","Defend_G","Strike_G","Strike_G","Strike_G","Strike_G","Strike_G","Survivor+1","Neutralize","Caltrops","Caltrops","Dagger Throw","Dagger Throw","Sucker Punch","Slice","Sucker Punch"],"relics":["Ring of the Snake","Dream Catcher","Prayer Wheel","Bottled Tornado","War Paint"],"potions_floor_usage":[13],"damage_taken":[{"damage":0,"enemies":"Small Slimes","floor":1,"turns":5},{"damage":1,"enemies":"Cultist","floor":3,"turns":5},{"damage":67,"enemies":"Lagavulin","floor":7,"turns":10},{"damage":2,"enemies":"Jaw Worm","floor":10,"turns":3},{"damage":11,"enemies":"Large Slime","floor":11,"turns":7},{"damage":18,"enemies":"Exordium Thugs","floor":13,"turns":3}],"seed_played":"6165980489807009379","potions_obtained":[{"floor":3,"key":"FairyPotion"},{"floor":10,"key":"SpeedPotion"}],"is_trial":false,"path_per_floor":["M","?","M","?","$","R","E","R","T","M","M","$","M"],"character_chosen":"THE_SILENT","items_purchased":["Caltrops","Prayer Wheel","Sucker Punch"],"campfire_rested":2,"item_purchase_floors":[5,5,12],"current_hp_per_floor":[45,50,49,42,42,63,7,28,28,26,15,15,0],"gold":98,"neow_bonus":"TWO_FIFTY_GOLD","is_prod":false,"is_daily":false,"chose_seed":false,"campfire_upgraded":0,"win_rate":0,"timestamp":1547670791,"path_taken":["M","?","?","?","$","R","E","R","T","M","M","$","M"],"build_version":"2019-01-10","purchased_purges":0,"victory":false,"max_hp_per_floor":[70,70,70,70,70,70,70,70,70,70,70,70,70],"card_choices":[{"not_picked":["Poisoned Stab","Accuracy"],"picked":"PiercingWail","floor":1},{"not_picked":["Backflip","Quick Slash"],"picked":"Caltrops","floor":3},{"not_picked":["Bullet Time","Dagger Spray"],"picked":"Dagger Throw","floor":7},{"not_picked":["All Out Attack","Deadly Poison"],"picked":"Dagger Throw","floor":8},{"not_picked":["Outmaneuver","Prepared"],"picked":"Sucker Punch","floor":10},{"not_picked":["Backflip","Acrobatics"],"picked":"Slice","floor":10},{"not_picked":["Catalyst","Underhanded Strike","Eviscerate"],"picked":"SKIP","floor":11},{"not_picked":["Outmaneuver","Concentrate","Setup"],"picked":"SKIP","floor":11}],"player_experience":372980,"relics_obtained":[{"floor":7,"key":"Bottled Tornado"},{"floor":9,"key":"War Paint"}],"event_choices":[{"cards_removed":["PiercingWail"],"damage_healed":5,"gold_gain":0,"player_choice":"Offered Common","damage_taken":0,"max_hp_gain":0,"max_hp_loss":0,"event_name":"Bonfire Elementals","floor":2,"gold_loss":0},{"cards_removed":["PiercingWail"],"damage_healed":5,"gold_gain":0,"player_choice":"Offered Special","damage_taken":0,"max_hp_gain":0,"max_hp_loss":0,"event_name":"Bonfire Elementals","floor":2,"gold_loss":0},{"damage_healed":0,"gold_gain":0,"player_choice":"Success","damage_taken":7,"relics_obtained":["Dream Catcher"],"max_hp_gain":0,"max_hp_loss":0,"event_name":"Scrap Ooze","floor":4,"gold_loss":0}],"is_beta":false,"boss_relics":[],"items_purged_floors":[],"is_endless":false,"potions_floor_spawned":[3,10],"killed_by":"Exordium Thugs","ascension_level":11}