{"gold_per_floor":[113,131,142,67,82,117,67,94,176,176,188,188,205,224,224,321,321,337,337,357,181,192,192,192],"floor_reached":24,"playtime":3913,"items_purged":["Defend_G","Strike_G"],"score":242,"play_id":"876b632c-7b23-4078-8cb6-1a27ba18f84f","local_time":"20190118033344","is_ascension_mode":true,"campfire_choices":[{"floor":12,"key":"REST"},{"data":"Prepared","floor":15,"key":"SMITH"},{"data":"Prepared","floor":23,"key":"SMITH"}],"neow_cost":"NONE","seed_source_timestamp":1354206558428868,"circlet_count":0,"master_deck":["Defend_G","Defend_G","Defend_G","Defend_G","Strike_G","Strike_G","Survivor","Neutralize","PiercingWail","Cloak And Dagger","Backflip","Deadly Poison","Deadly Poison","After Image","Escape Plan","Dodge and Roll","Prepared+1","Bullet Time","Prepared+1","After Image","Catalyst","Reflex","PiercingWail","Catalyst","Expertise","Footwork","Dodge and Roll+1"],"relics":["Ring of the Snake","Orichalcum","Strawberry","Calipers","Bottled Tornado","Orrery"],"potions_floor_usage":[6,6,14,16,18],"damage_taken":[{"damage":0,"enemies":"2 Louse","floor":1,"turns":3},{"damage":0,"enemies":"Cultist","floor":2,"turns":4},{"damage":1,"enemies":"Small Slimes","floor":3,"turns":4},{"damage":3,"enemies":"Red Slaver","floor":5,"turns":3},{"damage":35,"enemies":"Gremlin Nob","floor":6,"turns":6},{"damage":26,"enemies":"3 Sentries","floor":8,"turns":13},{"damage":1,"enemies":"Exordium Wildlife","floor":11,"turns":6},{"damage":0,"enemies":"2 Fungi Beasts","floor":13,"turns":4},{"damage":0,"enemies":"Large Slime","floor":14,"turns":6},{"damage":1,"enemies":"The Guardian","floor":16,"turns":9},{"damage":25,"enemies":"Chosen","floor":18,"turns":9},{"damage":33,"enemies":"3 Byrds","floor":20,"turns":9},{"damage":5,"enemies":"Snake Plant","floor":22,"turns":4},{"damage":28,"enemies":"Cultist and Chosen","floor":24,"turns":4}],"seed_played":"-8837913579681768600","potions_obtained":[{"floor":1,"key":"Explosive Potion"},{"floor":5,"key":"EssenceOfSteel"},{"floor":8,"key":"GhostInAJar"},{"floor":11,"key":"Fire Potion"},{"floor":16,"key":"Energy Potion"},{"floor":18,"key":"FairyPotion"}],"is_trial":false,"path_per_floor":["M","M","M","$","M","E","?","E","T","?","M","R","M","M","R","B",null,"M","?","M","$","M","R","M"],"character_chosen":"THE_SILENT","items_purchased":["Footwork"],"campfire_rested":1,"item_purchase_floors":[21],"current_hp_per_floor":[70,70,69,69,66,38,38,12,12,12,11,34,34,34,34,33,77,52,52,19,19,14,14,0],"gold":192,"neow_bonus":"RANDOM_COMMON_RELIC","is_prod":false,"is_daily":false,"chose_seed":false,"campfire_upgraded":2,"win_rate":0,"timestamp":1547804024,"path_taken":["M","M","M","$","M","E","?","E","T","?","?","R","M","M","R","BOSS","M","?","?","$","?","R","M"],"build_version":"2019-01-17","purchased_purges":2,"victory":false,"max_hp_per_floor":[70,70,70,70,70,77,77,77,77,77,77,77,77,77,77,77,77,77,77,77,77,77,77,77],"card_choices":[{"not_picked":["Infinite Blades","Dodge and Roll"],"picked":"PiercingWail","floor":1},{"not_picked":["Dodge and Roll","Caltrops"],"picked":"Cloak And Dagger","floor":2},{"not_picked":["Acrobatics","Expertise"],"picked":"Backflip","floor":3},{"not_picked":["Predator","Heel Hook"],"picked":"Deadly Poison","floor":5},{"not_picked":["PiercingWail","Expertise"],"picked":"Deadly Poison","floor":6},{"not_picked":["Sucker Punch","All Out Attack"],"picked":"After Image","floor":8},{"not_picked":["Flechettes","Poisoned Stab"],"picked":"Escape Plan","floor":11},{"not_picked":["Blade Dance","Acrobatics"],"picked":"Dodge and Roll","floor":13},{"not_picked":["Backstab","Riddle With Holes"],"picked":"Prepared","floor":14},{"not_picked":["Doppelganger","Grand Finale"],"picked":"Bullet Time","floor":16},{"not_picked":["Underhanded Strike","Cloak And Dagger"],"picked":"Prepared","floor":17},{"not_picked":["Sucker Punch","Poisoned Stab"],"picked":"After Image","floor":17},{"not_picked":["Quick Slash","Acrobatics"],"picked":"Catalyst","floor":17},{"not_picked":["Quick Slash","Blade Dance"],"picked":"Reflex","floor":17},{"not_picked":["Slice","Infinite Blades"],"picked":"PiercingWail","floor":17},{"not_picked":["Blade Dance","Bane+1","Quick Slash+1"],"picked":"SKIP","floor":18},{"not_picked":["Deflect","Bane"],"picked":"Expertise","floor":20},{"not_picked":["Quick Slash","Choke"],"picked":"Dodge and Roll+1","floor":22}],"player_experience":160003,"relics_obtained":[{"floor":6,"key":"Strawberry"},{"floor":8,"key":"Calipers"},{"floor":9,"key":"Bottled Tornado"}],"event_choices":[{"cards_removed":["Strike_G"],"damage_healed":0,"gold_gain":0,"player_choice":"Card Removal","damage_taken":0,"max_hp_gain":0,"max_hp_loss":0,"event_name":"The Cleric","floor":7,"gold_loss":50},{"cards_removed":["Strike_G"],"damage_healed":0,"gold_gain":0,"player_choice":"Purged","damage_taken":0,"max_hp_gain":0,"max_hp_loss":0,"event_name":"Purifier","floor":10,"gold_loss":0},{"damage_healed":0,"gold_gain":0,"player_choice":"Copied","damage_taken":0,"max_hp_gain":0,"max_hp_loss":0,"event_name":"Duplicator","floor":19,"gold_loss":0,"cards_obtained":["Catalyst"]}],"is_beta":false,"boss_relics":[{"not_picked":["Philosopher\u0027s Stone","Black Star"],"picked":"Orrery"}],"items_purged_floors":[4,21],"is_endless":false,"potions_floor_spawned":[1,5,8,11,16,18],"killed_by":"Cultist and Chosen","ascension_level":3}