{"gold_per_floor":[12,187,207,207,507,542,542,556,556,556,585,597,597,226,226,226],"floor_reached":16,"playtime":999,"items_purged":["Regret"],"score":113,"play_id":"8cbc82c7-25c6-4b5c-992e-9c66f6a20bfc","local_time":"20180718213715","is_ascension_mode":true,"campfire_choices":[{"data":"1","floor":7,"key":"LIFT"},{"data":"2","floor":10,"key":"LIFT"},{"data":"3","floor":13,"key":"LIFT"},{"data":"Bash","floor":15,"key":"SMITH"}],"neow_cost":"NO_GOLD","seed_source_timestamp":521301576957245,"circlet_count":0,"master_deck":["Strike_R","Strike_R","Strike_R","Strike_R","Strike_R","Defend_R","Defend_R","Defend_R","Defend_R","Bash+1","Burning Pact","Doubt","Feel No Pain","Offering","Bash","Dark Embrace","Spot Weakness+1","Dropkick","Enlightenment+1","Dark Shackles+1"],"relics":["Burning Blood","Girya","Old Coin","Darkstone Periapt","Toxic Egg 2","Torii"],"potions_floor_usage":[6,16],"damage_taken":[{"damage":0,"enemies":"Small Slimes","floor":1,"turns":3},{"damage":1,"enemies":"Jaw Worm","floor":3,"turns":6},{"damage":30,"enemies":"3 Sentries","floor":6,"turns":11},{"damage":5,"enemies":"Cultist","floor":8,"turns":3},{"damage":40,"enemies":"Gremlin Nob","floor":11,"turns":4},{"damage":7,"enemies":"Looter","floor":12,"turns":3},{"damage":25,"enemies":"The Guardian","floor":16,"turns":2}],"seed_played":"-2882079985868971952","potions_obtained":[{"floor":3,"key":"Strength Potion"},{"floor":8,"key":"Dexterity Potion"},{"floor":11,"key":"Ancient Potion"}],"is_trial":false,"path_per_floor":["M","?","M","?","?","E","R","M","T","R","E","M","R","$","R"],"character_chosen":"IRONCLAD","items_purchased":["Enlightenment+1","Dark Shackles+1"],"campfire_rested":0,"item_purchase_floors":[14,14],"current_hp_per_floor":[80,80,80,80,80,56,56,57,57,57,23,22,22,22,22,0],"gold":226,"neow_bonus":"ONE_RARE_RELIC","is_prod":false,"is_daily":false,"chose_seed":false,"campfire_upgraded":1,"win_rate":0,"timestamp":1531921035,"path_taken":["M","?","M","?","?","E","R","M","T","R","E","M","R","$","R","BOSS"],"build_version":"2018-07-12","purchased_purges":1,"victory":false,"max_hp_per_floor":[80,80,80,80,80,80,80,80,80,80,80,80,80,80,80,80],"card_choices":[{"not_picked":["Twin Strike","Spot Weakness"],"picked":"Burning Pact","floor":1},{"not_picked":["Shockwave","Evolve"],"picked":"Feel No Pain","floor":3},{"not_picked":["Cleave","True Grit"],"picked":"Dark Embrace","floor":6},{"not_picked":["Entrench","Twin Strike","Flame Barrier"],"picked":"SKIP","floor":8},{"not_picked":["Battle Trance+1","Wild Strike"],"picked":"Spot Weakness+1","floor":11},{"not_picked":["Evolve","Perfected Strike"],"picked":"Dropkick","floor":12}],"player_experience":172387,"relics_obtained":[{"floor":6,"key":"Darkstone Periapt"},{"floor":9,"key":"Toxic Egg 2"},{"floor":11,"key":"Torii"}],"event_choices":[{"event_name":"Liars Game","player_choice":"agreed","floor":2,"damage_taken":0},{"event_name":"Match and Keep!","player_choice":"2 cards matched","floor":4,"damage_taken":0},{"event_name":"Big Fish","player_choice":"Box","floor":5,"damage_taken":0}],"boss_relics":[],"items_purged_floors":[14],"is_endless":false,"potions_floor_spawned":[3,8,11],"killed_by":"The Guardian","ascension_level":1}