{"gold_per_floor":[113,113,125,137,149,161,98,129,201,220,53,71,89,120,120,120],"floor_reached":16,"playtime":388,"items_purged":["Regret"],"score":253,"play_id":"100e1a86-db7c-48f0-a415-be2a7b102102","local_time":"20190424165454","is_ascension_mode":true,"campfire_choices":[{"data":"Pommel Strike","floor":6,"key":"SMITH"},{"floor":15,"key":"DIG"}],"neow_cost":"NONE","seed_source_timestamp":3211635686195331,"circlet_count":0,"master_deck":["AscendersBane","Strike_R","Strike_R","Strike_R","Strike_R","Strike_R","Defend_R","Defend_R","Defend_R","Defend_R","Bash","Pommel Strike+1","Battle Trance","Shrug It Off","Iron Wave","Inflame","Clash"],"relics":["Burning Blood","NeowsBlessing","MawBank","Pear","Shuriken","Golden Idol","Omamori","Singing Bowl","Shovel","Molten Egg 2"],"potions_floor_usage":[13],"damage_taken":[{"damage":0,"enemies":"Cultist","floor":1,"turns":1},{"damage":0,"enemies":"3 Sentries","floor":8,"turns":2},{"damage":0,"enemies":"Small Slimes","floor":10,"turns":1},{"damage":7,"enemies":"Jaw Worm","floor":12,"turns":3},{"damage":1,"enemies":"Large Slime","floor":13,"turns":5},{"damage":29,"enemies":"Lagavulin","floor":14,"turns":8},{"damage":51,"enemies":"The Guardian","floor":16,"turns":11}],"seed_played":"-354931661701809441","potions_obtained":[{"floor":10,"key":"Block Potion"}],"is_trial":false,"path_per_floor":["M","?","?","T","?","R","$","E","T","M","$","M","M","E","R","B"],"character_chosen":"IRONCLAD","items_purchased":["Shrug It Off","Iron Wave","Inflame"],"campfire_rested":0,"item_purchase_floors":[11,11,11],"current_hp_per_floor":[74,74,79,79,50,50,50,56,56,64,64,63,70,49,49,0],"gold":120,"neow_bonus":"THREE_ENEMY_KILL","is_prod":false,"is_daily":false,"chose_seed":false,"campfire_upgraded":1,"win_rate":0,"timestamp":1556121294,"path_taken":["M","?","?","?","?","R","$","E","T","M","?","M","M","E","R","BOSS"],"build_version":"2019-01-23","purchased_purges":1,"victory":false,"max_hp_per_floor":[75,75,85,85,85,85,85,85,85,87,87,87,89,91,91,91],"card_choices":[{"not_picked":["Havoc","Warcry"],"picked":"Pommel Strike","floor":1},{"not_picked":["Sword Boomerang","Clothesline"],"picked":"Battle Trance","floor":8},{"not_picked":["Anger","Battle Trance","Clothesline"],"picked":"Singing Bowl","floor":10},{"not_picked":["Evolve","Seeing Red"],"picked":"Clash","floor":12},{"not_picked":["Fire Breathing","Offering","Wild Strike"],"picked":"Singing Bowl","floor":13},{"not_picked":["Seeing Red","Pommel Strike","Twin Strike"],"picked":"Singing Bowl","floor":14}],"player_experience":658072,"relics_obtained":[{"floor":4,"key":"Shuriken"},{"floor":8,"key":"Omamori"},{"floor":9,"key":"Singing Bowl"},{"floor":14,"key":"Shovel"},{"floor":15,"key":"Molten Egg 2"}],"event_choices":[{"damage_healed":0,"gold_gain":0,"player_choice":"Box","damage_taken":0,"relics_obtained":["MawBank"],"max_hp_gain":0,"max_hp_loss":0,"event_name":"Big Fish","floor":2,"gold_loss":0,"cards_obtained":["Regret"]},{"damage_healed":0,"gold_gain":0,"player_choice":"Success","damage_taken":5,"relics_obtained":["Pear"],"max_hp_gain":0,"max_hp_loss":0,"event_name":"Scrap Ooze","floor":3,"gold_loss":0},{"damage_healed":0,"gold_gain":0,"player_choice":"Take Damage","damage_taken":29,"relics_obtained":["Golden Idol"],"max_hp_gain":0,"max_hp_loss":0,"event_name":"Golden Idol","floor":5,"gold_loss":0}],"is_beta":false,"boss_relics":[],"items_purged_floors":[7],"is_endless":false,"potions_floor_spawned":[10],"killed_by":"The Guardian","ascension_level":18}