{"path_per_floor":["M","?","$","M","?","E","R","E","T","?","R","$","R","M","R","B",null,"M","?","?","M","M","R","E","R","T","$","M","$","M","M","R","B",null,"M","?","M","$","$","R","M","M","T","R","M","?","E","M","R","B"],"character_chosen":"THE_SILENT","items_purchased":["Deadly Poison","Toxic Egg 2","Deadly Poison","Juzu Bracelet","Regen Potion","Frozen Egg 2","Noxious Fumes"],"gold_per_floor":[363,363,235,253,428,461,461,502,525,525,525,159,159,179,179,299,299,315,315,315,340,361,361,399,399,399,274,287,93,117,130,130,256,256,270,270,289,289,10,10,28,46,91,91,107,107,146,165,165,165],"floor_reached":51,"campfire_rested":7,"playtime":3400,"current_hp_per_floor":[63,63,63,60,60,47,63,23,23,23,41,41,59,59,59,43,63,50,50,50,50,25,43,22,40,54,54,54,54,54,54,54,48,77,70,70,65,65,65,65,37,37,37,60,55,55,31,29,52,42],"items_purged":["Injury","Strike_G","Defend_G"],"gold":165,"score":607,"play_id":"7063a328-e64a-49c6-adb7-18fc263aa0ca","is_prod":false,"is_daily":false,"is_ascension_mode":true,"campfire_upgraded":3,"path_taken":["M","?","$","M","?","E","R","E","T","?","R","$","R","M","R","BOSS","M","?","?","M","?","R","E","R","T","$","M","$","M","M","R","BOSS","M","?","M","?","$","R","M","M","T","R","M","?","E","M","R","BOSS"],"build_version":"2018-02-12-PROD1","purchased_purges":3,"victory":true,"master_deck":["Defend_G","Defend_G","Defend_G+1","Defend_G+1","Strike_G","Survivor+1","Neutralize","Caltrops+1","Deadly Poison","Escape Plan","Bouncing Flask+1","Deadly Poison+1","Adrenaline+1","Backstab+1","Noxious Fumes+1","Caltrops+1","Acrobatics+1","Catalyst+1","Prepared+1","Deflect+1","Burst+1","Noxious Fumes+1","Escape Plan+1","Escape Plan+1","Underhanded Strike+1","Backflip+1","Dash+1"],"max_hp_per_floor":[63,63,63,63,63,63,63,63,63,63,63,63,63,63,63,63,63,63,63,63,63,63,63,63,63,77,77,77,77,77,77,77,77,77,77,77,77,77,77,77,77,77,77,77,77,77,77,77,77,77],"relics":["Ring of the Snake","Golden Idol","Ancient Tea Set","Toolbox","Omamori","Toxic Egg 2","Astrolabe","Dream Catcher","Mango","Juzu Bracelet","Calling Bell","Gremlin Horn","Frozen Eye","Shuriken","Frozen Egg 2","Blood Vial","Prayer Wheel"],"card_choices":[{"not_picked":["Calculated Gamble","Dodge and Roll"],"picked":"Caltrops"},{"not_picked":["Leg Sweep","Infinite Blades"],"picked":"Escape Plan"},{"not_picked":["Choke","Dagger Spray"],"picked":"Bouncing Flask"},{"not_picked":["Phantasmal Killer","Doppelganger"],"picked":"Adrenaline"},{"not_picked":["Flying Knee","Cloak And Dagger"],"picked":"Acrobatics"},{"not_picked":["Escape Plan","Bouncing Flask"],"picked":"Catalyst"},{"not_picked":["Dagger Spray","Infinite Blades"],"picked":"Prepared"},{"not_picked":["Slice","Poisoned Stab"],"picked":"Deflect"},{"not_picked":["Tactician","Unload"],"picked":"Burst"},{"not_picked":["PiercingWail","Dagger Spray"],"picked":"Escape Plan"},{"not_picked":["Bane","Infinite Blades"],"picked":"Escape Plan"},{"not_picked":["Flying Knee","Choke"],"picked":"Underhanded Strike"},{"not_picked":["Dagger Spray","Malaise"],"picked":"Backflip"},{"not_picked":["PiercingWail","Noxious Fumes"],"picked":"Dash"}],"player_experience":70785,"potions_floor_usage":[6,6,24,33,33,33,35,50],"damage_taken":[{"damage":0,"enemies":"Small Slimes","floor":1,"turns":4},{"damage":3,"enemies":"Jaw Worm","floor":4,"turns":5},{"damage":13,"enemies":"Gremlin Nob","floor":6,"turns":4},{"damage":40,"enemies":"Lagavulin","floor":8,"turns":10},{"damage":0,"enemies":"Blue Slaver","floor":14,"turns":3},{"damage":20,"enemies":"The Guardian","floor":16,"turns":7},{"damage":13,"enemies":"2 Thieves","floor":18,"turns":4},{"damage":0,"enemies":"3 Byrds","floor":21,"turns":3},{"damage":25,"enemies":"Slaver and Parasite","floor":22,"turns":5},{"damage":21,"enemies":"Slavers","floor":24,"turns":5},{"damage":0,"enemies":"Chosen and Byrds","floor":28,"turns":4},{"damage":0,"enemies":"Centurion and Healer","floor":30,"turns":5},{"damage":0,"enemies":"Cultist and Chosen","floor":31,"turns":3},{"damage":21,"enemies":"Collector","floor":33,"turns":5},{"damage":7,"enemies":"3 Darklings","floor":35,"turns":3},{"damage":5,"enemies":"Orb Walker","floor":37,"turns":3},{"damage":28,"enemies":"4 Shapes","floor":41,"turns":6},{"damage":0,"enemies":"Maw","floor":42,"turns":2},{"damage":7,"enemies":"Sphere and 2 Shapes","floor":45,"turns":5},{"damage":26,"enemies":"Nemesis","floor":47,"turns":7},{"damage":4,"enemies":"4 Shapes","floor":48,"turns":5},{"damage":22,"enemies":"Time Eater","floor":50,"turns":2}],"event_choices":[{"event_name":"Golden Idol","player_choice":"Take Wound","floor":2,"damage_taken":0},{"event_name":"Liars Game","player_choice":"agreed","floor":5,"damage_taken":0},{"event_name":"Living Wall","player_choice":"Grow","floor":10,"damage_taken":0},{"event_name":"Vampires","player_choice":"Ignored","floor":19,"damage_taken":0},{"event_name":"Back to Basics","player_choice":"Elegance","floor":20,"damage_taken":0},{"event_name":"Fountain of Cleansing","player_choice":"Removed Curse","floor":36,"damage_taken":0},{"event_name":"Accursed Blacksmith","player_choice":"Forge","floor":46,"damage_taken":0}],"boss_relics":[{"not_picked":["Tiny House","Runic Pyramid"],"picked":"Astrolabe"},{"not_picked":["Eternal Feather","White Beast Statue"],"picked":"Calling Bell"}],"potions_floor_spawned":[1,4,22,30,31,33,41,45,47],"seed_played":"8545434945853277914","ascension_level":1,"is_trial":false}