{"path_per_floor":["M","M","?","?","M","R","E","R","T","$","?","R","M","M","R","B",null,"M","M","M","?","M","R","?","R","T","M","R","M","M","$","R"],"character_chosen":"IRONCLAD","items_purchased":["Molten Egg 2"],"gold_per_floor":[119,135,135,135,155,155,180,180,228,153,328,328,347,358,358,456,456,472,489,507,422,436,436,436,436,436,449,449,465,481,127,127],"floor_reached":33,"campfire_rested":4,"playtime":1713,"current_hp_per_floor":[80,70,70,70,72,72,60,60,60,60,60,60,50,48,72,44,80,65,59,53,53,19,43,43,67,67,64,64,61,65,65,80],"items_purged":["Strike_R","Doubt"],"gold":127,"score":249,"play_id":"7b278bf5-4917-4ecb-98d0-f44c6309ff18","is_prod":false,"is_daily":false,"is_ascension_mode":false,"campfire_upgraded":4,"path_taken":["M","M","?","?","M","R","E","R","T","$","?","R","M","M","R","BOSS","M","M","?","?","M","R","?","R","T","?","R","M","M","$","R","BOSS"],"build_version":"2018-02-12-PROD1","purchased_purges":2,"victory":false,"master_deck":["Strike_R","Strike_R","Strike_R","Strike_R","Defend_R","Defend_R","Defend_R","Defend_R","Bash+1","Clash","Dropkick+1","Armaments+1","Rampage+1","Pommel Strike","Offering","Clash","Shrug It Off+1","Bash","Finesse","Perfected Strike","Clash"],"max_hp_per_floor":[80,80,80,80,80,80,80,80,80,80,80,80,80,80,80,80,80,80,80,80,80,80,80,80,80,80,80,80,80,80,80,80],"relics":["Burning Blood","Blood Vial","Lantern","Bronze Scales","Runic Cube","Pen Nib","Bottled Lightning","Molten Egg 2"],"card_choices":[{"not_picked":["Blood for Blood","Heavy Blade"],"picked":"Clash"},{"not_picked":["Iron Wave","Sword Boomerang"],"picked":"Dropkick"},{"not_picked":["Impervious","Spot Weakness"],"picked":"Armaments"},{"not_picked":["Iron Wave","Metallicize"],"picked":"Rampage"},{"not_picked":["Anger","Rupture"],"picked":"Pommel Strike"},{"not_picked":["Bludgeon","Limit Break"],"picked":"Offering"},{"not_picked":["Anger","Armaments"],"picked":"Clash"},{"not_picked":["True Grit","Metallicize"],"picked":"Shrug It Off"},{"not_picked":["Armaments","Heavy Blade"],"picked":"Perfected Strike"},{"not_picked":["Rage","True Grit"],"picked":"Clash"}],"player_experience":53362,"potions_floor_usage":[16,30,33,33,33],"damage_taken":[{"damage":3,"enemies":"2 Louse","floor":1,"turns":3},{"damage":16,"enemies":"Blue Slaver","floor":2,"turns":4},{"damage":6,"enemies":"Jaw Worm","floor":5,"turns":2},{"damage":20,"enemies":"Gremlin Nob","floor":7,"turns":4},{"damage":18,"enemies":"Large Slime","floor":13,"turns":8},{"damage":10,"enemies":"2 Fungi Beasts","floor":14,"turns":3},{"damage":36,"enemies":"Slime Boss","floor":16,"turns":11},{"damage":21,"enemies":"Spheric Guardian","floor":18,"turns":4},{"damage":14,"enemies":"3 Byrds","floor":19,"turns":4},{"damage":14,"enemies":"Centurion and Healer","floor":20,"turns":6},{"damage":42,"enemies":"Snecko","floor":22,"turns":5},{"damage":11,"enemies":"3 Cultists","floor":27,"turns":5},{"damage":11,"enemies":"Centurion and Healer","floor":29,"turns":3},{"damage":4,"enemies":"Snecko","floor":30,"turns":2},{"damage":103,"enemies":"Collector","floor":33,"turns":6}],"event_choices":[{"event_name":"Big Fish","player_choice":"Box","floor":3,"damage_taken":0},{"event_name":"Purifier","player_choice":"One Purge","floor":4,"damage_taken":0},{"event_name":"Liars Game","player_choice":"agreed","floor":11,"damage_taken":0},{"event_name":"Addict","player_choice":"Obtained Relic","floor":21,"damage_taken":0},{"event_name":"Match and Keep!","player_choice":"2 cards matched","floor":24,"damage_taken":0}],"boss_relics":[{"not_picked":["Astrolabe","Calling Bell"],"picked":"Runic Cube"}],"potions_floor_spawned":[2,5,13,19,29,30],"seed_played":"7002669381617445456","killed_by":"Collector","ascension_level":0,"is_trial":false}