{"gold_per_floor":[114,130,144,158,158,184,184,216,216,216,230,250,266,296,296,399,399,417,340,353,353,127,156,156,175,175,195,209,238,34,52,52,148,148,159,208,219,239,249,284,284,314,339,356,375,7,37,37,37,37],"floor_reached":51,"playtime":4803,"items_purged":["Defend_R","Defend_R","Parasite"],"score":867,"play_id":"99a2f1c8-3a9f-4385-9aee-b6551b1f0b79","local_time":"20180719182708","is_ascension_mode":true,"campfire_choices":[{"floor":7.0,"key":"REST"},{"data":"Rupture","floor":10.0,"key":"SMITH"},{"data":"Rage","floor":15.0,"key":"SMITH"},{"data":"Metallicize","floor":24.0,"key":"SMITH"},{"data":"Dark Shackles","floor":32,"key":"SMITH"},{"data":"Heavy Blade","floor":41,"key":"SMITH"},{"data":"Offering","floor":49,"key":"SMITH"}],"neow_cost":"FIFTY_PERCENT_DAMAGE","seed_source_timestamp":592289285414833,"circlet_count":0,"master_deck":["Defend_R","Defend_R","Bash","Shockwave+1","Rupture+1","Combust+1","Ghostly Armor","Brutality","Metallicize+1","Rage+1","Uppercut","Berserk","Warcry","J.A.X.","Warcry+1","Bite","Bite","Bite","Bite","Bite","Rupture+1","Rupture","Feed","Pommel Strike+1","Dark Shackles+1","Immolate","Armaments+1","Feel No Pain+1","Heavy Blade+1","Rage+1","Offering+1","Decay"],"special_seed":0,"relics":["Burning Blood","Anchor","Paper Frog","Mummified Hand","Potion Belt","Philosopher\u0027s Stone","Red Skull","Thread and Needle","Self Forming Clay","Meat on the Bone","Cursed Key","Ginger","Ancient Tea Set","Incense Burner","Lantern","Pear","Champion Belt","Toxic Egg 2"],"potions_floor_usage":[31,33,33,33,40,40],"damage_taken":[{"damage":1.0,"enemies":"Cultist","floor":1.0,"turns":3.0},{"damage":4.0,"enemies":"Jaw Worm","floor":2.0,"turns":4.0},{"damage":0.0,"enemies":"2 Louse","floor":3.0,"turns":3.0},{"damage":13.0,"enemies":"Looter","floor":4.0,"turns":3.0},{"damage":21.0,"enemies":"3 Sentries","floor":6.0,"turns":5.0},{"damage":10.0,"enemies":"Lagavulin","floor":8.0,"turns":7.0},{"damage":2.0,"enemies":"3 Louse","floor":11.0,"turns":4.0},{"damage":3.0,"enemies":"2 Fungi Beasts","floor":12.0,"turns":4.0},{"damage":2.0,"enemies":"Lots of Slimes","floor":13.0,"turns":4.0},{"damage":20.0,"enemies":"Gremlin Nob","floor":14.0,"turns":4.0},{"damage":23.0,"enemies":"Slime Boss","floor":16.0,"turns":7.0},{"damage":19.0,"enemies":"Chosen","floor":18.0,"turns":5.0},{"damage":15.0,"enemies":"3 Byrds","floor":20.0,"turns":3.0},{"damage":53.0,"enemies":"Slavers","floor":23.0,"turns":5.0},{"damage":6.0,"enemies":"3 Cultists","floor":25.0,"turns":4.0},{"damage":14,"enemies":"Snecko","floor":27,"turns":5},{"damage":11,"enemies":"Slaver and Parasite","floor":28,"turns":5},{"damage":46,"enemies":"Book of Stabbing","floor":29,"turns":5},{"damage":3,"enemies":"Snake Plant","floor":31,"turns":3},{"damage":27,"enemies":"Champ","floor":33,"turns":7},{"damage":36,"enemies":"Flame Bruiser 1 Orb","floor":35,"turns":5},{"damage":27,"floor":36,"turns":5},{"damage":15,"enemies":"Orb Walker","floor":37,"turns":3},{"damage":7,"enemies":"Transient","floor":38,"turns":5},{"damage":12,"enemies":"Spire Growth","floor":39,"turns":3},{"damage":25,"enemies":"Nemesis","floor":40,"turns":5},{"damage":19,"enemies":"2 Orb Walkers","floor":42,"turns":5},{"damage":29,"enemies":"Flame Bruiser 2 Orb","floor":44,"turns":4},{"damage":6,"enemies":"4 Shapes","floor":45,"turns":4},{"damage":20,"enemies":"Giant Head","floor":47,"turns":6},{"damage":70,"enemies":"Awakened One","floor":50,"turns":8}],"seed_played":"911183512636235874","potions_obtained":[{"floor":1.0,"key":"Swift Potion"},{"floor":4.0,"key":"AttackPotion"},{"floor":6.0,"key":"Ancient Potion"},{"floor":13.0,"key":"FearPotion"},{"floor":14.0,"key":"FearPotion"},{"floor":20.0,"key":"Poison Potion"},{"floor":23.0,"key":"SkillPotion"},{"floor":29,"key":"Poison Potion"},{"floor":31,"key":"SkillPotion"},{"floor":35,"key":"FearPotion"},{"floor":36,"key":"Block Potion"},{"floor":38,"key":"Fruit Juice"}],"is_trial":false,"path_per_floor":["M","M","M","M","?","E","R","E","T","R","M","M","M","E","R","B",null,"M","?","M","?","$","E","R","M","T","M","M","E","$","M","R","B",null,"M","?","M","M","M","E","R","E","T","M","M","$","E","T","R","B"],"character_chosen":"IRONCLAD","items_purchased":["Red Skull","Dark Shackles","Pear"],"campfire_rested":1,"item_purchase_floors":[22,30,46],"current_hp_per_floor":[53,55,61,54,35,20,48,44,44,44,48,51,55,41,41,24,96,83,83,74,67,67,28,28,36,36,38,39,9,9,31,31,43,73,49,50,50,59,62,57,57,54,54,52,58,68,64,64,64,42],"gold":37,"neow_bonus":"TWENTY_PERCENT_HP_BONUS","is_prod":false,"is_daily":false,"chose_seed":false,"campfire_upgraded":6,"win_rate":0,"timestamp":1531996028,"path_taken":["M","M","M","?","?","E","R","E","T","R","M","M","M","E","R","BOSS","M","?","M","?","$","E","R","M","T","M","M","E","$","?","R","BOSS","M","?","?","M","M","E","R","E","T","M","M","?","E","?","R","BOSS"],"build_version":"2018-07-12","purchased_purges":3,"victory":true,"max_hp_per_floor":[96,96,96,96,96,96,96,96,96,96,96,96,96,96,96,96,96,96,96,96,67,67,67,67,67,67,67,67,67,67,70,70,73,73,73,77,80,80,83,88,88,88,88,88,88,95,95,95,95,98],"card_choices":[{"not_picked":["Headbutt","Iron Wave"],"picked":"Shockwave","floor":1.0},{"not_picked":["Whirlwind","Perfected Strike"],"picked":"Rupture","floor":2.0},{"not_picked":["Iron Wave","Clothesline"],"picked":"Combust","floor":3.0},{"not_picked":["Disarm","Pummel","Clash"],"picked":"SKIP","floor":4.0},{"not_picked":["Sever Soul","Warcry"],"picked":"Ghostly Armor","floor":6.0},{"not_picked":["Body Slam","Power Through"],"picked":"Brutality","floor":8.0},{"not_picked":["Battle Trance","Disarm"],"picked":"Metallicize","floor":11.0},{"not_picked":["Whirlwind","Cleave"],"picked":"Rage","floor":12.0},{"not_picked":["Clothesline","Wild Strike","Clash"],"picked":"SKIP","floor":13.0},{"not_picked":["True Grit","Armaments"],"picked":"Uppercut","floor":14.0},{"not_picked":["Impervious","Exhume"],"picked":"Berserk","floor":16.0},{"not_picked":["Twin Strike","Fire Breathing+1"],"picked":"Warcry","floor":18.0},{"not_picked":["Anger","Fire Breathing+1"],"picked":"Warcry+1","floor":20.0},{"not_picked":["Perfected Strike","Havoc","Flame Barrier"],"picked":"SKIP","floor":23.0},{"not_picked":["Inflame","Anger"],"picked":"Rupture+1","floor":25.0},{"not_picked":["Anger","Perfected Strike+1"],"picked":"Rupture","floor":27},{"not_picked":["Pommel Strike","Blood for Blood"],"picked":"Feed","floor":28},{"not_picked":["Combust+1","Armaments"],"picked":"Pommel Strike+1","floor":29},{"not_picked":["Thunderclap","Perfected Strike+1","Body Slam"],"picked":"SKIP","floor":31},{"not_picked":["Thunderclap","Perfected Strike+1","Body Slam"],"picked":"SKIP","floor":31},{"not_picked":["Reaper","Dark Embrace"],"picked":"Immolate","floor":33},{"not_picked":["Corruption+1","Havoc"],"picked":"Armaments+1","floor":35},{"not_picked":["Pummel+1","Battle Trance+1"],"picked":"Feel No Pain+1","floor":36},{"not_picked":["Perfected Strike","Shrug It Off"],"picked":"Heavy Blade","floor":37},{"not_picked":["Sword Boomerang","Sentinel","Flex"],"picked":"SKIP","floor":38},{"not_picked":["Blood for Blood","Feel No Pain+1"],"picked":"Rage+1","floor":39},{"not_picked":["Evolve+1","Blood for Blood","Dual Wield+1"],"picked":"SKIP","floor":40},{"not_picked":["Iron Wave","Pommel Strike+1"],"picked":"Offering","floor":42},{"not_picked":["Power Through+1","Whirlwind+1","Flame Barrier"],"picked":"SKIP","floor":44},{"not_picked":["Pummel","Shrug It Off","Clash+1"],"picked":"SKIP","floor":45},{"not_picked":["Flex+1","Second Wind+1","Corruption+1"],"picked":"SKIP","floor":47}],"player_experience":174827,"relics_obtained":[{"floor":6.0,"key":"Anchor"},{"floor":8.0,"key":"Paper Frog"},{"floor":9.0,"key":"Mummified Hand"},{"floor":14.0,"key":"Potion Belt"},{"floor":23.0,"key":"Thread and Needle"},{"floor":26,"key":"Self Forming Clay"},{"floor":29,"key":"Meat on the Bone"},{"floor":36,"key":"Ginger"},{"floor":40,"key":"Ancient Tea Set"},{"floor":42,"key":"Incense Burner"},{"floor":43,"key":"Lantern"},{"floor":47,"key":"Champion Belt"},{"floor":48,"key":"Toxic Egg 2"}],"event_choices":[{"event_name":"Shining Light","player_choice":"Entered Light","floor":5.0,"damage_taken":0.0},{"event_name":"Drug Dealer","player_choice":"Got JAXXED","floor":19.0,"damage_taken":0.0},{"event_name":"Vampires","player_choice":"Became a vampire","floor":21.0,"damage_taken":0.0},{"event_name":"Mysterious Sphere","player_choice":"Fight","floor":36,"damage_taken":0}],"boss_relics":[{"not_picked":["Black Blood","Lizard Tail"],"picked":"Philosopher\u0027s Stone"},{"not_picked":["Tiny House","Orrery"],"picked":"Cursed Key"}],"items_purged_floors":[22,30,46],"is_endless":false,"potions_floor_spawned":[1,4,6,13,14,20,23,29,31,35,36,38],"ascension_level":1}