{"gold_per_floor":[11,21,21,34,45,45,75,150,177,193,193,193,213,225,225,330,330,348,348,39,54,72,107,13,28,28,28,28,28,42,58,58,157,157,171,81,99,24,24,35,35,35,35,51,61,61,61,61,61,61],"floor_reached":51,"playtime":1537,"items_purged":["Strike_R"],"score":975,"play_id":"4c22fd2a-80db-4853-aeac-7ee2fbbd85ce","local_time":"20190114190103","is_ascension_mode":true,"campfire_choices":[{"data":"Demon Form","floor":6,"key":"SMITH"},{"data":"Uppercut","floor":12,"key":"SMITH"},{"floor":15,"key":"REST"},{"floor":29,"key":"REST"},{"data":"Offering","floor":32,"key":"SMITH"},{"data":"Battle Trance","floor":41,"key":"SMITH"},{"floor":46,"key":"REST"},{"data":"Armaments","floor":49,"key":"SMITH"}],"neow_cost":"NO_GOLD","seed_source_timestamp":1733217142166731,"circlet_count":0,"master_deck":["Strike_R+1","Strike_R","Defend_R","Defend_R","Defend_R","Defend_R+1","Bash","Twin Strike","Carnage","Uppercut+1","Demon Form+1","Thunderclap","Sword Boomerang","Twin Strike","Immolate","Battle Trance+1","Shrug It Off+1","Armaments+1","Flash of Steel","Offering+1","Sword Boomerang+1","Anger+1","Parasite"],"relics":["Burning Blood","Lantern","Vajra","CultistMask","Busted Crown","Bottled Lightning","Regal Pillow","Paper Frog","MutagenicStrength","Black Star","Meat on the Bone"],"potions_floor_usage":[7,14,33,50,50,50],"damage_taken":[{"damage":9,"enemies":"Jaw Worm","floor":1,"turns":5},{"damage":1,"enemies":"Cultist","floor":2,"turns":4},{"damage":3,"enemies":"2 Louse","floor":4,"turns":2},{"damage":9,"enemies":"Blue Slaver","floor":5,"turns":3},{"damage":40,"enemies":"3 Sentries","floor":7,"turns":7},{"damage":4,"enemies":"Exordium Thugs","floor":10,"turns":3},{"damage":0,"enemies":"2 Fungi Beasts","floor":13,"turns":2},{"damage":28,"enemies":"Gremlin Gang","floor":14,"turns":4},{"damage":18,"enemies":"Slime Boss","floor":16,"turns":5},{"damage":12,"enemies":"Chosen","floor":18,"turns":3},{"damage":0,"enemies":"3 Byrds","floor":21,"turns":2},{"damage":17,"enemies":"3 Cultists","floor":22,"turns":4},{"damage":34,"enemies":"Book of Stabbing","floor":23,"turns":4},{"damage":10,"enemies":"Centurion and Healer","floor":25,"turns":4},{"damage":2,"enemies":"Snake Plant","floor":30,"turns":2},{"damage":12,"enemies":"Cultist and Chosen","floor":31,"turns":3},{"damage":60,"enemies":"Collector","floor":33,"turns":7},{"damage":9,"enemies":"3 Darklings","floor":35,"turns":2},{"damage":8,"enemies":"Orb Walker","floor":37,"turns":2},{"damage":6,"enemies":"Transient","floor":40,"turns":5},{"damage":39,"enemies":"Sphere and 2 Shapes","floor":44,"turns":4},{"damage":20,"enemies":"Writhing Mass","floor":45,"turns":4},{"damage":84,"enemies":"Time Eater","floor":50,"turns":7}],"seed_played":"-2502570838957869250","potions_obtained":[{"floor":1,"key":"PowerPotion"},{"floor":5,"key":"Energy Potion"},{"floor":10,"key":"Dexterity Potion"},{"floor":14,"key":"Dexterity Potion"},{"floor":21,"key":"Dexterity Potion"},{"floor":25,"key":"FearPotion"},{"floor":40,"key":"LiquidBronze"}],"is_trial":false,"path_per_floor":["M","M","?","M","M","R","E","?","T","M","?","R","M","M","R","B",null,"M","?","$","M","M","E","$","M","T","?","$","R","M","M","R","B",null,"M","?","M","$","?","M","R","$","T","M","M","R","?","$","R","B",null],"character_chosen":"IRONCLAD","items_purchased":["Shrug It Off","Bottled Lightning","Flash of Steel"],"campfire_rested":3,"item_purchase_floors":[20,20,24],"current_hp_per_floor":[85,90,90,93,90,90,56,45,45,47,47,47,53,31,59,47,84,78,78,78,84,73,45,45,41,41,41,41,84,88,82,82,28,79,76,76,74,74,74,74,74,74,74,53,51,94,94,94,94,28],"gold":61,"neow_bonus":"TWENTY_PERCENT_HP_BONUS","is_prod":false,"is_daily":false,"chose_seed":false,"campfire_upgraded":5,"win_rate":0,"timestamp":1547492463,"path_taken":["M","M","?","M","?","R","E","?","T","M","?","R","?","M","R","BOSS","M","?","$","M","M","E","$","?","T","?","$","R","M","M","R","BOSS","M","?","?","$","?","?","R","?","T","M","M","R","?","$","R","BOSS"],"build_version":"2019-01-10","purchased_purges":1,"victory":true,"max_hp_per_floor":[96,96,96,96,96,96,96,96,96,96,96,96,96,96,96,96,96,96,96,96,96,96,96,96,96,96,96,96,96,96,96,96,96,96,96,96,96,96,96,96,96,96,96,96,96,96,96,96,96,96],"card_choices":[{"not_picked":["Burning Pact","True Grit"],"picked":"Twin Strike","floor":1},{"not_picked":["Iron Wave","Clash"],"picked":"Carnage","floor":2},{"not_picked":["Rage","Clothesline"],"picked":"Uppercut","floor":4},{"not_picked":["Spot Weakness","Pommel Strike"],"picked":"Demon Form","floor":5},{"not_picked":["Iron Wave","Sword Boomerang"],"picked":"Thunderclap","floor":7},{"not_picked":["Iron Wave","Bloodletting"],"picked":"Sword Boomerang","floor":10},{"not_picked":["Anger","Havoc"],"picked":"Twin Strike","floor":13},{"not_picked":["Rampage","Shockwave","Berserk"],"picked":"SKIP","floor":14},{"not_picked":["Berserk","Exhume"],"picked":"Immolate","floor":16},{"not_picked":[],"picked":"Battle Trance","floor":18},{"not_picked":["True Grit"],"picked":"SKIP","floor":21},{"not_picked":[],"picked":"Armaments","floor":22},{"not_picked":[],"picked":"Sword Boomerang+1","floor":23},{"not_picked":["Rage"],"picked":"SKIP","floor":25},{"not_picked":["Havoc"],"picked":"SKIP","floor":30},{"not_picked":[],"picked":"Offering","floor":31},{"not_picked":["Headbutt"],"picked":"SKIP","floor":35},{"not_picked":[],"picked":"Sword Boomerang+1","floor":37},{"not_picked":[],"picked":"Anger+1","floor":40},{"not_picked":["Hemokinesis"],"picked":"SKIP","floor":44},{"not_picked":["Anger"],"picked":"SKIP","floor":45}],"player_experience":298550,"relics_obtained":[{"floor":7,"key":"Lantern"},{"floor":9,"key":"Vajra"},{"floor":23,"key":"Regal Pillow"},{"floor":26,"key":"Paper Frog"},{"floor":43,"key":"Meat on the Bone"}],"event_choices":[{"cards_removed":["Strike_R"],"damage_healed":0,"gold_gain":0,"player_choice":"Purged","damage_taken":0,"max_hp_gain":0,"max_hp_loss":0,"event_name":"Purifier","floor":3,"gold_loss":0},{"damage_healed":0,"gold_gain":75,"player_choice":"Gather Gold","damage_taken":11,"max_hp_gain":0,"max_hp_loss":0,"event_name":"World of Goop","floor":8,"gold_loss":0},{"damage_healed":0,"gold_gain":0,"player_choice":"Trade","damage_taken":0,"relics_obtained":["CultistMask"],"max_hp_gain":0,"max_hp_loss":0,"event_name":"FaceTrader","floor":11,"gold_loss":0},{"damage_healed":0,"gold_gain":0,"player_choice":"Upgraded","damage_taken":0,"max_hp_gain":0,"max_hp_loss":0,"event_name":"Upgrade Shrine","floor":19,"gold_loss":0,"cards_upgraded":["Defend_R"]},{"damage_healed":0,"gold_gain":0,"player_choice":"Inject Mutagens","damage_taken":0,"relics_obtained":["MutagenicStrength"],"max_hp_gain":0,"max_hp_loss":0,"event_name":"Drug Dealer","floor":27,"gold_loss":0},{"cards_removed":["Strike_R"],"damage_healed":0,"gold_gain":0,"player_choice":"Upgrade and Remove","damage_taken":0,"max_hp_gain":0,"max_hp_loss":0,"event_name":"Designer","floor":36,"gold_loss":90,"cards_upgraded":["Strike_R"]},{"damage_healed":0,"gold_gain":0,"player_choice":"Forge","damage_taken":0,"max_hp_gain":0,"max_hp_loss":0,"event_name":"Accursed Blacksmith","floor":39,"gold_loss":0,"cards_upgraded":["Shrug It Off"]},{"cards_removed":["Sword Boomerang"],"damage_healed":0,"gold_gain":0,"player_choice":"Removed Attack","damage_taken":0,"max_hp_gain":0,"max_hp_loss":0,"event_name":"Falling","floor":47,"gold_loss":0}],"is_beta":false,"boss_relics":[{"not_picked":["Pandora\u0027s Box","Tiny House"],"picked":"Busted Crown"},{"not_picked":["Calling Bell","Philosopher\u0027s Stone"],"picked":"Black Star"}],"items_purged_floors":[38],"is_endless":false,"potions_floor_spawned":[1,5,10,14,21,25,30,40,44,45],"ascension_level":9}