{"gold_per_floor":[116,116,116,1,22,22,55,68,140,161,87,112,145,145],"floor_reached":14,"playtime":3384,"items_purged":[],"score":145,"play_id":"bf7f60fb-ee56-4b1d-b6fa-be06c403cedb","local_time":"20190430140452","is_ascension_mode":true,"campfire_choices":[{"floor":6,"key":"REST"}],"neow_cost":"NONE","seed_source_timestamp":537465337435870,"circlet_count":0,"master_deck":["Strike_B","Strike_B","Strike_B","Strike_B+1","Defend_B","Defend_B","Defend_B+1","Defend_B","Zap","Dualcast","Gash","Defragment","Conserve Battery","Gash","Heatsinks","Capacitor","Echo Form"],"relics":["Cracked Core","Pen Nib","Golden Idol","Orichalcum","Mummified Hand","Regal Pillow"],"potions_floor_usage":[13,13,13],"damage_taken":[{"damage":0,"enemies":"2 Louse","floor":1,"turns":1},{"damage":0,"enemies":"Jaw Worm","floor":5,"turns":3},{"damage":29,"enemies":"3 Sentries","floor":7,"turns":8},{"damage":0,"enemies":"Cultist","floor":8,"turns":4},{"damage":0,"enemies":"Red Slaver","floor":10,"turns":3},{"damage":6,"enemies":"Looter","floor":12,"turns":3},{"damage":15,"enemies":"Lagavulin","floor":13,"turns":6},{"damage":12,"enemies":"Exordium Wildlife","floor":14,"turns":2}],"seed_played":"-4588813413386178056","potions_obtained":[{"floor":5,"key":"Ancient Potion"},{"floor":8,"key":"AttackPotion"},{"floor":12,"key":"AttackPotion"}],"is_trial":false,"path_per_floor":["M","?","?","$","M","R","E","M","T","M","$","M","E","M"],"character_chosen":"DEFECT","items_purchased":["Defragment","Conserve Battery","Capacitor"],"campfire_rested":1,"item_purchase_floors":[4,4,11],"current_hp_per_floor":[68,50,35,35,35,57,28,28,28,28,28,22,7,0],"gold":145,"neow_bonus":"RANDOM_COMMON_RELIC","is_prod":false,"is_daily":false,"chose_seed":false,"campfire_upgraded":0,"win_rate":0,"timestamp":1556654692,"path_taken":["M","?","?","?","M","R","E","M","T","M","$","?","E","M"],"build_version":"2019-04-23","purchased_purges":0,"victory":false,"max_hp_per_floor":[75,75,75,75,75,75,75,75,75,75,75,75,75,75],"card_choices":[{"not_picked":["Hologram","Barrage"],"picked":"Gash","floor":1},{"not_picked":["Doom and Gloom","Storm","Turbo"],"picked":"SKIP","floor":5},{"not_picked":["Chaos","Fusion","Reprogram"],"picked":"SKIP","floor":7},{"not_picked":["Lockon","Coolheaded"],"picked":"Gash","floor":8},{"not_picked":["Steam","Reinforced Body"],"picked":"Heatsinks","floor":10},{"not_picked":["Force Field","Go for the Eyes","Stack"],"picked":"SKIP","floor":12},{"not_picked":["Fission","Cold Snap"],"picked":"Echo Form","floor":13}],"player_experience":571004,"relics_obtained":[{"floor":7,"key":"Orichalcum"},{"floor":9,"key":"Mummified Hand"},{"floor":13,"key":"Regal Pillow"}],"event_choices":[{"damage_healed":0,"gold_gain":0,"player_choice":"Take Damage","damage_taken":18,"relics_obtained":["Golden Idol"],"max_hp_gain":0,"max_hp_loss":0,"event_name":"Golden Idol","floor":2,"gold_loss":0},{"damage_healed":0,"gold_gain":0,"player_choice":"Entered Light","damage_taken":15,"max_hp_gain":0,"max_hp_loss":0,"event_name":"Shining Light","floor":3,"gold_loss":0,"cards_upgraded":["Defend_B","Strike_B"]}],"is_beta":true,"boss_relics":[],"items_purged_floors":[],"is_endless":false,"potions_floor_spawned":[5,8,12],"killed_by":"Exordium Wildlife","ascension_level":9}