{"gold_per_floor":[110,130,142,142,155,155,191,207,207,207,230,271,271,286,286,407,407,428,330,353,268,282,282,302,302,347,247,315,315,330,132,132,258,258,281,305,228,249,273,273],"floor_reached":40,"playtime":4138,"items_purged":["Strike_B","Strike_B+1"],"score":443,"play_id":"18ae87c1-7968-4206-9fdf-cd7e128171c2","local_time":"20181216023646","is_ascension_mode":true,"campfire_choices":[{"data":"Zap","floor":6,"key":"SMITH"},{"floor":13,"key":"REST"},{"floor":15,"key":"REST"},{"data":"Static Discharge","floor":23,"key":"SMITH"},{"data":"Conserve Battery","floor":29,"key":"SMITH"},{"data":"Rainbow","floor":32,"key":"SMITH"}],"neow_cost":"TEN_PERCENT_HP_LOSS","seed_source_timestamp":2692569010787830,"circlet_count":0,"master_deck":["Strike_B+1","Strike_B+1","Defend_B+1","Defend_B+1","Defend_B+1","Defend_B+1","Zap+1","Dualcast","Rainbow+1","Rip and Tear","Undo","Conserve Battery+1","Rebound","Electrodynamics","Streamline","Hologram","Static Discharge+1","Capacitor+1","Auto Shields+1","Genetic Algorithm+1","Compile Driver","Seek","Ball Lightning+1","Undo+1","Defragment","Thunder Strike","Barrage+1","Go for the Eyes+1"],"relics":["Cracked Core","Golden Idol","Girya","Gremlin Horn","Art of War","Nuclear Battery","Prayer Wheel","Juzu Bracelet","Tiny Chest","Oddly Smooth Stone","Inserter"],"potions_floor_usage":[11,12,22,33,33,38],"damage_taken":[{"damage":4,"enemies":"Jaw Worm","floor":1,"turns":4},{"damage":0,"enemies":"Cultist","floor":2,"turns":3},{"damage":0,"enemies":"2 Louse","floor":3,"turns":2},{"damage":3,"enemies":"Blue Slaver","floor":5,"turns":4},{"damage":15,"enemies":"3 Sentries","floor":7,"turns":10},{"damage":4,"enemies":"Exordium Wildlife","floor":8,"turns":4},{"damage":4,"enemies":"Lots of Slimes","floor":11,"turns":3},{"damage":15,"enemies":"Gremlin Nob","floor":12,"turns":4},{"damage":8,"enemies":"3 Louse","floor":14,"turns":3},{"damage":27,"enemies":"Slime Boss","floor":16,"turns":12},{"damage":9,"enemies":"Chosen","floor":18,"turns":5},{"damage":8,"enemies":"2 Thieves","floor":20,"turns":2},{"damage":0,"enemies":"Sentry and Sphere","floor":22,"turns":3},{"damage":9,"enemies":"Snecko","floor":24,"turns":5},{"damage":18,"enemies":"Slavers","floor":28,"turns":4},{"damage":1,"enemies":"Centurion and Healer","floor":30,"turns":6},{"damage":21,"enemies":"Champ","floor":33,"turns":17},{"damage":1,"enemies":"Orb Walker","floor":35,"turns":5},{"damage":0,"enemies":"3 Shapes","floor":36,"turns":2},{"damage":24,"enemies":"3 Darklings","floor":38,"turns":5},{"damage":22,"enemies":"Transient","floor":39,"turns":5},{"damage":50,"enemies":"Giant Head","floor":40,"turns":8}],"seed_played":"-7544894500070563982","potions_obtained":[{"floor":3,"key":"Poison Potion"},{"floor":7,"key":"PowerPotion"},{"floor":11,"key":"SpeedPotion"},{"floor":20,"key":"AttackPotion"},{"floor":28,"key":"SkillPotion"},{"floor":35,"key":"SkillPotion"},{"floor":39,"key":"Fire Potion"}],"is_trial":false,"path_per_floor":["M","M","M","?","M","R","E","M","T","?","M","E","R","M","R","B",null,"M","$","M","?","M","R","M","?","T","$","E","R","M","$","R","B",null,"M","M","$","M","M","E"],"character_chosen":"DEFECT","items_purchased":["Hologram","Oddly Smooth Stone","Compile Driver","Defragment"],"campfire_rested":2,"item_purchase_floors":[19,31,31,37],"current_hp_per_floor":[64,64,64,47,44,44,29,25,25,25,21,6,26,18,38,11,68,59,59,51,51,51,51,42,42,42,42,24,24,23,23,23,2,68,67,67,67,43,21,0],"gold":273,"neow_bonus":"THREE_RARE_CARDS","is_prod":false,"is_daily":false,"chose_seed":false,"campfire_upgraded":4,"win_rate":0,"timestamp":1544949406,"path_taken":["M","M","M","?","M","R","E","M","T","?","?","E","R","M","R","BOSS","M","$","M","?","M","R","M","?","T","$","E","R","M","?","R","BOSS","M","M","$","M","M","E"],"build_version":"2018-12-13","purchased_purges":2,"victory":false,"max_hp_per_floor":[68,68,68,68,68,68,68,68,68,68,68,68,68,68,68,68,68,68,68,68,68,68,68,68,68,68,68,68,68,68,68,68,68,68,68,68,68,68,68,68],"card_choices":[{"not_picked":["Reboot","Multi-Cast"],"picked":"Rainbow","floor":0},{"not_picked":["Gash","Blizzard"],"picked":"Rip and Tear","floor":1},{"not_picked":["Darkness","Turbo"],"picked":"Undo","floor":2},{"not_picked":["Consume","Coolheaded"],"picked":"Conserve Battery","floor":3},{"not_picked":["Reprogram","Blizzard","Reinforced Body"],"picked":"SKIP","floor":5},{"not_picked":["Beam Cell","Tempest"],"picked":"Rebound","floor":7},{"not_picked":["Barrage","Turbo","Reprogram"],"picked":"SKIP","floor":8},{"not_picked":["Turbo","Force Field","Hologram"],"picked":"SKIP","floor":11},{"not_picked":["Hologram","Beam Cell","Echo Form"],"picked":"SKIP","floor":12},{"not_picked":["Darkness","Stack","Rebound"],"picked":"SKIP","floor":14},{"not_picked":["Machine Learning","All For One"],"picked":"Electrodynamics","floor":16},{"not_picked":["Stack","Gash"],"picked":"Streamline","floor":18},{"not_picked":["Go for the Eyes","Hologram"],"picked":"Static Discharge","floor":20},{"not_picked":["Fission","Go for the Eyes+1"],"picked":"Capacitor+1","floor":22},{"not_picked":["Glacier","Sweeping Beam","Barrage"],"picked":"SKIP","floor":22},{"not_picked":["Leap","Consume"],"picked":"Auto Shields+1","floor":24},{"not_picked":["Steam","Cold Snap","Hologram"],"picked":"SKIP","floor":24},{"not_picked":["Sunder+1","Lockon","Scrape"],"picked":"SKIP","floor":28},{"not_picked":["Undo","Turbo"],"picked":"Genetic Algorithm+1","floor":30},{"not_picked":["Gash","Glacier","Sunder"],"picked":"SKIP","floor":30},{"not_picked":["Multi-Cast","Rainbow"],"picked":"Seek","floor":33},{"not_picked":["Rebound","Hologram"],"picked":"Ball Lightning+1","floor":35},{"not_picked":["Lockon","Leap","Blizzard"],"picked":"SKIP","floor":35},{"not_picked":["Heatsinks","Conserve Battery"],"picked":"Undo+1","floor":36},{"not_picked":["Coolheaded","Darkness+1","Hello World+1"],"picked":"SKIP","floor":36},{"not_picked":["Compile Driver+1","Reinforced Body+1"],"picked":"Thunder Strike","floor":38},{"not_picked":["Sweeping Beam","Gash+1","Chill"],"picked":"SKIP","floor":38},{"not_picked":["Double Energy","Stack"],"picked":"Barrage+1","floor":39},{"not_picked":["Skim+1","Conserve Battery+1"],"picked":"Go for the Eyes+1","floor":39}],"player_experience":196875,"relics_obtained":[{"floor":7,"key":"Girya"},{"floor":9,"key":"Gremlin Horn"},{"floor":12,"key":"Art of War"},{"floor":26,"key":"Juzu Bracelet"},{"floor":28,"key":"Tiny Chest"}],"event_choices":[{"damage_healed":0,"gold_gain":0,"player_choice":"Take Damage","damage_taken":17,"relics_obtained":["Golden Idol"],"max_hp_gain":0,"max_hp_loss":0,"event_name":"Golden Idol","floor":4,"gold_loss":0},{"damage_healed":0,"gold_gain":0,"player_choice":"Leave","damage_taken":0,"max_hp_gain":0,"max_hp_loss":0,"event_name":"FaceTrader","floor":10,"gold_loss":0},{"damage_healed":0,"gold_gain":0,"player_choice":"Obtained Relic","damage_taken":0,"relics_obtained":["Prayer Wheel"],"max_hp_gain":0,"max_hp_loss":0,"event_name":"Addict","floor":21,"gold_loss":85},{"damage_healed":0,"gold_gain":0,"player_choice":"Simplicity","damage_taken":0,"max_hp_gain":0,"max_hp_loss":0,"event_name":"Back to Basics","floor":25,"gold_loss":0,"cards_upgraded":["Strike_B","Strike_B","Strike_B","Defend_B","Defend_B","Defend_B","Defend_B"]}],"is_beta":false,"boss_relics":[{"not_picked":["Orrery","Calling Bell"],"picked":"Nuclear Battery"},{"not_picked":["Runic Dome","Black Star"],"picked":"Inserter"}],"items_purged_floors":[19,27],"is_endless":false,"potions_floor_spawned":[3,7,11,20,28,35,39],"killed_by":"Giant Head","ascension_level":1}