{"gold_per_floor":[113,133,133,35,53,83,101,101,101,112,112,112,112,122,122,219,219,235,250,76,89,102,102,17,43,43,111,111,144,161,171,171,270,270,286,296,45,55,72,107,121,150,195,195,195,56,70,105,105,105],"floor_reached":51,"playtime":2556,"items_purged":["Strike_R","Strike_R","Strike_R"],"score":856,"play_id":"7d46ef01-2f82-433a-a8bb-a00e5ada80c0","local_time":"20190429213532","is_ascension_mode":false,"campfire_choices":[{"data":"Clothesline","floor":8.0,"key":"SMITH"},{"data":"Bash","floor":11.0,"key":"SMITH"},{"data":"Flame Barrier","floor":13.0,"key":"SMITH"},{"data":"True Grit","floor":15.0,"key":"SMITH"},{"data":"Double Tap","floor":23.0,"key":"SMITH"},{"data":"Battle Trance","floor":28.0,"key":"SMITH"},{"data":"Spot Weakness","floor":32.0,"key":"SMITH"},{"floor":44.0,"key":"REST"},{"data":"Spot Weakness","floor":49.0,"key":"SMITH"}],"neow_cost":"NONE","seed_source_timestamp":0,"circlet_count":0,"master_deck":["Strike_R","Defend_R","Defend_R","Defend_R+1","Defend_R+1","Bash+1","Headbutt","Clothesline+1","Headbutt","Flame Barrier+1","Cleave","Inflame+1","True Grit+1","Headbutt+1","Double Tap+1","Wild Strike+1","Cleave+1","Battle Trance+1","Rage+1","Uppercut+1","Wild Strike+1","Spot Weakness+1","Armaments+1","Iron Wave+1","Pommel Strike+1","Bludgeon+1","Corruption+1","Whirlwind+1","Feel No Pain+1","Pummel+1","Power Through+1","Clothesline+1","Seeing Red","Ghostly Armor+1","Seeing Red+1","Flame Barrier+1","Spot Weakness+1","Ghostly Armor+1","Headbutt+1","Shockwave+1"],"special_seed":0,"relics":["Burning Blood","Lantern","Molten Egg 2","Velvet Choker","Prayer Wheel","Kunai","Bag of Marbles","Matryoshka","Dream Catcher","White Beast Statue","Shuriken","The Courier","Self Forming Clay","Gremlin Horn","PreservedInsect","Ornamental Fan"],"potions_floor_usage":[50,50,50],"damage_taken":[{"damage":1.0,"enemies":"Cultist","floor":1.0,"turns":4.0},{"damage":1.0,"enemies":"Jaw Worm","floor":2.0,"turns":3.0},{"damage":1.0,"enemies":"Small Slimes","floor":5.0,"turns":3.0},{"damage":14.0,"enemies":"Gremlin Nob","floor":6.0,"turns":4.0},{"damage":20.0,"enemies":"Exordium Thugs","floor":7.0,"turns":5.0},{"damage":1.0,"enemies":"Lots of Slimes","floor":10.0,"turns":4.0},{"damage":0.0,"enemies":"2 Fungi Beasts","floor":14.0,"turns":2.0},{"damage":19.0,"enemies":"Hexaghost","floor":16.0,"turns":10.0},{"damage":5.0,"enemies":"Chosen","floor":18.0,"turns":3.0},{"damage":17.0,"enemies":"Shell Parasite","floor":19.0,"turns":4.0},{"damage":6.0,"enemies":"Shelled Parasite and Fungi","floor":21.0,"turns":5.0},{"damage":3.0,"enemies":"Snake Plant","floor":22.0,"turns":4.0},{"damage":7.0,"enemies":"Slavers","floor":25.0,"turns":2.0},{"damage":1.0,"enemies":"Gremlin Leader","floor":29.0,"turns":5.0},{"damage":1.0,"enemies":"Cultist and Chosen","floor":30.0,"turns":3.0},{"damage":11.0,"enemies":"Centurion and Healer","floor":31.0,"turns":4.0},{"damage":30.0,"enemies":"Champ","floor":33.0,"turns":10.0},{"damage":0.0,"enemies":"3 Shapes","floor":35.0,"turns":2.0},{"damage":14.0,"enemies":"3 Darklings","floor":36.0,"turns":5.0},{"damage":16.0,"enemies":"Transient","floor":38.0,"turns":5.0},{"damage":1.0,"enemies":"Sphere and 2 Shapes","floor":39.0,"turns":5.0},{"damage":13.0,"enemies":"Nemesis","floor":40.0,"turns":7.0},{"damage":28.0,"enemies":"Writhing Mass","floor":41.0,"turns":8.0},{"damage":12.0,"enemies":"Giant Head","floor":42.0,"turns":7.0},{"damage":2.0,"enemies":"3 Darklings","floor":47.0,"turns":6.0},{"damage":0.0,"enemies":"Reptomancer","floor":48.0,"turns":3.0},{"damage":18,"enemies":"Awakened One","floor":50,"turns":12}],"seed_played":"-6393191913297025507","potions_obtained":[{"floor":7.0,"key":"GamblersBrew"},{"floor":10.0,"key":"Fire Potion"},{"floor":14.0,"key":"Dexterity Potion"},{"floor":16.0,"key":"Weak Potion"},{"floor":19.0,"key":"AttackPotion"},{"floor":30.0,"key":"BloodPotion"},{"floor":31.0,"key":"Strength Potion"},{"floor":35.0,"key":"LiquidBronze"},{"floor":36.0,"key":"Fire Potion"},{"floor":38.0,"key":"EssenceOfSteel"},{"floor":39.0,"key":"Fire Potion"},{"floor":40.0,"key":"Poison Potion"},{"floor":41.0,"key":"Regen Potion"},{"floor":42.0,"key":"GamblersBrew"}],"is_trial":false,"path_per_floor":["M","M","?","$","M","E","M","R","T","M","R","?","R","M","R","B",null,"M","M","$","M","M","R","?","E","T","T","R","E","M","M","R","B",null,"M","M","$","M","M","E","M","E","T","R","?","$","M","E","R","B",null],"character_chosen":"IRONCLAD","items_purchased":["Headbutt","Battle Trance","Shuriken","Dexterity Potion"],"campfire_rested":1,"item_purchase_floors":[4,20,37,46],"current_hp_per_floor":[88,88,70,70,75,67,53,53,53,58,58,58,58,64,64,51,88,88,77,77,77,80,80,80,79,79,79,79,84,88,83,83,59,88,88,80,80,78,83,76,54,63,63,88,88,88,88,88,88,76],"gold":105,"neow_bonus":"TEN_PERCENT_HP_BONUS","is_prod":false,"is_daily":false,"chose_seed":false,"campfire_upgraded":8,"win_rate":1,"timestamp":1556598932,"path_taken":["M","M","?","$","M","E","M","R","T","M","R","?","R","M","R","BOSS","M","M","$","M","M","R","?","E","T","?","R","E","M","M","R","BOSS","BOSS","M","M","$","M","M","E","?","E","T","R","?","$","M","E","R","BOSS"],"build_version":"2019-01-23","purchased_purges":3,"victory":true,"max_hp_per_floor":[88,88,88,88,88,88,88,88,88,88,88,88,88,88,88,88,88,88,88,88,88,88,88,88,88,88,88,88,88,88,88,88,88,88,88,88,88,88,88,88,88,88,88,88,88,88,88,88,88,88],"card_choices":[{"not_picked":["Shrug It Off","Flame Barrier"],"picked":"Headbutt","floor":1.0},{"not_picked":["Clash","Pommel Strike"],"picked":"Clothesline","floor":2.0},{"not_picked":["Havoc","Pommel Strike"],"picked":"Flame Barrier","floor":5.0},{"not_picked":["Dark Embrace","Clothesline"],"picked":"Cleave","floor":6.0},{"not_picked":["Disarm","Heavy Blade"],"picked":"Inflame","floor":7.0},{"not_picked":["Perfected Strike+1","Rupture"],"picked":"True Grit","floor":10.0},{"not_picked":["Warcry","Flex"],"picked":"Headbutt+1","floor":14.0},{"not_picked":["Juggernaut","Offering"],"picked":"Double Tap","floor":16.0},{"not_picked":["Warcry+1","Shrug It Off"],"picked":"Wild Strike+1","floor":18.0},{"not_picked":["Clothesline+1","Warcry"],"picked":"Cleave+1","floor":19.0},{"not_picked":["Wild Strike+1","Heavy Blade+1"],"picked":"Rage+1","floor":21.0},{"not_picked":["Dark Embrace","Dual Wield"],"picked":"Uppercut+1","floor":22.0},{"not_picked":["True Grit+1","Iron Wave+1"],"picked":"Wild Strike+1","floor":25.0},{"not_picked":["Rupture+1","Dropkick+1"],"picked":"Spot Weakness","floor":29.0},{"not_picked":["Body Slam+1","Shrug It Off+1"],"picked":"Armaments+1","floor":30.0},{"not_picked":["Thunderclap+1","Flex","Dropkick+1"],"picked":"SKIP","floor":30.0},{"not_picked":["Clash+1","Body Slam+1"],"picked":"Iron Wave+1","floor":31.0},{"not_picked":["Anger+1","Reckless Charge+1"],"picked":"Pommel Strike+1","floor":31.0},{"not_picked":["Offering","Exhume"],"picked":"Bludgeon+1","floor":33.0},{"not_picked":["Armaments+1","Clothesline+1"],"picked":"Corruption+1","floor":35.0},{"not_picked":["Sword Boomerang+1","Body Slam+1"],"picked":"Whirlwind+1","floor":35.0},{"not_picked":["Wild Strike+1","Iron Wave+1"],"picked":"Feel No Pain+1","floor":36.0},{"not_picked":["Thunderclap+1","Rupture+1"],"picked":"Pummel+1","floor":36.0},{"not_picked":["Pommel Strike+1","Sword Boomerang+1"],"picked":"Power Through+1","floor":38.0},{"not_picked":["Dropkick+1","Pummel+1"],"picked":"Clothesline+1","floor":38.0},{"not_picked":["Headbutt+1","Clothesline+1"],"picked":"Seeing Red","floor":39.0},{"not_picked":["Havoc","Twin Strike+1"],"picked":"Ghostly Armor+1","floor":39.0},{"not_picked":["Blood for Blood+1","Heavy Blade+1"],"picked":"Seeing Red+1","floor":40.0},{"not_picked":["Carnage+1","Flex"],"picked":"Flame Barrier+1","floor":41.0},{"not_picked":["Heavy Blade+1","Armaments+1"],"picked":"Spot Weakness","floor":41.0},{"not_picked":["Infernal Blade","Dual Wield+1","Bloodletting+1"],"picked":"SKIP","floor":42.0},{"not_picked":["Body Slam+1","Barricade"],"picked":"Ghostly Armor+1","floor":44.0},{"not_picked":["Pummel+1","Burning Pact"],"picked":"Headbutt+1","floor":47.0},{"not_picked":["Metallicize+1","Body Slam+1","Armaments+1"],"picked":"SKIP","floor":47.0},{"not_picked":["Cleave+1","Clash+1"],"picked":"Shockwave+1","floor":48.0}],"player_experience":669696,"relics_obtained":[{"floor":6.0,"key":"Lantern"},{"floor":9.0,"key":"Molten Egg 2"},{"floor":25.0,"key":"Kunai"},{"floor":26.0,"key":"Bag of Marbles"},{"floor":27.0,"key":"Matryoshka"},{"floor":29.0,"key":"Dream Catcher"},{"floor":40.0,"key":"The Courier"},{"floor":42.0,"key":"Self Forming Clay"},{"floor":43.0,"key":"Gremlin Horn"},{"floor":43.0,"key":"PreservedInsect"},{"floor":48.0,"key":"Ornamental Fan"}],"event_choices":[{"damage_healed":0.0,"max_hp_gain":0.0,"max_hp_loss":0.0,"gold_gain":0.0,"event_name":"Shining Light","player_choice":"Entered Light","floor":3.0,"gold_loss":0.0,"damage_taken":18.0,"cards_upgraded":["Defend_R","Defend_R"]},{"damage_healed":0.0,"max_hp_gain":0.0,"max_hp_loss":0.0,"gold_gain":0.0,"event_name":"Living Wall","player_choice":"Grow","floor":12.0,"gold_loss":0.0,"damage_taken":0.0,"cards_upgraded":["Inflame"]},{"damage_healed":0.0,"max_hp_gain":0.0,"max_hp_loss":0.0,"gold_gain":0.0,"event_name":"Addict","player_choice":"Obtained Relic","floor":24.0,"gold_loss":85.0,"damage_taken":0.0,"relics_obtained":["Prayer Wheel"]},{"cards_removed":["Strike_R"],"damage_healed":0.0,"max_hp_gain":0.0,"max_hp_loss":0.0,"gold_gain":0.0,"event_name":"Falling","player_choice":"Removed Attack","floor":45.0,"gold_loss":0.0,"damage_taken":0.0}],"is_beta":false,"boss_relics":[{"not_picked":["Runic Cube","Orrery"],"picked":"Velvet Choker"},{"not_picked":["Calling Bell","Black Blood"],"picked":"White Beast Statue"}],"items_purged_floors":[4,20,46],"is_endless":false,"potions_floor_spawned":[7,10,14,16,18,19,21,30,31,35,36,38,39,40,41,42,47,48],"ascension_level":0}