{"path_per_floor":["M","M","?","M","?","R","M","M","T","$","?","$","R","M","R","B",null,"M","M","$","?","?","R"],"character_chosen":"THE_SILENT","items_purchased":["Adrenaline","Deadly Poison","Catalyst","Snake Skull","Catalyst"],"gold_per_floor":[110,130,305,323,398,398,368,357,357,238,238,14,14,31,31,130,160,170,160,4,4,4,4],"floor_reached":24,"campfire_rested":0,"playtime":2080,"current_hp_per_floor":[70,70,70,70,59,59,57,56,56,56,56,56,56,56,56,53,75,75,74,74,74,52,52],"items_purged":["Defend_G"],"gold":4,"score":210,"play_id":"8abde66f-8445-488b-b03f-9ac7a24b97c2","is_prod":false,"is_daily":false,"is_ascension_mode":false,"campfire_upgraded":2,"path_taken":["M","M","?","M","?","R","M","?","T","$","?","?","R","M","R","BOSS","M","M","$","?","?","R","M"],"build_version":"2018-02-22-PROD2","purchased_purges":1,"victory":false,"master_deck":["Defend_G","Defend_G","Defend_G","Defend_G","Survivor","Neutralize+1","Footwork+1","Reflex","Doubt","Backflip","After Image","Flying Knee","Adrenaline+1","Deadly Poison","Catalyst+1","Wraith Form","Backflip","Acrobatics+1","Dodge and Roll+1","Catalyst","Neutralize+1","Bite","Bite","Bite","Bite","Bite"],"max_hp_per_floor":[70,70,70,70,70,70,70,70,70,70,70,70,70,70,70,70,75,75,75,75,75,52,52],"relics":["Ring of the Snake","Happy Flower","Peace Pipe","Snake Skull","Tiny House"],"card_choices":[{"not_picked":["Blade Dance","Poisoned Stab"],"picked":"Footwork"},{"not_picked":["Masterful Stab","Riddle With Holes"],"picked":"Reflex"},{"not_picked":["Poisoned Stab","Terror"],"picked":"Backflip"},{"not_picked":["Acrobatics","Outmaneuver"],"picked":"After Image"},{"not_picked":["Underhanded Strike","Malaise"],"picked":"Flying Knee"},{"not_picked":["Storm of Steel","Tactician"],"picked":"Wraith Form"},{"not_picked":["Deflect","Poisoned Stab"],"picked":"Backflip"},{"not_picked":["Sucker Punch","Distraction"],"picked":"Acrobatics"},{"not_picked":["Bane","Flying Knee"],"picked":"Dodge and Roll"}],"player_experience":111891,"potions_floor_usage":[8,16,19,24],"damage_taken":[{"damage":0,"enemies":"2 Louse","floor":1,"turns":3},{"damage":0,"enemies":"Jaw Worm","floor":2,"turns":5},{"damage":0,"enemies":"Small Slimes","floor":4,"turns":6},{"damage":2,"enemies":"Looter","floor":7,"turns":4},{"damage":1,"enemies":"Exordium Thugs","floor":8,"turns":6},{"damage":0,"enemies":"Large Slime","floor":14,"turns":9},{"damage":3,"enemies":"The Guardian","floor":16,"turns":8},{"damage":0,"enemies":"Chosen","floor":18,"turns":7},{"damage":1,"enemies":"2 Thieves","floor":19,"turns":4},{"damage":69,"enemies":"3 Cultists","floor":24,"turns":6}],"event_choices":[{"event_name":"Liars Game","player_choice":"agreed","floor":3,"damage_taken":0},{"event_name":"World of Goop","player_choice":"Gather Gold","floor":5,"damage_taken":0},{"event_name":"Living Wall","player_choice":"Grow","floor":11,"damage_taken":0},{"event_name":"Duplicator","player_choice":"One dupe","floor":21,"damage_taken":0},{"event_name":"Vampires","player_choice":"Became a vampire","floor":22,"damage_taken":0}],"boss_relics":[{"not_picked":["Eternal Feather","Question Card"],"picked":"Tiny House"}],"potions_floor_spawned":[1,8,14],"seed_played":"-4300252656884761387","killed_by":"3 Cultists","ascension_level":0,"is_trial":false}