{"gold_per_floor":[114,131,146,146,102,102,131,2,2,2,20,35,35,49,49,123,123,139,20,20,35,51,51,61,61,84,84,96,107,122,149,149,223,223,234,54,70,70,0,0,30,30],"floor_reached":42,"playtime":2734,"items_purged":["Prepared","Setup"],"score":1018,"play_id":"afe71290-a92d-43b4-8b73-5e9a4c82318c","local_time":"20190422234737","is_ascension_mode":true,"campfire_choices":[{"floor":6,"key":"REST"},{"floor":10,"key":"REST"},{"floor":15,"key":"REST"},{"data":"Cloak And Dagger","floor":23,"key":"SMITH"},{"data":"Cloak And Dagger","floor":25,"key":"SMITH"},{"data":"Endless Agony","floor":27,"key":"SMITH"},{"data":"Concentrate","floor":32,"key":"SMITH"},{"data":"Burst","floor":40,"key":"SMITH"}],"neow_cost":"NONE","seed_source_timestamp":3061241960717044,"circlet_count":0,"master_deck":["AscendersBane","Survivor","Neutralize","Blur","Burst+1","Endless Agony+1","Bane","Well Laid Plans","Concentrate+1","Leg Sweep","Sucker Punch","Flying Knee","Heel Hook","Masterful Stab","Predator","Backflip","Cloak And Dagger+1","Dagger Spray","Dash","Storm of Steel","Dodge and Roll","Cloak And Dagger+1","Finisher","Leg Sweep","Blade Dance+1","Dagger Throw","Endless Agony","Acrobatics"],"relics":["Pandora\u0027s Box","Calipers","Dead Branch","Coffee Dripper","Happy Flower","Lantern","Sozu","Red Mask","Gambling Chip"],"potions_floor_usage":[16,24,24,28,30,31],"damage_taken":[{"damage":19,"enemies":"Cultist","floor":1,"turns":6},{"damage":3,"enemies":"Small Slimes","floor":2,"turns":5},{"damage":9,"enemies":"Jaw Worm","floor":3,"turns":4},{"damage":30,"enemies":"3 Sentries","floor":7,"turns":13},{"damage":13,"enemies":"Blue Slaver","floor":11,"turns":3},{"damage":15,"enemies":"Gremlin Gang","floor":12,"turns":4},{"damage":0,"enemies":"Looter","floor":14,"turns":2},{"damage":12,"enemies":"Hexaghost","floor":16,"turns":13},{"damage":0,"enemies":"Chosen","floor":18,"turns":3},{"damage":3,"enemies":"Spheric Guardian","floor":21,"turns":5},{"damage":12,"enemies":"Shelled Parasite and Fungi","floor":22,"turns":8},{"damage":7,"enemies":"Snake Plant","floor":24,"turns":5},{"damage":6,"enemies":"Sentry and Sphere","floor":28,"turns":3},{"damage":24,"enemies":"Snecko","floor":29,"turns":6},{"damage":0,"enemies":"Cultist and Chosen","floor":30,"turns":3},{"damage":0,"enemies":"Slavers","floor":31,"turns":4},{"damage":0,"enemies":"Automaton","floor":33,"turns":11},{"damage":0,"enemies":"Orb Walker","floor":35,"turns":3},{"damage":13,"enemies":"3 Shapes","floor":37,"turns":6},{"damage":7,"enemies":"Giant Head","floor":41,"turns":4},{"damage":30,"enemies":"Transient","floor":42,"turns":5}],"seed_played":"-5732494623639934859","potions_obtained":[{"floor":3,"key":"LiquidBronze"},{"floor":11,"key":"SpeedPotion"},{"floor":21,"key":"PowerPotion"},{"floor":24,"key":"Explosive Potion"},{"floor":29,"key":"FearPotion"},{"floor":30,"key":"Energy Potion"}],"is_trial":false,"path_per_floor":["M","M","M","?","?","R","E","$","T","R","M","M","?","M","R","B",null,"M","$","?","M","M","R","M","R","T","R","M","M","M","E","R","B",null,"M","$","M","?","?","R","E","M"],"character_chosen":"THE_SILENT","items_purchased":["Backflip","Cloak And Dagger","Finisher","Endless Agony"],"campfire_rested":3,"item_purchase_floors":[8,19,19,36],"current_hp_per_floor":[40,37,28,28,28,47,17,17,17,36,23,8,8,8,27,15,53,53,53,53,50,38,38,31,31,31,31,25,1,1,1,1,1,50,50,50,37,37,37,37,30,0],"gold":30,"neow_bonus":"BOSS_RELIC","is_prod":false,"is_daily":false,"chose_seed":false,"campfire_upgraded":5,"win_rate":0,"timestamp":1555973257,"path_taken":["M","M","?","?","?","R","E","?","T","R","?","M","?","M","R","BOSS","M","$","?","M","M","R","M","R","T","R","M","M","M","E","R","BOSS","M","$","M","?","?","R","E","M"],"build_version":"2019-01-23","purchased_purges":2,"victory":false,"max_hp_per_floor":[66,66,66,66,66,66,66,66,66,66,66,66,66,66,66,66,66,66,66,66,66,66,66,66,66,66,66,66,66,66,66,66,66,66,66,66,66,66,66,66,66,66],"card_choices":[{"not_picked":["Dodge and Roll","Well Laid Plans"],"picked":"Sucker Punch","floor":1},{"not_picked":["Deflect","Well Laid Plans"],"picked":"Flying Knee","floor":2},{"not_picked":["Bane","Slice"],"picked":"Heel Hook","floor":3},{"not_picked":["Quick Slash","Outmaneuver"],"picked":"Predator","floor":7},{"not_picked":["Dagger Throw","Blade Dance"],"picked":"Cloak And Dagger","floor":11},{"not_picked":["Envenom","Accuracy"],"picked":"Dagger Spray","floor":12},{"not_picked":["PiercingWail","Backflip"],"picked":"Dash","floor":14},{"not_picked":["Grand Finale","Corpse Explosion"],"picked":"Storm of Steel","floor":16},{"not_picked":["Crippling Poison","Flechettes"],"picked":"Dodge and Roll","floor":18},{"not_picked":["Outmaneuver","Prepared"],"picked":"Leg Sweep","floor":21},{"not_picked":["Expertise+1","Poisoned Stab"],"picked":"Blade Dance+1","floor":22},{"not_picked":["Reflex","Slice","Dagger Spray"],"picked":"SKIP","floor":24},{"not_picked":["Expertise","Bane","Reflex+1"],"picked":"SKIP","floor":28},{"not_picked":["Outmaneuver","Predator"],"picked":"Dagger Throw","floor":29},{"not_picked":["Poisoned Stab+1","Flying Knee","Prepared"],"picked":"SKIP","floor":30},{"not_picked":["Catalyst","Corpse Explosion","Prepared"],"picked":"SKIP","floor":31},{"not_picked":["All Out Attack","Predator+1","Dagger Spray"],"picked":"SKIP","floor":35},{"not_picked":["Setup","Poisoned Stab"],"picked":"Acrobatics","floor":37},{"not_picked":["Deadly Poison","Distraction","Predator"],"picked":"SKIP","floor":41}],"player_experience":626697,"relics_obtained":[{"floor":7,"key":"Calipers"},{"floor":9,"key":"Dead Branch"},{"floor":26,"key":"Happy Flower"},{"floor":31,"key":"Lantern"},{"floor":41,"key":"Gambling Chip"}],"event_choices":[{"damage_healed":0,"gold_gain":0,"cards_transformed":["Storm of Steel"],"player_choice":"Change","damage_taken":0,"max_hp_gain":0,"max_hp_loss":0,"event_name":"Living Wall","floor":4,"gold_loss":0,"cards_obtained":["Masterful Stab"]},{"damage_healed":0,"gold_gain":0,"player_choice":"Left Gold","damage_taken":0,"max_hp_gain":0,"max_hp_loss":0,"event_name":"World of Goop","floor":5,"gold_loss":44},{"damage_healed":0,"gold_gain":0,"player_choice":"Ignored","damage_taken":0,"max_hp_gain":0,"max_hp_loss":0,"event_name":"Golden Idol","floor":13,"gold_loss":0},{"damage_healed":0,"gold_gain":0,"player_choice":"Ignored","damage_taken":0,"max_hp_gain":0,"max_hp_loss":0,"event_name":"Cursed Tome","floor":20,"gold_loss":0},{"damage_healed":0,"gold_gain":0,"player_choice":"Ignored","damage_taken":0,"max_hp_gain":0,"max_hp_loss":0,"event_name":"Mysterious Sphere","floor":38,"gold_loss":0},{"damage_healed":0,"gold_gain":0,"player_choice":"Paid","damage_taken":0,"relics_obtained":["Red Mask"],"max_hp_gain":0,"max_hp_loss":0,"event_name":"Tomb of Lord Red Mask","floor":39,"gold_loss":70}],"is_beta":false,"boss_relics":[{"not_picked":["Empty Cage","Calling Bell"],"picked":"Coffee Dripper"},{"not_picked":["Orrery","HoveringKite"],"picked":"Sozu"}],"items_purged_floors":[8,36],"is_endless":false,"potions_floor_spawned":[3,11,12,14,21,24,29,30],"killed_by":"Transient","ascension_level":17}