{"gold_per_floor":[113,188,208,28,38,63,63,75,75,75,26,51,51,61,61,163,163,175,175,175,189,6,36,36,56,80,80],"floor_reached":27,"playtime":1104,"items_purged":[],"score":426,"play_id":"24800501-bc32-43fb-967a-8ff02ce55179","local_time":"20190118154054","is_ascension_mode":true,"campfire_choices":[{"data":"Buffer","floor":7,"key":"SMITH"},{"data":"Sunder","floor":10,"key":"SMITH"},{"data":"Machine Learning","floor":15,"key":"SMITH"},{"data":"Mayhem","floor":24,"key":"SMITH"}],"neow_cost":"TEN_PERCENT_HP_LOSS","seed_source_timestamp":1107626508822280,"circlet_count":0,"master_deck":["AscendersBane","Strike_B","Strike_B","Defend_B","Defend_B","Defend_B","Zap","Dualcast","Buffer+1","Sunder+1","Leap","Master of Strategy","Reinforced Body","Glacier","Reinforced Body","Ball Lightning","Cold Snap","Rebound","Machine Learning+1","Seek","Doom and Gloom","Fusion","Auto Shields","Reinforced Body","Mayhem+1","Capacitor"],"relics":["Cracked Core","Mango","Bird Faced Urn","Peace Pipe","Cursed Key","Gremlin Horn","Omamori","Juzu Bracelet"],"potions_floor_usage":[23,23,27],"damage_taken":[{"damage":0,"enemies":"Cultist","floor":1,"turns":3},{"damage":7,"enemies":"Small Slimes","floor":3,"turns":3},{"damage":2,"enemies":"2 Louse","floor":5,"turns":2},{"damage":36,"enemies":"Gremlin Nob","floor":6,"turns":5},{"damage":1,"enemies":"Exordium Thugs","floor":8,"turns":7},{"damage":0,"enemies":"Lagavulin","floor":12,"turns":6},{"damage":0,"enemies":"Red Slaver","floor":14,"turns":5},{"damage":15,"enemies":"The Guardian","floor":16,"turns":16},{"damage":8,"enemies":"Spheric Guardian","floor":18,"turns":5},{"damage":0,"enemies":"Chosen","floor":21,"turns":5},{"damage":48,"enemies":"Book of Stabbing","floor":23,"turns":6},{"damage":8,"enemies":"Snake Plant","floor":25,"turns":6},{"damage":28,"enemies":"Slavers","floor":27,"turns":3}],"seed_played":"-8820240227804703292","potions_obtained":[{"floor":3,"key":"Ancient Potion"},{"floor":6,"key":"Dexterity Potion"},{"floor":16,"key":"Strength Potion"},{"floor":21,"key":"FocusPotion"},{"floor":25,"key":"SneckoOil"}],"is_trial":false,"path_per_floor":["M","?","M","$","M","E","R","M","T","R","$","E","?","M","R","B",null,"M","?","?","M","$","E","R","M","T","E"],"character_chosen":"DEFECT","items_purchased":["Master of Strategy","Ball Lightning","Mayhem"],"campfire_rested":0,"item_purchase_floors":[4,11,22],"current_hp_per_floor":[68,62,55,55,53,31,31,30,30,30,30,32,32,34,34,23,67,63,63,63,65,65,21,21,19,19,0],"gold":80,"neow_bonus":"THREE_RARE_CARDS","is_prod":false,"is_daily":false,"chose_seed":false,"campfire_upgraded":4,"win_rate":0,"timestamp":1547826054,"path_taken":["M","?","?","$","M","E","R","M","T","R","?","E","?","?","R","BOSS","M","?","?","?","?","E","R","M","T","E"],"build_version":"2019-01-10","purchased_purges":0,"victory":false,"max_hp_per_floor":[68,68,68,68,68,82,82,82,82,82,82,82,82,82,82,82,82,82,82,82,82,82,82,82,82,82,82],"card_choices":[{"not_picked":["Thunder Strike","Amplify"],"picked":"Buffer","floor":0},{"not_picked":["Leap","Streamline"],"picked":"Sunder","floor":1},{"not_picked":["Barrage","Turbo"],"picked":"Leap","floor":3},{"not_picked":["Go for the Eyes","Conserve Battery"],"picked":"Reinforced Body","floor":5},{"not_picked":["Steam","Melter"],"picked":"Glacier","floor":6},{"not_picked":["Static Discharge","Leap"],"picked":"Reinforced Body","floor":8},{"not_picked":["Sweeping Beam","Gash"],"picked":"Cold Snap","floor":12},{"not_picked":["Steam Power","Rebound"],"picked":"Machine Learning","floor":14},{"not_picked":["Hyperbeam","Thunder Strike"],"picked":"Seek","floor":16},{"not_picked":["Coolheaded","Skim+1"],"picked":"Doom and Gloom","floor":18},{"not_picked":["Fusion","Beam Cell+1"],"picked":"Reinforced Body","floor":21},{"not_picked":["Rebound","Consume","Streamline"],"picked":"SKIP","floor":23},{"not_picked":["Leap","Hologram"],"picked":"Capacitor","floor":25}],"player_experience":133593,"relics_obtained":[{"floor":6,"key":"Mango"},{"floor":9,"key":"Bird Faced Urn"},{"floor":12,"key":"Peace Pipe"},{"floor":23,"key":"Omamori"},{"floor":26,"key":"Juzu Bracelet"}],"event_choices":[{"damage_healed":0,"gold_gain":75,"player_choice":"Touch","damage_taken":6,"max_hp_gain":0,"max_hp_loss":0,"event_name":"FaceTrader","floor":2,"gold_loss":0},{"damage_healed":0,"gold_gain":0,"cards_transformed":["Strike_B"],"player_choice":"Transformed","damage_taken":0,"max_hp_gain":0,"max_hp_loss":0,"event_name":"Transmorgrifier","floor":13,"gold_loss":0,"cards_obtained":["Rebound"]},{"damage_healed":0,"gold_gain":0,"cards_transformed":["Strike_B","Defend_B"],"player_choice":"Became Test Subject","damage_taken":0,"max_hp_gain":0,"max_hp_loss":0,"event_name":"Drug Dealer","floor":19,"gold_loss":0,"cards_obtained":["Fusion","Auto Shields"]},{"damage_healed":0,"gold_gain":0,"player_choice":"Gave Potion","damage_taken":0,"relics_obtained":["Gremlin Horn"],"max_hp_gain":0,"max_hp_loss":0,"event_name":"WeMeetAgain","floor":20,"gold_loss":0}],"is_beta":false,"boss_relics":[{"not_picked":["Tiny House","Runic Pyramid"],"picked":"Cursed Key"}],"items_purged_floors":[],"is_endless":false,"potions_floor_spawned":[3,6,12,16,21,25],"killed_by":"Slavers","ascension_level":12}