{"gold_per_floor":[219,233,251,54,66,66,66,66,66,86,114,114,42,42,42,42],"floor_reached":16,"playtime":1746,"items_purged":[],"score":135,"play_id":"07013a76-31ed-4c26-a5e1-86405e1f0a29","local_time":"20190315051236","is_ascension_mode":true,"campfire_choices":[{"data":"Dash","floor":7,"key":"SMITH"},{"floor":12,"key":"REST"},{"data":"Footwork","floor":15,"key":"SMITH"}],"neow_cost":"NONE","seed_source_timestamp":65908367617775,"circlet_count":0,"master_deck":["Defend_G","Defend_G","Defend_G","Defend_G","Defend_G","Strike_G","Strike_G","Strike_G","Strike_G","Survivor","Neutralize+1","Dagger Spray","PiercingWail","Dash+1","Blur","Die Die Die+1","Footwork+1"],"relics":["Ring of the Snake","Tiny Chest","Sundial","Molten Egg 2"],"potions_floor_usage":[16,16],"damage_taken":[{"damage":0,"enemies":"Cultist","floor":1,"turns":3},{"damage":16,"enemies":"Jaw Worm","floor":2,"turns":6},{"damage":1,"enemies":"Small Slimes","floor":3,"turns":4},{"damage":2,"enemies":"2 Fungi Beasts","floor":5,"turns":4},{"damage":0,"enemies":"3 Louse","floor":10,"turns":3},{"damage":32,"enemies":"Gremlin Nob","floor":11,"turns":6},{"damage":28,"enemies":"Hexaghost","floor":16,"turns":18}],"seed_played":"3871008013911361609","potions_obtained":[{"floor":1,"key":"EssenceOfSteel"},{"floor":2,"key":"GhostInAJar"},{"floor":3,"key":"GhostInAJar"}],"is_trial":false,"path_per_floor":["M","M","M","$","M","?","R","$","T","M","E","R","$","?","R","B"],"character_chosen":"THE_SILENT","items_purchased":["Tiny Chest","Dash","Footwork"],"campfire_rested":1,"item_purchase_floors":[4,4,13],"current_hp_per_floor":[63,47,46,46,44,44,44,44,44,44,12,33,33,26,26,0],"gold":42,"neow_bonus":"HUNDRED_GOLD","is_prod":false,"is_daily":false,"chose_seed":false,"campfire_upgraded":2,"win_rate":0,"timestamp":1552644756,"path_taken":["M","M","?","$","M","?","R","?","T","M","E","R","$","?","R","BOSS"],"build_version":"2019-01-23","purchased_purges":0,"victory":false,"max_hp_per_floor":[70,70,70,70,70,70,70,70,70,70,70,70,70,70,70,70],"card_choices":[{"not_picked":["Expertise","Escape Plan","Riddle With Holes"],"picked":"SKIP","floor":1},{"not_picked":["Prepared","Backflip"],"picked":"Dagger Spray","floor":2},{"not_picked":["Deadly Poison","Slice"],"picked":"PiercingWail","floor":3},{"not_picked":["Blade Dance","Distraction","Reflex"],"picked":"SKIP","floor":5},{"not_picked":["Poisoned Stab","Dagger Spray"],"picked":"Blur","floor":10},{"not_picked":["Dodge and Roll","Sucker Punch"],"picked":"Die Die Die","floor":11}],"player_experience":570754,"relics_obtained":[{"floor":9,"key":"Sundial"},{"floor":11,"key":"Molten Egg 2"}],"event_choices":[{"damage_healed":0,"gold_gain":0,"player_choice":"Upgraded","damage_taken":0,"max_hp_gain":0,"max_hp_loss":0,"event_name":"Upgrade Shrine","floor":6,"gold_loss":0,"cards_upgraded":["Neutralize"]},{"cards_removed":["Strike_G"],"damage_healed":0,"gold_gain":0,"player_choice":"Card Removal","damage_taken":7,"max_hp_gain":0,"max_hp_loss":0,"event_name":"Golden Wing","floor":14,"gold_loss":0}],"is_beta":false,"boss_relics":[],"items_purged_floors":[],"is_endless":false,"potions_floor_spawned":[1,2,3],"killed_by":"Hexaghost","ascension_level":7}