{"gold_per_floor":[114,114,141,43,56,56,68,68,68,102,118,137,137,147,147,147],"floor_reached":16,"playtime":850,"items_purged":["Strike_R"],"score":133,"play_id":"01c5a4c2-0540-4378-895b-d763a7e4e6f1","local_time":"20190301145900","is_ascension_mode":true,"campfire_choices":[{"data":"True Grit","floor":6,"key":"SMITH"},{"data":"Bash","floor":8,"key":"SMITH"},{"data":"Pommel Strike","floor":13,"key":"SMITH"},{"data":"Armaments","floor":15,"key":"SMITH"}],"neow_cost":"NONE","seed_source_timestamp":173968680481842,"circlet_count":0,"master_deck":["Strike_R","Strike_R","Strike_R","Strike_R","Defend_R","Defend_R","Defend_R","Defend_R","Bash+1","True Grit+1","Twin Strike","Thunderclap","Shockwave","Pommel Strike+1","Armaments+1","Headbutt","Shrug It Off"],"relics":["Burning Blood","Oddly Smooth Stone","Pen Nib","Mummified Hand","Darkstone Periapt"],"potions_floor_usage":[0,11,16,16],"damage_taken":[{"damage":9,"enemies":"Jaw Worm","floor":1,"turns":4},{"damage":0,"enemies":"2 Louse","floor":5,"turns":4},{"damage":0,"enemies":"Small Slimes","floor":7,"turns":3},{"damage":24,"enemies":"Gremlin Nob","floor":10,"turns":4},{"damage":10,"enemies":"Exordium Wildlife","floor":11,"turns":4},{"damage":4,"enemies":"Exordium Thugs","floor":12,"turns":4},{"damage":0,"enemies":"3 Louse","floor":14,"turns":3},{"damage":79,"enemies":"Slime Boss","floor":16,"turns":11}],"seed_played":"6109045147983876871","potions_obtained":[{"floor":0,"key":"Regen Potion"},{"floor":0,"key":"Fruit Juice"},{"floor":0,"key":"BloodPotion"},{"floor":1,"key":"Explosive Potion"},{"floor":11,"key":"GamblersBrew"}],"is_trial":false,"path_per_floor":["M","?","T","$","M","R","M","R","T","E","M","M","R","M","R","B"],"character_chosen":"IRONCLAD","items_purchased":["Twin Strike"],"campfire_rested":0,"item_purchase_floors":[4],"current_hp_per_floor":[74,67,67,67,73,73,79,79,79,61,57,59,59,65,65,0],"gold":147,"neow_bonus":"THREE_SMALL_POTIONS","is_prod":false,"is_daily":false,"chose_seed":false,"campfire_upgraded":4,"win_rate":0,"timestamp":1551473940,"path_taken":["M","?","?","$","M","R","M","R","T","E","M","M","R","M","R","BOSS"],"build_version":"2019-01-23","purchased_purges":1,"victory":false,"max_hp_per_floor":[85,85,85,85,85,85,85,85,85,85,85,85,85,85,85,85],"card_choices":[{"not_picked":["Havoc","Wild Strike"],"picked":"True Grit","floor":1},{"not_picked":["Heavy Blade","Iron Wave"],"picked":"Thunderclap","floor":5},{"not_picked":["Heavy Blade","Iron Wave"],"picked":"Shockwave","floor":7},{"not_picked":["Entrench","Headbutt"],"picked":"Pommel Strike","floor":10},{"not_picked":["Anger","Iron Wave"],"picked":"Armaments","floor":11},{"not_picked":["Hemokinesis","Combust"],"picked":"Headbutt","floor":12},{"not_picked":["Sentinel","Clash"],"picked":"Shrug It Off","floor":14}],"player_experience":504017,"relics_obtained":[{"floor":3,"key":"Pen Nib"},{"floor":9,"key":"Mummified Hand"},{"floor":10,"key":"Darkstone Periapt"}],"event_choices":[{"damage_healed":0,"gold_gain":0,"player_choice":"Success","damage_taken":7,"relics_obtained":["Oddly Smooth Stone"],"max_hp_gain":0,"max_hp_loss":0,"event_name":"Scrap Ooze","floor":2,"gold_loss":0}],"is_beta":false,"boss_relics":[],"items_purged_floors":[4],"is_endless":false,"potions_floor_spawned":[1,7,11],"killed_by":"Slime Boss","ascension_level":6}