{"gold_per_floor":[112,62,73,2,18,18,33,33,86,103,118,149,168,185,185,185],"floor_reached":16,"playtime":291,"items_purged":[],"score":106,"play_id":"7a049d46-c753-4a86-bc31-fdb840e490b3","local_time":"20190427160527","is_ascension_mode":false,"campfire_choices":[{"data":"Rampage","floor":8,"key":"SMITH"},{"floor":15,"key":"REST"}],"neow_cost":"NONE","seed_source_timestamp":3467976759009077,"circlet_count":0,"master_deck":["Strike_R","Strike_R","Strike_R","Strike_R","Defend_R","Defend_R","Defend_R","Defend_R","Bash","Anger","Rampage+1","Cleave"],"relics":["Burning Blood","NeowsBlessing","Happy Flower","Ancient Tea Set"],"potions_floor_usage":[12,12],"damage_taken":[{"damage":0,"enemies":"Jaw Worm","floor":1,"turns":1},{"damage":0,"enemies":"Small Slimes","floor":3,"turns":1},{"damage":0,"enemies":"2 Louse","floor":5,"turns":1},{"damage":19,"enemies":"Blue Slaver","floor":7,"turns":3},{"damage":13,"enemies":"Lots of Slimes","floor":10,"turns":4},{"damage":12,"enemies":"3 Louse","floor":11,"turns":3},{"damage":13,"enemies":"Lagavulin","floor":12,"turns":4},{"damage":11,"enemies":"Exordium Wildlife","floor":13,"turns":3},{"damage":24,"enemies":"Exordium Thugs","floor":14,"turns":3},{"damage":51,"enemies":"Hexaghost","floor":16,"turns":8}],"seed_played":"-4712966846527933142","potions_obtained":[{"floor":3,"key":"Fire Potion"},{"floor":7,"key":"EssenceOfSteel"},{"floor":11,"key":"Fire Potion"}],"is_trial":false,"path_per_floor":["M","?","M","$","M","$","M","R","T","M","M","E","M","M","R","B"],"character_chosen":"IRONCLAD","items_purchased":["Rampage"],"campfire_rested":1,"item_purchase_floors":[4],"current_hp_per_floor":[80,80,80,80,80,80,67,67,67,60,54,47,42,24,48,0],"gold":185,"neow_bonus":"THREE_ENEMY_KILL","is_prod":false,"is_daily":false,"chose_seed":false,"campfire_upgraded":1,"win_rate":0,"timestamp":1556377527,"path_taken":["M","?","M","$","M","$","M","R","T","M","M","E","M","M","R","BOSS"],"build_version":"2019-01-23","purchased_purges":0,"victory":false,"max_hp_per_floor":[80,80,80,80,80,80,80,80,80,80,80,80,80,80,80,80],"card_choices":[{"not_picked":["Clash","Power Through","Havoc"],"picked":"SKIP","floor":1},{"not_picked":["Havoc","Burning Pact"],"picked":"Anger","floor":3},{"not_picked":["Twin Strike","Sword Boomerang","Headbutt"],"picked":"SKIP","floor":5},{"not_picked":["Bloodletting","Flex","Havoc"],"picked":"SKIP","floor":7},{"not_picked":["Flex","Body Slam","Impervious"],"picked":"SKIP","floor":10},{"not_picked":["Thunderclap","Pummel"],"picked":"Cleave","floor":11},{"not_picked":["Clash","Sentinel","Armaments"],"picked":"SKIP","floor":12},{"not_picked":["Iron Wave","Body Slam","Pummel"],"picked":"SKIP","floor":13},{"not_picked":["Body Slam","Metallicize","Perfected Strike"],"picked":"SKIP","floor":14}],"player_experience":705821,"relics_obtained":[{"floor":9,"key":"Happy Flower"},{"floor":12,"key":"Ancient Tea Set"}],"event_choices":[{"cards_removed":["Strike_R"],"damage_healed":0,"gold_gain":0,"player_choice":"Card Removal","damage_taken":0,"max_hp_gain":0,"max_hp_loss":0,"event_name":"The Cleric","floor":2,"gold_loss":50}],"is_beta":false,"boss_relics":[],"items_purged_floors":[],"is_endless":false,"potions_floor_spawned":[3,7,11],"killed_by":"Hexaghost","ascension_level":0}