{"gold_per_floor":[115,115,133,1,19,46,46,60,60,60,60,60,91,91,91,166,166,182,202,202,41,60,60,60],"floor_reached":24,"playtime":703,"items_purged":["Strike_R"],"score":413,"play_id":"9db107dd-36d5-462b-880f-4a4fb8678d47","local_time":"20190426143407","is_ascension_mode":true,"campfire_choices":[{"floor":7,"key":"REST"},{"data":"Bash","floor":15,"key":"SMITH"},{"data":"Heavy Blade","floor":23,"key":"SMITH"}],"neow_cost":"NONE","seed_source_timestamp":3375680245664847,"circlet_count":0,"master_deck":["AscendersBane","Defend_R","Defend_R","Defend_R","Defend_R","Bash+1","Cleave","Cleave+1","Shrug It Off","Battle Trance","Berserk","Shrug It Off+1","Bite","Bite","Bite","Bite","Bite","Heavy Blade+1"],"relics":["Burning Blood","NeowsBlessing","Self Forming Clay","Singing Bowl","Question Card","Red Skull","Philosopher\u0027s Stone","Juzu Bracelet"],"potions_floor_usage":[22,22,24],"damage_taken":[{"damage":0,"enemies":"2 Louse","floor":1,"turns":1},{"damage":0,"enemies":"Small Slimes","floor":3,"turns":1},{"damage":0,"enemies":"Jaw Worm","floor":5,"turns":1},{"damage":46,"enemies":"Gremlin Nob","floor":6,"turns":5},{"damage":0,"enemies":"2 Fungi Beasts","floor":8,"turns":3},{"damage":14,"enemies":"3 Sentries","floor":13,"turns":6},{"damage":55,"enemies":"The Guardian","floor":16,"turns":10},{"damage":33,"enemies":"2 Thieves","floor":18,"turns":3},{"damage":25,"enemies":"Shell Parasite","floor":19,"turns":4},{"damage":10,"enemies":"Sentry and Sphere","floor":22,"turns":3},{"damage":43,"enemies":"Book of Stabbing","floor":24,"turns":4}],"seed_played":"4613104825842716393","potions_obtained":[{"floor":6,"key":"Energy Potion"},{"floor":8,"key":"Swift Potion"},{"floor":13,"key":"SteroidPotion"},{"floor":18,"key":"PowerPotion"},{"floor":22,"key":"LiquidBronze"}],"is_trial":false,"path_per_floor":["M","?","M","$","M","E","R","M","T","?","?","?","E","$","R","B",null,"M","M","?","$","M","R","E"],"character_chosen":"IRONCLAD","items_purchased":["Shrug It Off","Juzu Bracelet"],"campfire_rested":1,"item_purchase_floors":[4,21],"current_hp_per_floor":[74,56,62,62,68,30,53,61,61,61,61,66,58,58,58,9,65,38,21,21,21,29,29,0],"gold":60,"neow_bonus":"THREE_ENEMY_KILL","is_prod":false,"is_daily":false,"chose_seed":false,"campfire_upgraded":2,"win_rate":0,"timestamp":1556285647,"path_taken":["M","?","M","$","M","E","R","M","T","?","?","?","E","?","R","BOSS","M","M","?","$","M","R","E"],"build_version":"2019-01-23","purchased_purges":1,"victory":false,"max_hp_per_floor":[75,75,75,75,75,77,77,79,79,79,79,84,84,84,84,84,84,84,86,60,60,60,60,60],"card_choices":[{"not_picked":["Havoc","Clothesline"],"picked":"Cleave","floor":1},{"not_picked":["Pommel Strike","Havoc"],"picked":"Cleave","floor":3},{"not_picked":["Juggernaut","Wild Strike","Clothesline"],"picked":"SKIP","floor":5},{"not_picked":["Burning Pact","Clothesline","Rampage"],"picked":"Singing Bowl","floor":6},{"not_picked":["Pummel","Clash","Clothesline"],"picked":"Singing Bowl","floor":8},{"not_picked":["Pommel Strike","Second Wind","Thunderclap"],"picked":"Battle Trance","floor":13},{"not_picked":["Barricade","Dark Embrace","Limit Break"],"picked":"Berserk","floor":16},{"not_picked":["Second Wind","Flex","Pommel Strike"],"picked":"Shrug It Off+1","floor":18},{"not_picked":["Fire Breathing","Pommel Strike","Havoc","Cleave"],"picked":"Singing Bowl","floor":19},{"not_picked":["Havoc","Battle Trance","Flex"],"picked":"Heavy Blade","floor":22}],"player_experience":659045,"relics_obtained":[{"floor":6,"key":"Singing Bowl"},{"floor":9,"key":"Question Card"},{"floor":13,"key":"Red Skull"}],"event_choices":[{"damage_healed":0,"gold_gain":0,"player_choice":"Success","damage_taken":18,"relics_obtained":["Self Forming Clay"],"max_hp_gain":0,"max_hp_loss":0,"event_name":"Scrap Ooze","floor":2,"gold_loss":0},{"damage_healed":0,"gold_gain":0,"player_choice":"Leave","damage_taken":0,"max_hp_gain":0,"max_hp_loss":0,"event_name":"The Cleric","floor":10,"gold_loss":0},{"damage_healed":0,"gold_gain":0,"player_choice":"Grow","damage_taken":0,"max_hp_gain":0,"max_hp_loss":0,"event_name":"Living Wall","floor":11,"gold_loss":0,"cards_upgraded":["Cleave"]},{"damage_healed":0,"gold_gain":0,"player_choice":"Donut","damage_taken":0,"max_hp_gain":5,"max_hp_loss":0,"event_name":"Big Fish","floor":12,"gold_loss":0},{"damage_healed":0,"gold_gain":0,"player_choice":"Became a vampire","damage_taken":0,"max_hp_gain":0,"max_hp_loss":26,"event_name":"Vampires","floor":20,"gold_loss":0,"cards_obtained":["Bite","Bite","Bite","Bite","Bite"]}],"is_beta":false,"boss_relics":[{"not_picked":["Eternal Feather","Fusion Hammer"],"picked":"Philosopher\u0027s Stone"}],"items_purged_floors":[4],"is_endless":false,"potions_floor_spawned":[6,8,13,16,18,22],"killed_by":"Book of Stabbing","ascension_level":18}