{"gold_per_floor":[119,194,209,209,15,41,41,73,73,73,85,85,44,57,57,128,128,148,148,247,257,257,257,257,40,66,98,113,130,150,29,29,106,106,117,117,117,136,151,151,165,181,181,181,193,18,18,18,18,18],"floor_reached":51,"playtime":3731,"items_purged":["Parasite","Decay"],"score":1139,"play_id":"67eed1be-6f06-474b-90a9-a43c910c73c5","local_time":"20190118231844","is_ascension_mode":true,"campfire_choices":[{"floor":7.0,"key":"REST"},{"data":"Dodge and Roll","floor":15.0,"key":"SMITH"},{"data":"Cloak And Dagger","floor":23,"key":"SMITH"},{"floor":32,"key":"REST"},{"floor":40,"key":"REST"},{"data":"Madness","floor":44,"key":"SMITH"},{"floor":49,"key":"REST"}],"neow_cost":"NONE","seed_source_timestamp":2091790007471200,"circlet_count":0,"master_deck":["AscendersBane","Defend_G+1","Defend_G+1","Defend_G+1","Defend_G+1","Defend_G+1","Strike_G+1","Strike_G+1","Strike_G+1","Strike_G+1","Strike_G+1","Survivor+1","Neutralize+1","Sucker Punch+1","Deflect+1","Dodge and Roll+1","Heel Hook+1","Dash+1","Sucker Punch+1","Predator+1","Escape Plan+1","Quick Slash+1","Footwork+1","Glass Knife+1","PiercingWail+1","Cloak And Dagger+1","Deflect+1","Dagger Spray+1","Sucker Punch+1","Skewer+1","Flying Knee+1","Backflip+1","Night Terror+1","Madness+1","Madness+1","Dodge and Roll+1","Parasite","Cloak And Dagger+1","Dagger Throw+1"],"special_seed":0,"relics":["Orrery","Bag of Preparation","Thread and Needle","Bottled Lightning","Calipers","Molten Egg 2","Cursed Key","Nilry\u0027s Codex","Lantern","Anchor","Whetstone","Busted Crown","Sundial","Mark of the Bloom"],"potions_floor_usage":[33,42],"damage_taken":[{"damage":1.0,"enemies":"Small Slimes","floor":1.0,"turns":7.0},{"damage":0.0,"enemies":"2 Louse","floor":3.0,"turns":3.0},{"damage":33.0,"enemies":"Gremlin Nob","floor":6.0,"turns":6.0},{"damage":18.0,"enemies":"3 Sentries","floor":8.0,"turns":10.0},{"damage":0.0,"enemies":"Jaw Worm","floor":11.0,"turns":4.0},{"damage":0.0,"enemies":"3 Louse","floor":14.0,"turns":4.0},{"damage":31.0,"enemies":"The Guardian","floor":16.0,"turns":22.0},{"damage":0,"enemies":"Spheric Guardian","floor":18,"turns":4},{"damage":0,"enemies":"Shell Parasite","floor":21,"turns":7},{"damage":1,"enemies":"Colosseum Slavers","floor":22,"turns":7},{"damage":8,"enemies":"Slavers","floor":27,"turns":8},{"damage":0,"enemies":"Snake Plant","floor":28,"turns":6},{"damage":0,"enemies":"Centurion and Healer","floor":29,"turns":7},{"damage":0,"enemies":"Shelled Parasite and Fungi","floor":30,"turns":5},{"damage":49,"enemies":"Automaton","floor":33,"turns":22},{"damage":1,"enemies":"3 Darklings","floor":35,"turns":6},{"damage":0,"enemies":"Orb Walker","floor":38,"turns":4},{"damage":0,"enemies":"Writhing Mass","floor":39,"turns":14},{"damage":0,"enemies":"4 Shapes","floor":41,"turns":5},{"damage":8,"enemies":"Maw","floor":42,"turns":14},{"damage":14,"enemies":"Sphere and 2 Shapes","floor":45,"turns":6},{"damage":0,"enemies":"Awakened One","floor":50,"turns":40}],"seed_played":"-5228654862452604569","potions_obtained":[{"floor":3.0,"key":"GhostInAJar"},{"floor":6.0,"key":"Energy Potion"},{"floor":14.0,"key":"PowerPotion"},{"floor":18,"key":"Weak Potion"},{"floor":33,"key":"SpeedPotion"},{"floor":42,"key":"Block Potion"}],"is_trial":false,"path_per_floor":["M","?","M","?","$","E","R","E","T","?","M","T","$","M","R","B",null,"M","?","?","M","?","R","$","$","T","E","M","M","M","$","R","B",null,"M","?","?","M","M","R","M","M","T","R","M","$","?","?","R","B",null],"character_chosen":"THE_SILENT","items_purchased":["Bag of Preparation","Sucker Punch","Footwork","Lantern","Deflect","Dagger Spray+1","Backflip","GhostInAJar"],"campfire_rested":4,"item_purchase_floors":[5,5,13,25,25,25,31,46],"current_hp_per_floor":[62,51,51,51,51,18,39,21,21,44,44,44,44,44,44,13,56,56,40,40,40,39,39,39,39,39,31,31,31,31,31,51,2,51,50,42,42,42,42,62,62,54,54,54,40,40,40,40,40,40],"gold":18,"neow_bonus":"BOSS_RELIC","is_prod":false,"is_daily":false,"chose_seed":false,"campfire_upgraded":3,"win_rate":0,"timestamp":1547853524,"path_taken":["M","?","M","?","$","E","R","E","T","?","M","?","?","M","R","BOSS","M","?","?","M","?","R","?","$","T","E","M","M","M","$","R","BOSS","M","?","?","M","M","R","M","M","T","R","M","$","?","?","R","BOSS"],"build_version":"2019-01-17v2","purchased_purges":2,"victory":true,"max_hp_per_floor":[70,70,70,70,70,70,70,70,70,70,70,70,70,70,70,70,70,70,70,70,70,70,70,70,70,70,70,70,70,70,67,67,67,67,67,67,67,67,67,67,67,67,67,67,67,67,67,67,67,67],"card_choices":[{"not_picked":["Dagger Throw","Dagger Spray"],"picked":"Sucker Punch","floor":0.0},{"not_picked":["Calculated Gamble","Caltrops"],"picked":"Deflect","floor":0.0},{"not_picked":["Infinite Blades","Bouncing Flask"],"picked":"Dodge and Roll","floor":0.0},{"not_picked":["Acrobatics","Expertise"],"picked":"Heel Hook","floor":1.0},{"not_picked":["Slice","Reflex"],"picked":"Dash","floor":3.0},{"not_picked":["Reflex","Setup"],"picked":"Predator","floor":6.0},{"not_picked":["Dodge and Roll","Concentrate"],"picked":"Escape Plan","floor":8.0},{"not_picked":["Crippling Poison","Blade Dance"],"picked":"Quick Slash","floor":11.0},{"not_picked":["Infinite Blades","Bane+1","All Out Attack+1"],"picked":"SKIP","floor":14.0},{"not_picked":["Night Terror","Die Die Die+1"],"picked":"Glass Knife+1","floor":16.0},{"not_picked":["Tactician","Outmaneuver+1"],"picked":"PiercingWail+1","floor":18},{"not_picked":["Acrobatics","Dagger Throw+1"],"picked":"Cloak And Dagger","floor":21},{"not_picked":["Deflect","Tactician+1"],"picked":"Sucker Punch+1","floor":27},{"not_picked":["Glass Knife+1","PiercingWail"],"picked":"Skewer+1","floor":28},{"not_picked":["Blade Dance","Calculated Gamble"],"picked":"Flying Knee+1","floor":29},{"not_picked":["Blade Dance","Catalyst","Bouncing Flask"],"picked":"SKIP","floor":30},{"not_picked":["Storm of Steel","After Image"],"picked":"Night Terror","floor":33},{"not_picked":["Deflect"],"picked":"SKIP","floor":35},{"not_picked":[],"picked":"Dodge and Roll","floor":38},{"not_picked":["Outmaneuver"],"picked":"SKIP","floor":39},{"not_picked":["Flying Knee+1"],"picked":"SKIP","floor":41},{"not_picked":[],"picked":"Cloak And Dagger+1","floor":42},{"not_picked":[],"picked":"Dagger Throw+1","floor":45}],"player_experience":422337,"relics_obtained":[{"floor":6.0,"key":"Thread and Needle"},{"floor":8.0,"key":"Bottled Lightning"},{"floor":9.0,"key":"Calipers"},{"floor":12.0,"key":"Molten Egg 2"},{"floor":19,"key":"Nilry\u0027s Codex"},{"floor":26,"key":"Anchor"},{"floor":27,"key":"Whetstone"},{"floor":43,"key":"Sundial"}],"event_choices":[{"damage_healed":0.0,"max_hp_gain":0.0,"max_hp_loss":0.0,"gold_gain":75.0,"event_name":"World of Goop","player_choice":"Gather Gold","floor":2.0,"gold_loss":0.0,"damage_taken":11.0},{"damage_healed":0.0,"max_hp_gain":0.0,"max_hp_loss":0.0,"gold_gain":0.0,"event_name":"Living Wall","player_choice":"Grow","floor":4.0,"gold_loss":0.0,"damage_taken":0.0,"cards_upgraded":["Sucker Punch"]},{"damage_healed":23.0,"max_hp_gain":0.0,"max_hp_loss":0.0,"gold_gain":0.0,"event_name":"Big Fish","player_choice":"Banana","floor":10.0,"gold_loss":0.0,"damage_taken":0.0},{"damage_healed":0,"gold_gain":0,"player_choice":"Obtained Book","damage_taken":16,"max_hp_gain":0,"max_hp_loss":0,"event_name":"Cursed Tome","floor":19,"gold_loss":0},{"damage_healed":0,"gold_gain":99,"player_choice":"Stole From Cult","damage_taken":0,"max_hp_gain":0,"max_hp_loss":0,"event_name":"Nest","floor":20,"gold_loss":0},{"damage_healed":0,"gold_gain":0,"player_choice":"Fight","damage_taken":0,"max_hp_gain":0,"max_hp_loss":0,"event_name":"Colosseum","floor":22,"gold_loss":0},{"damage_healed":0,"gold_gain":0,"player_choice":"Fled From Nobs","damage_taken":0,"max_hp_gain":0,"max_hp_loss":0,"event_name":"Colosseum","floor":22,"gold_loss":0},{"damage_healed":0,"gold_gain":0,"player_choice":"Embrace Madness","damage_taken":8,"max_hp_gain":0,"max_hp_loss":0,"event_name":"Winding Halls","floor":36,"gold_loss":0,"cards_obtained":["Madness","Madness"]},{"damage_healed":0,"gold_gain":0,"player_choice":"Ignored","damage_taken":0,"max_hp_gain":0,"max_hp_loss":0,"event_name":"Tomb of Lord Red Mask","floor":37,"gold_loss":0},{"damage_healed":0,"gold_gain":0,"player_choice":"Upgrade","damage_taken":0,"relics_obtained":["Mark of the Bloom"],"max_hp_gain":0,"max_hp_loss":0,"event_name":"MindBloom","floor":47,"gold_loss":0,"cards_upgraded":["Defend_G","Defend_G","Defend_G","Defend_G","Defend_G","Strike_G","Strike_G","Strike_G","Strike_G","Survivor","Neutralize","Deflect","Heel Hook","Sucker Punch","Predator","Escape Plan","Quick Slash","Footwork","Deflect","Backflip","Night Terror","Madness","Dodge and Roll"]},{"damage_healed":0,"gold_gain":0,"player_choice":"0 cards matched","damage_taken":0,"max_hp_gain":0,"max_hp_loss":0,"event_name":"Match and Keep!","floor":48,"gold_loss":0,"cards_obtained":[]}],"is_beta":false,"boss_relics":[{"not_picked":["Coffee Dripper","Eternal Feather"],"picked":"Cursed Key"},{"not_picked":["WristBlade","Astrolabe"],"picked":"Busted Crown"}],"items_purged_floors":[31,46],"is_endless":false,"potions_floor_spawned":[3,6,11,14,18,21,28,33,41,42,45],"ascension_level":13}