{"gold_per_floor":[143,143,15,290,302,302,117,117,117,151,151,151,151,170,170,249,249,263,1,1,83,57,57,75,75,75,75,94,94,94,10,10,86,86,99,99,111,137,155,186,186,234,234,234,246,264,280,102,102,102],"floor_reached":51,"playtime":2520,"items_purged":["Pain","Regret","Shame"],"score":1432,"play_id":"7e519378-df61-4a8e-9396-d7d83437bc23","local_time":"20190426202657","is_ascension_mode":true,"campfire_choices":[{"data":"Neutralize","floor":6,"key":"SMITH"},{"data":"Footwork","floor":8,"key":"SMITH"},{"data":"Strike_G","floor":11,"key":"PURGE"},{"data":"Well Laid Plans","floor":15,"key":"SMITH"},{"data":"After Image","floor":23,"key":"SMITH"},{"data":"Tactician","floor":27,"key":"SMITH"},{"data":"Noxious Fumes","floor":32,"key":"SMITH"},{"data":"Parasite","floor":41,"key":"PURGE"},{"data":"Shame","floor":44,"key":"PURGE"},{"floor":49,"key":"REST"}],"neow_cost":"NONE","seed_source_timestamp":2930395259827036,"circlet_count":0,"master_deck":["AscendersBane","Defend_G","Defend_G","Defend_G","Defend_G","Defend_G","Strike_G+1","Strike_G+1","Survivor","Neutralize+1","Bouncing Flask","Leg Sweep","Footwork+1","Predator+1","Well Laid Plans+1","Bullet Time","Leg Sweep","Footwork+1","Cloak And Dagger","After Image+1","Predator+1","Dodge and Roll","Tactician+1","Sucker Punch+1","Noxious Fumes+1","Leg Sweep","Deflect","Cloak And Dagger+1","PiercingWail"],"relics":["Ring of the Snake","Tiny Chest","WarpedTongs","Peace Pipe","Molten Egg 2","Meat on the Bone","Kunai","WristBlade","DollysMirror","Paper Crane","Bag of Marbles","Nilry\u0027s Codex","Cursed Key","Boot","Bottled Lightning","Oddly Smooth Stone","Whetstone"],"potions_floor_usage":[22,28,45,50,50],"damage_taken":[{"damage":2,"enemies":"2 Louse","floor":1,"turns":6},{"damage":8,"enemies":"Cultist","floor":5,"turns":3},{"damage":6,"enemies":"Lagavulin","floor":10,"turns":7},{"damage":0,"enemies":"Small Slimes","floor":14,"turns":3},{"damage":5,"enemies":"The Guardian","floor":16,"turns":10},{"damage":4,"enemies":"Chosen","floor":18,"turns":5},{"damage":11,"enemies":"2 Thieves","floor":22,"turns":4},{"damage":5,"enemies":"Snake Plant","floor":24,"turns":7},{"damage":0,"enemies":"Chosen and Byrds","floor":28,"turns":10},{"damage":8,"enemies":"Champ","floor":33,"turns":20},{"damage":0,"enemies":"3 Shapes","floor":35,"turns":8},{"damage":0,"enemies":"3 Darklings","floor":37,"turns":6},{"damage":3,"enemies":"Maw","floor":39,"turns":8},{"damage":33,"enemies":"Nemesis","floor":40,"turns":11},{"damage":0,"enemies":"Jaw Worm Horde","floor":45,"turns":5},{"damage":12,"enemies":"3 Darklings","floor":46,"turns":7},{"damage":3,"enemies":"4 Shapes","floor":47,"turns":8},{"damage":0,"enemies":"Donu and Deca","floor":50,"turns":12}],"seed_played":"3235883127855609117","potions_obtained":[{"floor":1,"key":"GamblersBrew"},{"floor":22,"key":"Swift Potion"},{"floor":24,"key":"LiquidBronze"},{"floor":37,"key":"GhostInAJar"},{"floor":45,"key":"LiquidBronze"}],"is_trial":false,"path_per_floor":["M","?","$","?","M","R","$","R","T","E","R","?","T","M","R","B",null,"M","$","?","T","M","R","M","$","T","R","M","?","?","$","R","B",null,"M","?","M","T","M","E","R","T","T","R","M","M","M","$","R","B",null],"character_chosen":"THE_SILENT","items_purchased":["Fire Potion","Footwork","DollysMirror","Cloak And Dagger","Noxious Fumes","Dexterity Potion"],"campfire_rested":1,"item_purchase_floors":[3,7,19,19,31,48],"current_hp_per_floor":[57,57,57,57,49,49,49,49,49,43,43,25,25,37,37,44,61,57,57,57,57,46,46,41,41,41,41,41,20,33,33,33,37,59,59,59,59,59,56,35,35,35,35,35,35,35,32,32,50,50],"gold":102,"neow_bonus":"RANDOM_COMMON_RELIC","is_prod":false,"is_daily":false,"chose_seed":false,"campfire_upgraded":6,"win_rate":0,"timestamp":1556306817,"path_taken":["M","?","?","?","?","R","?","R","T","E","R","?","?","M","R","BOSS","M","$","?","?","M","R","M","?","T","R","M","?","?","$","R","BOSS","M","?","M","?","M","E","R","?","T","R","M","?","M","?","R","BOSS"],"build_version":"2019-01-23","purchased_purges":3,"victory":true,"max_hp_per_floor":[66,66,66,66,66,66,66,66,66,66,66,66,66,66,66,66,66,66,66,66,66,66,66,66,66,66,66,66,66,66,66,66,66,66,66,66,66,66,66,66,63,63,63,63,63,63,63,63,63,63],"card_choices":[{"not_picked":["Dagger Throw","Escape Plan"],"picked":"Bouncing Flask","floor":1},{"not_picked":["Distraction","Eviscerate"],"picked":"Leg Sweep","floor":5},{"not_picked":["Blade Dance","A Thousand Cuts"],"picked":"Predator","floor":10},{"not_picked":["Quick Slash+1","Outmaneuver"],"picked":"Well Laid Plans","floor":14},{"not_picked":["Glass Knife+1","Unload+1"],"picked":"Bullet Time","floor":16},{"not_picked":["Riddle With Holes+1","Choke+1"],"picked":"Leg Sweep","floor":18},{"not_picked":["Outmaneuver","Finisher+1"],"picked":"Dodge and Roll","floor":22},{"not_picked":["Slice+1","Dagger Spray+1"],"picked":"Tactician","floor":24},{"not_picked":["Flying Knee+1","Poisoned Stab+1"],"picked":"Sucker Punch+1","floor":28},{"not_picked":["Dagger Spray+1","Dagger Throw+1","Deadly Poison"],"picked":"SKIP","floor":35},{"not_picked":["Bane+1","Blade Dance","Eviscerate+1"],"picked":"SKIP","floor":37},{"not_picked":["Outmaneuver","Blade Dance"],"picked":"Leg Sweep","floor":39},{"not_picked":["Catalyst+1","Sucker Punch+1"],"picked":"Deflect","floor":40},{"not_picked":["Catalyst","Sucker Punch+1"],"picked":"Cloak And Dagger+1","floor":45},{"not_picked":["Outmaneuver","Prepared","Slice+1"],"picked":"SKIP","floor":46},{"not_picked":["Dodge and Roll","Underhanded Strike+1"],"picked":"PiercingWail","floor":47}],"player_experience":222280,"relics_obtained":[{"floor":9,"key":"Peace Pipe"},{"floor":10,"key":"Molten Egg 2"},{"floor":13,"key":"Kunai"},{"floor":21,"key":"Paper Crane"},{"floor":26,"key":"Bag of Marbles"},{"floor":29,"key":"Nilry\u0027s Codex"},{"floor":38,"key":"Boot"},{"floor":40,"key":"Bottled Lightning"},{"floor":42,"key":"Oddly Smooth Stone"},{"floor":43,"key":"Whetstone"}],"event_choices":[{"damage_healed":0,"gold_gain":0,"player_choice":"Rummage","damage_taken":0,"relics_obtained":["WarpedTongs"],"max_hp_gain":0,"max_hp_loss":0,"event_name":"Accursed Blacksmith","floor":2,"gold_loss":0,"cards_obtained":["Pain"]},{"damage_healed":0,"gold_gain":275,"player_choice":"Desecrate","damage_taken":0,"max_hp_gain":0,"max_hp_loss":0,"event_name":"Golden Shrine","floor":4,"gold_loss":0,"cards_obtained":["Regret"]},{"damage_healed":0,"gold_gain":0,"player_choice":"Success","damage_taken":18,"relics_obtained":["Meat on the Bone"],"max_hp_gain":0,"max_hp_loss":0,"event_name":"Scrap Ooze","floor":12,"gold_loss":0},{"damage_healed":0,"gold_gain":0,"cards_transformed":["Strike_G","Strike_G"],"player_choice":"Became Test Subject","damage_taken":0,"max_hp_gain":0,"max_hp_loss":0,"event_name":"Drug Dealer","floor":20,"gold_loss":0,"cards_obtained":["After Image","Predator"]},{"damage_healed":0,"gold_gain":0,"player_choice":"Obtained Book","damage_taken":21,"max_hp_gain":0,"max_hp_loss":0,"event_name":"Cursed Tome","floor":29,"gold_loss":0},{"damage_healed":13,"gold_gain":0,"player_choice":"Heal","damage_taken":0,"max_hp_gain":0,"max_hp_loss":0,"event_name":"The Library","floor":30,"gold_loss":0},{"damage_healed":0,"gold_gain":0,"player_choice":"Ignored","damage_taken":0,"max_hp_gain":0,"max_hp_loss":0,"event_name":"Mysterious Sphere","floor":36,"gold_loss":0}],"is_beta":false,"boss_relics":[{"not_picked":["Eternal Feather","Calling Bell"],"picked":"WristBlade"},{"not_picked":["White Beast Statue","Coffee Dripper"],"picked":"Cursed Key"}],"items_purged_floors":[3,7,48],"is_endless":false,"potions_floor_spawned":[1,10,16,22,24,37,39,45],"ascension_level":19}