{"gold_per_floor":[109,109,284,297,297,297,333,333,387,400,425,472,472,547,547,675,675,694,619,632,651,651,651,664,664,714,714],"floor_reached":27,"playtime":1143,"items_purged":["Defend_B"],"score":264,"play_id":"1a383f97-d5e5-4f9d-abac-6433e13db561","local_time":"20180701152144","is_ascension_mode":true,"campfire_choices":[{"data":"Reinforced Body","floor":6,"key":"SMITH"},{"data":"Go for the Eyes","floor":8,"key":"SMITH"},{"floor":15,"key":"REST"},{"floor":23,"key":"REST"}],"neow_cost":"NONE","seed_source_timestamp":350355812863385,"circlet_count":0,"master_deck":["Strike_B","Strike_B","Strike_B","Strike_B","Defend_B","Defend_B","Defend_B","Zap","Dualcast","Go for the Eyes+1","Reinforced Body+1","Seek","Darkness","Beam Cell","All For One","Double Energy","Beam Cell","Rebound+1"],"relics":["Cracked Core","Orichalcum","Bloody Idol","Bottled Flame","Omamori","Juzu Bracelet","Philosopher\u0027s Stone","Nilry\u0027s Codex","Bag of Preparation"],"potions_floor_usage":[7,16,21,27,27],"damage_taken":[{"damage":1,"enemies":"2 Louse","floor":1,"turns":2},{"damage":0,"enemies":"Cultist","floor":4,"turns":3},{"damage":24,"enemies":"3 Sentries","floor":7,"turns":7},{"damage":0,"enemies":"Small Slimes","floor":10,"turns":3},{"damage":0,"enemies":"Blue Slaver","floor":11,"turns":4},{"damage":6,"enemies":"Hexaghost","floor":16,"turns":10},{"damage":0,"enemies":"Chosen","floor":18,"turns":5},{"damage":10,"enemies":"Shell Parasite","floor":20,"turns":5},{"damage":15,"enemies":"Snake Plant","floor":21,"turns":4},{"damage":3,"enemies":"Snecko","floor":24,"turns":5},{"damage":50,"enemies":"Gremlin Leader","floor":27,"turns":4}],"seed_played":"7229909793746036107","potions_obtained":[{"floor":4,"key":"FocusPotion"},{"floor":11,"key":"Strength Potion"},{"floor":16,"key":"FocusPotion"},{"floor":20,"key":"Strength Potion"},{"floor":24,"key":"Swift Potion"}],"is_trial":false,"path_per_floor":["M","?","?","M","?","R","E","R","T","M","M","T","?","?","R","B",null,"M","$","M","M","?","R","M","?","T"],"character_chosen":"DEFECT","items_purchased":[],"campfire_rested":2,"item_purchase_floors":[],"current_hp_per_floor":[74,56,56,56,56,56,32,32,32,32,32,32,32,21,43,37,66,66,66,56,41,25,47,44,44,49,0],"gold":714,"neow_bonus":"RANDOM_COMMON_RELIC","is_prod":false,"is_daily":false,"chose_seed":false,"campfire_upgraded":2,"win_rate":0,"timestamp":1530454904,"path_taken":["M","?","?","?","?","R","E","R","T","?","M","?","?","?","R","BOSS","M","$","M","M","?","R","M","?","T","E"],"build_version":"2018-06-28","purchased_purges":1,"victory":false,"max_hp_per_floor":[75,75,75,75,75,75,75,75,75,75,75,75,75,75,75,75,75,75,75,75,75,75,75,75,75,75,75],"card_choices":[{"not_picked":["Sweeping Beam","Aggregate"],"picked":"Go for the Eyes","floor":1},{"not_picked":["Redo","Darkness"],"picked":"Reinforced Body","floor":4},{"not_picked":["Self Repair","Stack"],"picked":"Seek","floor":7},{"not_picked":["Rebound","Auto Shields"],"picked":"Darkness","floor":10},{"not_picked":["Rebound","Stack"],"picked":"Beam Cell","floor":11},{"not_picked":["Biased Cognition","Reboot"],"picked":"All For One","floor":16},{"not_picked":["Darkness","Force Field"],"picked":"Double Energy","floor":18},{"not_picked":["Compile Driver","Barrage+1"],"picked":"Beam Cell","floor":20},{"not_picked":["Hologram","Undo"],"picked":"Rebound+1","floor":21},{"not_picked":["Genetic Algorithm","Coolheaded","Blizzard+1"],"picked":"SKIP","floor":24}],"player_experience":305603,"relics_obtained":[{"floor":7,"key":"Bottled Flame"},{"floor":9,"key":"Omamori"},{"floor":12,"key":"Juzu Bracelet"},{"floor":22,"key":"Nilry\u0027s Codex"},{"floor":26,"key":"Bag of Preparation"}],"event_choices":[{"event_name":"Golden Idol","player_choice":"Take Damage","floor":2,"damage_taken":0},{"event_name":"Liars Game","player_choice":"agreed","floor":3,"damage_taken":0},{"event_name":"The Woman in Blue","player_choice":"Bought 0 Potions","floor":5,"damage_taken":0},{"event_name":"Living Wall","player_choice":"Forget","floor":13,"damage_taken":0},{"event_name":"World of Goop","player_choice":"Gather Gold","floor":14,"damage_taken":0},{"event_name":"Cursed Tome","player_choice":"Obtained Book","floor":22,"damage_taken":0},{"event_name":"Forgotten Altar","player_choice":"Gave Idol","floor":25,"damage_taken":0}],"boss_relics":[{"not_picked":["Eternal Feather","Inserter"],"picked":"Philosopher\u0027s Stone"}],"items_purged_floors":[19],"is_endless":false,"potions_floor_spawned":[4,11,16,20,24],"killed_by":"Gremlin Leader","ascension_level":5}