{"gold_per_floor":[148,162,237,22,22,22,37,71,121,132,157,157,184,184,184,261,311,329,33,44,20,31,31,31],"floor_reached":24,"playtime":728,"items_purged":[],"score":364,"play_id":"891db168-133a-4bd6-a59f-a0729443e7f4","local_time":"20190121001858","is_ascension_mode":true,"campfire_choices":[{"data":"Ball Lightning","floor":6,"key":"SMITH"},{"floor":12,"key":"REST"},{"floor":15,"key":"DIG"},{"floor":23,"key":"REST"}],"neow_cost":"NONE","seed_source_timestamp":2271533283415830,"circlet_count":0,"master_deck":["AscendersBane","Strike_B","Strike_B","Strike_B","Strike_B","Defend_B","Defend_B","Defend_B","Defend_B","Zap","Dualcast","Sweeping Beam","Cold Snap","Ball Lightning+1","Sweeping Beam","Rip and Tear","Compile Driver+1","Leap+1","Conserve Battery+1","Electrodynamics","Stack+1","Redo+1","Defragment","Coolheaded+1","FTL","Jack Of All Trades+1","Redo+1"],"relics":["Cracked Core","Tiny Chest","Sling","Lantern","Oddly Smooth Stone","Toxic Egg 2","Shovel","WingedGreaves","Tiny House"],"potions_floor_usage":[16,24],"damage_taken":[{"damage":1,"enemies":"Cultist","floor":1,"turns":3},{"damage":5,"enemies":"Small Slimes","floor":2,"turns":3},{"damage":0,"enemies":"2 Louse","floor":7,"turns":2},{"damage":29,"enemies":"Lagavulin","floor":8,"turns":5},{"damage":0,"enemies":"Looter","floor":10,"turns":2},{"damage":6,"enemies":"Gremlin Nob","floor":11,"turns":3},{"damage":10,"enemies":"3 Sentries","floor":13,"turns":3},{"damage":23,"enemies":"Slime Boss","floor":16,"turns":7},{"damage":30,"enemies":"3 Byrds","floor":18,"turns":4},{"damage":13,"enemies":"Shell Parasite","floor":20,"turns":7},{"damage":6,"enemies":"Shelled Parasite and Fungi","floor":22,"turns":7},{"damage":37,"enemies":"Book of Stabbing","floor":24,"turns":3}],"seed_played":"6387520817032533169","potions_obtained":[{"floor":1,"key":"Fire Potion"},{"floor":7,"key":"EssenceOfSteel"},{"floor":17,"key":"Strength Potion"}],"is_trial":false,"path_per_floor":["M","M","?","$","?","R","M","E","T","M","E","R","E","?","R","B",null,"M","$","M","$","M","R","E"],"character_chosen":"DEFECT","items_purchased":["Sling","Ball Lightning","Defragment","Coolheaded+1","FTL","Jack Of All Trades+1","Redo+1"],"campfire_rested":2,"item_purchase_floors":[4,4,19,19,19,19,21],"current_hp_per_floor":[63,58,47,47,70,70,70,41,41,41,35,56,46,46,46,23,64,34,34,21,21,15,37,0],"gold":31,"neow_bonus":"RANDOM_COMMON_RELIC","is_prod":false,"is_daily":false,"chose_seed":false,"campfire_upgraded":1,"win_rate":0,"timestamp":1548029938,"path_taken":["M","?","?","$","?","R","M","E","T","M","E","R","E","?","R","BOSS","M","$","M","?","M","R","E"],"build_version":"2019-01-17v2","purchased_purges":0,"victory":false,"max_hp_per_floor":[71,71,71,71,71,71,71,71,71,71,71,71,71,71,71,71,76,76,76,76,76,76,76,76],"card_choices":[{"not_picked":["BootSequence","Hologram"],"picked":"Sweeping Beam","floor":1},{"not_picked":["Storm","Coolheaded"],"picked":"Cold Snap","floor":2},{"not_picked":["Glacier","Double Energy"],"picked":"Sweeping Beam","floor":7},{"not_picked":["Chill","FTL"],"picked":"Rip and Tear","floor":8},{"not_picked":["Aggregate","Ball Lightning"],"picked":"Compile Driver","floor":10},{"not_picked":["Biased Cognition","BootSequence"],"picked":"Leap","floor":11},{"not_picked":["Recycle+1","Ball Lightning"],"picked":"Conserve Battery+1","floor":13},{"not_picked":["Amplify+1","Machine Learning"],"picked":"Electrodynamics","floor":16},{"not_picked":["Coolheaded+1","Heatsinks"],"picked":"Stack+1","floor":17},{"not_picked":["Auto Shields+1","Cold Snap+1"],"picked":"Redo+1","floor":18},{"not_picked":["Recycle+1","Rebound","Go for the Eyes"],"picked":"SKIP","floor":20},{"not_picked":["Consume+1","Streamline","Compile Driver"],"picked":"SKIP","floor":22}],"player_experience":439931,"relics_obtained":[{"floor":8,"key":"Lantern"},{"floor":9,"key":"Oddly Smooth Stone"},{"floor":11,"key":"Toxic Egg 2"},{"floor":13,"key":"Shovel"},{"floor":15,"key":"WingedGreaves"}],"event_choices":[{"damage_healed":0,"gold_gain":75,"player_choice":"Gather Gold","damage_taken":11,"max_hp_gain":0,"max_hp_loss":0,"event_name":"World of Goop","floor":3,"gold_loss":0},{"damage_healed":23,"gold_gain":0,"player_choice":"Banana","damage_taken":0,"max_hp_gain":0,"max_hp_loss":0,"event_name":"Big Fish","floor":5,"gold_loss":0},{"damage_healed":0,"gold_gain":0,"player_choice":"Bought 0 Potions","damage_taken":0,"max_hp_gain":0,"max_hp_loss":0,"event_name":"The Woman in Blue","floor":14,"gold_loss":0}],"is_beta":false,"boss_relics":[{"not_picked":["Pandora\u0027s Box","Coffee Dripper"],"picked":"Tiny House"}],"items_purged_floors":[],"is_endless":false,"potions_floor_spawned":[1,7,13,20],"killed_by":"Book of Stabbing","ascension_level":14}