{"gold_per_floor":[119,25,25,25,100,128,128,128,128,128,161,177,189,209,209,286,286,304,318,333,333,60,60,93,109,109,120,132,132,148,62,62,137,137,148,4,4,20,20,20,31,31,58,73,173,173,73,87,87,87],"floor_reached":50,"playtime":1470,"items_purged":["Slice","Injury"],"score":969,"play_id":"16b20185-d5ce-447d-9bb4-600008ca7918","local_time":"20190118220658","is_ascension_mode":true,"campfire_choices":[{"data":"Dagger Spray","floor":7,"key":"SMITH"},{"data":"Terror","floor":15,"key":"SMITH"},{"floor":23,"key":"REST"},{"data":"Infinite Blades","floor":32,"key":"SMITH"},{"data":"Noxious Fumes","floor":40,"key":"SMITH"},{"data":"Noxious Fumes","floor":42,"key":"SMITH"},{"floor":49,"key":"REST"}],"neow_cost":"NONE","seed_source_timestamp":1130424415540515,"circlet_count":0,"master_deck":["AscendersBane","Defend_G+1","Defend_G","Defend_G","Defend_G","Defend_G+1","Survivor","Neutralize+1","Quick Slash","Caltrops","Dagger Spray+1","Flying Knee","Terror+1","PiercingWail","Malaise","Leg Sweep","Die Die Die","Finisher","Footwork","Bite","Bite","Bite","Bite","Bite","Infinite Blades+1","Backstab","Envenom+1","Bouncing Flask","Noxious Fumes+1","Riddle With Holes","Noxious Fumes+1","Noxious Fumes"],"relics":["Ring of the Snake","NeowsBlessing","Pen Nib","Ninja Scroll","Darkstone Periapt","Runic Dome","Toy Ornithopter","Gremlin Horn","Meat on the Bone","Cursed Key","Happy Flower","Turnip"],"potions_floor_usage":[16,16,24,27,27,28,33,33,44,45,50],"damage_taken":[{"damage":0,"enemies":"Small Slimes","floor":1,"turns":1},{"damage":0,"enemies":"Gremlin Nob","floor":6,"turns":1},{"damage":0,"enemies":"Lagavulin","floor":11,"turns":1},{"damage":0,"enemies":"2 Louse","floor":12,"turns":1},{"damage":0,"enemies":"Cultist","floor":13,"turns":2},{"damage":0,"enemies":"3 Louse","floor":14,"turns":1},{"damage":0,"enemies":"Hexaghost","floor":16,"turns":6},{"damage":0,"enemies":"Spheric Guardian","floor":18,"turns":3},{"damage":0,"enemies":"3 Byrds","floor":19,"turns":4},{"damage":36,"enemies":"Sentry and Sphere","floor":20,"turns":5},{"damage":14,"enemies":"Book of Stabbing","floor":24,"turns":5},{"damage":28,"enemies":"Snake Plant","floor":25,"turns":4},{"damage":6,"enemies":"Centurion and Healer","floor":27,"turns":4},{"damage":6,"enemies":"Cultist and Chosen","floor":28,"turns":4},{"damage":0,"enemies":"Snecko","floor":30,"turns":4},{"damage":39,"enemies":"Collector","floor":33,"turns":9},{"damage":0,"enemies":"Orb Walker","floor":35,"turns":3},{"damage":20,"enemies":"3 Darklings","floor":38,"turns":5},{"damage":21,"enemies":"Spire Growth","floor":41,"turns":4},{"damage":23,"enemies":"Sphere and 2 Shapes","floor":44,"turns":5},{"damage":2,"enemies":"Mind Bloom Boss Battle","floor":45,"turns":5},{"damage":10,"enemies":"Jaw Worm Horde","floor":48,"turns":4},{"damage":64,"enemies":"Time Eater","floor":50,"turns":5}],"seed_played":"3830390497125621955","potions_obtained":[{"floor":6,"key":"AttackPotion"},{"floor":11,"key":"LiquidBronze"},{"floor":16,"key":"SpeedPotion"},{"floor":19,"key":"SteroidPotion"},{"floor":25,"key":"Fire Potion"},{"floor":27,"key":"Poison Potion"},{"floor":30,"key":"AttackPotion"},{"floor":38,"key":"Swift Potion"},{"floor":44,"key":"Block Potion"},{"floor":48,"key":"LiquidBronze"}],"is_trial":false,"path_per_floor":["M","$","?","$","?","E","R","?","T","?","E","M","M","M","R","B",null,"M","M","M","?","$","R","E","M","T","M","M","?","M","$","R","B",null,"M","$","?","M","?","R","M","R","T","M","?","?","$","M","R","B"],"character_chosen":"THE_SILENT","items_purchased":["Caltrops","Slice","Toy Ornithopter","GhostInAJar","Backstab","Poison Potion","Noxious Fumes"],"campfire_rested":2,"item_purchase_floors":[2,2,22,22,31,31,36],"current_hp_per_floor":[63,63,63,63,52,52,52,38,38,38,38,38,38,38,38,38,62,62,62,26,26,26,47,38,10,10,26,37,37,45,45,45,28,44,48,48,48,38,38,38,33,33,39,31,40,40,40,38,52,0],"gold":87,"neow_bonus":"THREE_ENEMY_KILL","is_prod":false,"is_daily":false,"chose_seed":false,"campfire_upgraded":5,"win_rate":0,"timestamp":1547849218,"path_taken":["M","$","?","$","?","E","R","?","T","?","E","M","M","?","R","BOSS","M","M","M","?","$","R","E","M","T","M","M","?","?","$","R","BOSS","M","$","?","M","?","R","?","R","T","M","?","?","$","M","R","BOSS"],"build_version":"2019-01-17v2","purchased_purges":2,"victory":false,"max_hp_per_floor":[70,70,70,70,70,70,70,70,70,70,70,70,70,70,70,70,70,70,70,70,70,70,70,70,70,70,70,70,49,49,49,49,49,49,49,49,49,49,49,49,49,49,55,55,55,52,52,52,52,52],"card_choices":[{"not_picked":["Acrobatics","Slice"],"picked":"Quick Slash","floor":1},{"not_picked":["Envenom","Bane"],"picked":"Dagger Spray","floor":6},{"not_picked":["Flechettes","Outmaneuver","Eviscerate"],"picked":"SKIP","floor":11},{"not_picked":["Outmaneuver","Slice"],"picked":"Flying Knee","floor":12},{"not_picked":["Dagger Throw","Calculated Gamble"],"picked":"Terror","floor":13},{"not_picked":["Footwork","Backflip"],"picked":"PiercingWail","floor":14},{"not_picked":["Bullet Time","Grand Finale"],"picked":"Malaise","floor":16},{"not_picked":["Deadly Poison+1","Prepared"],"picked":"Leg Sweep","floor":18},{"not_picked":["Acrobatics","Outmaneuver"],"picked":"Die Die Die","floor":19},{"not_picked":["Reflex","All Out Attack+1"],"picked":"Finisher","floor":20},{"not_picked":["Bouncing Flask","Cloak And Dagger","Slice"],"picked":"SKIP","floor":24},{"not_picked":["Caltrops","Prepared","Sucker Punch"],"picked":"SKIP","floor":25},{"not_picked":["Setup+1","Prepared"],"picked":"Footwork","floor":27},{"not_picked":["Deadly Poison","Accuracy","All Out Attack"],"picked":"SKIP","floor":28},{"not_picked":["Choke","Dodge and Roll"],"picked":"Infinite Blades","floor":30},{"not_picked":["Wraith Form v2","Glass Knife"],"picked":"Envenom","floor":33},{"not_picked":["Backflip","Quick Slash"],"picked":"Bouncing Flask","floor":35},{"not_picked":["Acrobatics","Sucker Punch"],"picked":"Riddle With Holes","floor":38},{"not_picked":["Flechettes","Dagger Spray"],"picked":"Noxious Fumes","floor":41},{"not_picked":["Quick Slash+1","Acrobatics","Calculated Gamble"],"picked":"SKIP","floor":44},{"not_picked":["PiercingWail","Blur"],"picked":"Noxious Fumes","floor":45},{"not_picked":["Poisoned Stab","Outmaneuver","Crippling Poison"],"picked":"SKIP","floor":48}],"player_experience":141818,"relics_obtained":[{"floor":6,"key":"Pen Nib"},{"floor":9,"key":"Ninja Scroll"},{"floor":11,"key":"Darkstone Periapt"},{"floor":24,"key":"Gremlin Horn"},{"floor":26,"key":"Meat on the Bone"},{"floor":43,"key":"Happy Flower"},{"floor":45,"key":"Turnip"}],"event_choices":[{"damage_healed":0,"gold_gain":0,"player_choice":"Grow","damage_taken":0,"max_hp_gain":0,"max_hp_loss":0,"event_name":"Living Wall","floor":3,"gold_loss":0,"cards_upgraded":["Neutralize"]},{"damage_healed":0,"gold_gain":75,"player_choice":"Gather Gold","damage_taken":11,"max_hp_gain":0,"max_hp_loss":0,"event_name":"World of Goop","floor":5,"gold_loss":0},{"damage_healed":0,"gold_gain":0,"player_choice":"Entered Light","damage_taken":14,"max_hp_gain":0,"max_hp_loss":0,"event_name":"Shining Light","floor":8,"gold_loss":0,"cards_upgraded":["Defend_G","Defend_G"]},{"cards_removed":["Strike_G"],"damage_healed":0,"gold_gain":0,"player_choice":"Purged","damage_taken":0,"max_hp_gain":0,"max_hp_loss":0,"event_name":"Purifier","floor":10,"gold_loss":0},{"damage_healed":0,"gold_gain":0,"player_choice":"Ignored","damage_taken":0,"max_hp_gain":0,"max_hp_loss":0,"event_name":"Beggar","floor":21,"gold_loss":0},{"damage_healed":0,"gold_gain":0,"player_choice":"Became a vampire","damage_taken":0,"max_hp_gain":0,"max_hp_loss":21,"event_name":"Vampires","floor":29,"gold_loss":0,"cards_obtained":["Bite","Bite","Bite","Bite","Bite"]},{"damage_healed":0,"gold_gain":0,"player_choice":"Memory 1","damage_taken":0,"max_hp_gain":0,"max_hp_loss":0,"event_name":"SensoryStone","floor":37,"gold_loss":0},{"damage_healed":0,"gold_gain":0,"player_choice":"Upgraded","damage_taken":0,"max_hp_gain":0,"max_hp_loss":0,"event_name":"Upgrade Shrine","floor":39,"gold_loss":0,"cards_upgraded":["Envenom"]},{"damage_healed":0,"gold_gain":0,"player_choice":"Fight","damage_taken":0,"max_hp_gain":0,"max_hp_loss":0,"event_name":"MindBloom","floor":45,"gold_loss":0},{"damage_healed":0,"gold_gain":0,"player_choice":"Max HP","damage_taken":0,"max_hp_gain":0,"max_hp_loss":3,"event_name":"Winding Halls","floor":46,"gold_loss":0}],"is_beta":false,"boss_relics":[{"not_picked":["Astrolabe","Empty Cage"],"picked":"Runic Dome"},{"not_picked":["Calling Bell","Sozu"],"picked":"Cursed Key"}],"items_purged_floors":[36,47],"is_endless":false,"potions_floor_spawned":[6,11,16,19,25,27,30,38,44,48],"killed_by":"Time Eater","ascension_level":13}