{"path_per_floor":["M","?","?","M","M","E","R","E","T","M","M","$","E","M","R","B",null,"M","?","?","M","$","E","?","E","T","M","R","M","?","M","R","B",null,"M","?","M","$","M","R","E","?","T","?","M","M","M","$","R","B"],"character_chosen":"IRONCLAD","items_purchased":["Gambling Chip","Spot Weakness","Perfected Strike","Girya","Inflame","Orichalcum","Battle Trance","Singing Bowl"],"gold_per_floor":[114,114,189,204,219,249,249,579,654,669,684,306,336,351,351,451,451,466,466,466,481,158,188,138,168,168,183,183,198,198,213,213,313,313,328,328,343,113,128,128,158,158,183,183,198,213,228,3,3,3],"floor_reached":51,"campfire_rested":1,"playtime":1928,"current_hp_per_floor":[80,86,75,66,67,76,76,48,48,44,51,51,60,68,86,52,86,79,63,63,69,69,54,54,56,62,66,73,81,81,66,66,64,123,123,123,123,123,123,123,123,123,129,135,133,133,135,135,135,130],"items_purged":[],"gold":3,"score":1096,"play_id":"a3b155ae-cd73-4173-a783-f1d3972371f0","local_time":"20180317142435","daily_mods":["Allstar","Cursed Run","Hoarder"],"is_prod":false,"is_daily":true,"is_ascension_mode":false,"campfire_upgraded":1,"timestamp":1521318275,"path_taken":["M","?","?","M","M","E","R","E","T","M","M","$","E","M","R","BOSS","M","?","?","M","$","E","?","E","T","?","R","M","?","M","R","BOSS","M","?","M","$","?","R","E","?","T","?","M","?","M","?","R","BOSS"],"build_version":"2018-03-16","purchased_purges":0,"victory":true,"master_deck":["Strike_R","Strike_R","Strike_R","Strike_R","Strike_R","Defend_R+1","Defend_R","Defend_R","Bash","Bandage Up","Bandage Up","Bandage Up","Secret Weapon+1","Secret Weapon","Regret","Regret","Regret","Seeing Red","Seeing Red","Seeing Red","Pommel Strike","Pommel Strike","Pommel Strike","Cleave","Cleave","Cleave","Heavy Blade","Heavy Blade","Heavy Blade","Bludgeon","Bludgeon","Bludgeon","Twin Strike","Twin Strike+1","Twin Strike","Spot Weakness","Spot Weakness","Spot Weakness","Clash","Clash","Clash","Clothesline","Clothesline","Clothesline","Apotheosis","Apotheosis","Apotheosis+1","Clash","Clash","Clash","Perfected Strike","Perfected Strike","Perfected Strike","Perfected Strike","Perfected Strike","Perfected Strike+1","Pain","Pain","Pain","Clash+1","Clash","Clash","Rupture+1","Rupture","Rupture","Writhe","Writhe","Writhe","Regret","Regret","Regret","Doubt","Doubt","Doubt","Injury","Injury","Injury","Heavy Blade+1","Heavy Blade","Heavy Blade","Inflame","Inflame","Inflame","Inflame+1","Inflame","Inflame","Warcry+1","Warcry","Warcry","Injury","Injury","Injury","Writhe","Writhe","Writhe","Perfected Strike","Perfected Strike","Perfected Strike","Battle Trance","Battle Trance","Battle Trance","Clumsy","Clumsy","Clumsy"],"max_hp_per_floor":[80,86,86,86,86,86,86,86,86,86,86,86,86,86,86,86,86,86,86,86,86,86,86,86,86,92,92,99,99,99,99,99,105,123,123,123,123,123,123,123,123,123,129,135,135,135,135,135,135,141],"relics":["Cursed Key","Darkstone Periapt","Du-Vu Doll","Omamori","Ancient Tea Set","Old Coin","Meat on the Bone","Gambling Chip","Bottled Lightning","Mark of Pain","Nilry\u0027s Codex","Girya","Anchor","Shovel","Mummified Hand","Strawberry","Red Skull","Bag of Preparation","Calling Bell","War Paint","Kunai","Dream Catcher","Orichalcum","Regal Pillow","Whetstone","Singing Bowl","Bottled Flame"],"card_choices":[{"not_picked":["Uppercut","Headbutt"],"picked":"Seeing Red"},{"not_picked":["Thunderclap","Fire Breathing"],"picked":"Pommel Strike"},{"not_picked":["Sever Soul","Anger"],"picked":"Cleave"},{"not_picked":["Bloodletting","Flex"],"picked":"Heavy Blade"},{"not_picked":["Havoc","Body Slam"],"picked":"Bludgeon"},{"not_picked":["Thunderclap","Iron Wave"],"picked":"Twin Strike"},{"not_picked":["Burning Pact","Clothesline"],"picked":"Clash"},{"not_picked":["Cleave","Spot Weakness"],"picked":"Clothesline"},{"not_picked":["True Grit","Rage"],"picked":"Clash"},{"not_picked":["Twin Strike","Clash"],"picked":"Perfected Strike"},{"not_picked":["Heavy Blade","Twin Strike"],"picked":"Clash"},{"not_picked":["Cleave","Twin Strike"],"picked":"Rupture"},{"not_picked":["Metallicize","Clothesline"],"picked":"Heavy Blade"},{"not_picked":["Evolve","Clothesline"],"picked":"Inflame"},{"not_picked":["Armaments","Inflame"],"picked":"Warcry"},{"not_picked":["Shockwave","Clash"],"picked":"Perfected Strike"}],"player_experience":224077,"potions_floor_usage":[6,13,14,23,25,31,50],"damage_taken":[{"damage":0,"enemies":"2 Louse","floor":1,"turns":3},{"damage":9,"enemies":"Jaw Worm","floor":4,"turns":2},{"damage":11,"enemies":"Small Slimes","floor":5,"turns":3},{"damage":3,"enemies":"Gremlin Nob","floor":6,"turns":2},{"damage":36,"enemies":"Lagavulin","floor":8,"turns":4},{"damage":4,"enemies":"2 Fungi Beasts","floor":10,"turns":2},{"damage":5,"enemies":"Large Slime","floor":11,"turns":3},{"damage":3,"enemies":"3 Sentries","floor":13,"turns":3},{"damage":0,"enemies":"Exordium Wildlife","floor":14,"turns":1},{"damage":38,"enemies":"The Guardian","floor":16,"turns":5},{"damage":7,"enemies":"Shell Parasite","floor":18,"turns":2},{"damage":0,"enemies":"Spheric Guardian","floor":21,"turns":2},{"damage":27,"enemies":"Gremlin Leader","floor":23,"turns":4},{"damage":2,"enemies":"Slavers","floor":25,"turns":3},{"damage":0,"enemies":"Snake Plant","floor":27,"turns":1},{"damage":0,"enemies":"Chosen and Byrds","floor":29,"turns":2},{"damage":21,"enemies":"Cultist and Chosen","floor":31,"turns":4},{"damage":28,"enemies":"Collector","floor":33,"turns":3},{"damage":0,"enemies":"3 Darklings","floor":35,"turns":1},{"damage":0,"enemies":"Orb Walker","floor":37,"turns":1},{"damage":0,"enemies":"3 Darklings","floor":39,"turns":1},{"damage":0,"enemies":"2 Orb Walkers","floor":41,"turns":1},{"damage":2,"enemies":"4 Shapes","floor":45,"turns":1},{"damage":0,"enemies":"Spire Growth","floor":46,"turns":1},{"damage":0,"enemies":"3 Darklings","floor":47,"turns":2},{"damage":11,"enemies":"Time Eater","floor":50,"turns":2}],"event_choices":[{"event_name":"Big Fish","player_choice":"Box","floor":2,"damage_taken":0},{"event_name":"World of Goop","player_choice":"Gather Gold","floor":3,"damage_taken":0},{"event_name":"Cursed Tome","player_choice":"Obtained Book","floor":19,"damage_taken":0},{"event_name":"Transmorgrifier","player_choice":"Transform","floor":20,"damage_taken":0},{"event_name":"The Joust","player_choice":"Bet on Murderer","floor":24,"damage_taken":0},{"event_name":"The Mausoleum","player_choice":"Yes","floor":30,"damage_taken":0},{"event_name":"Tomb of Lord Red Mask","player_choice":"Ignored","floor":36,"damage_taken":0},{"event_name":"Winding Halls","player_choice":"Writhe","floor":44,"damage_taken":0}],"boss_relics":[{"not_picked":["Velvet Choker","Runic Dome"],"picked":"Mark of Pain"},{"not_picked":["Tiny House","Black Star"],"picked":"Calling Bell"}],"potions_floor_spawned":[4,6,8,11,16,21,23,27,39,41,45,47],"seed_played":"8809221095910533381","ascension_level":0,"is_trial":false}