{"gold_per_floor":[113,113,113,113,73,73,114,114,114,155,155,194,212,111,411,540,540,564,514,535,535,261,301,301,332,332,332,254,254,16,47,47,171,171,185,209,209,8,341,341,341,341,341,370,370,370,423,493,493,493],"floor_reached":51,"playtime":1714,"items_purged":["Strike_B"],"score":922,"play_id":"f26a5be4-8019-4146-b1a8-80dff1219399","local_time":"20190107180627","is_ascension_mode":true,"campfire_choices":[{"data":"Dualcast","floor":6,"key":"SMITH"},{"data":"Hologram","floor":8,"key":"SMITH"},{"floor":11,"key":"DIG"},{"floor":15,"key":"DIG"},{"floor":24,"key":"DIG"},{"floor":27,"key":"DIG"},{"floor":29,"key":"DIG"},{"floor":32,"key":"DIG"},{"floor":40,"key":"DIG"},{"floor":42,"key":"DIG"},{"floor":45,"key":"DIG"},{"floor":49,"key":"DIG"}],"neow_cost":"NONE","seed_source_timestamp":165323387344932,"circlet_count":0,"master_deck":["Defend_B+1","Defend_B+1","Defend_B","Defend_B","Zap+1","Dualcast+1","Ball Lightning","Hologram+1","White Noise","Glacier","Leap","Electrodynamics","FTL+1","Defragment","Electrodynamics+1","Electrodynamics+1","Writhe"],"relics":["Cracked Core","War Paint","Bird Faced Urn","Pantograph","Mercury Hourglass","Shovel","Ancient Tea Set","Thread and Needle","Old Coin","Busted Crown","PreservedInsect","Tiny Chest","Vajra","Whetstone","Nunchaku","Bottled Tornado","Toxic Egg 2","Shuriken","Bottled Flame","Frozen Egg 2","Juzu Bracelet","Empty Cage","Smiling Mask","PrismaticShard","Strawberry","Blood Vial","Molten Egg 2","Lantern","Centennial Puzzle","Ice Cream","Sundial","Mummified Hand"],"potions_floor_usage":[16,16,23,23,33,33,44,50],"damage_taken":[{"damage":0,"enemies":"2 Louse","floor":1,"turns":3},{"damage":15,"enemies":"Lagavulin","floor":7,"turns":5},{"damage":0,"enemies":"Gremlin Nob","floor":10,"turns":3},{"damage":6,"enemies":"3 Sentries","floor":12,"turns":4},{"damage":7,"enemies":"Jaw Worm","floor":13,"turns":2},{"damage":34,"enemies":"Slime Boss","floor":16,"turns":9},{"damage":0,"enemies":"2 Thieves","floor":18,"turns":3},{"damage":0,"enemies":"Shell Parasite","floor":20,"turns":5},{"damage":0,"enemies":"Gremlin Leader","floor":23,"turns":4},{"damage":5,"enemies":"Slavers","floor":25,"turns":2},{"damage":3,"enemies":"Book of Stabbing","floor":31,"turns":4},{"damage":42,"enemies":"Champ","floor":33,"turns":18},{"damage":12,"enemies":"3 Darklings","floor":35,"turns":2},{"damage":39,"enemies":"Giant Head","floor":44,"turns":9},{"damage":6,"enemies":"2 Orb Walkers","floor":47,"turns":2},{"damage":18,"enemies":"Donu and Deca","floor":50,"turns":9}],"seed_played":"5533957231056011600","potions_obtained":[{"floor":5,"key":"Swift Potion"},{"floor":5,"key":"FocusPotion"},{"floor":5,"key":"Energy Potion"},{"floor":16,"key":"FocusPotion"},{"floor":20,"key":"Dexterity Potion"},{"floor":25,"key":"SpeedPotion"},{"floor":33,"key":"SkillPotion"},{"floor":44,"key":"FocusPotion"},{"floor":47,"key":"SpeedPotion"}],"is_trial":false,"path_per_floor":["M","?","T","?","?","R","E","R","T","E","R","E","M","$","R","B",null,"M","?","M","?","$","E","R","E","T","R","$","R","$","E","R","B",null,"M","T","?","$","?","R","?","R","T","E","R","?","?","T","R","B",null],"character_chosen":"DEFECT","items_purchased":["Leap","PreservedInsect","Tiny Chest","Defragment","Bottled Flame","PrismaticShard"],"campfire_rested":0,"item_purchase_floors":[14,22,22,28,30,38],"current_hp_per_floor":[75,75,75,69,69,69,54,54,54,54,54,50,43,43,43,45,69,69,69,69,79,79,79,79,74,74,74,74,74,74,77,77,37,79,71,71,71,71,71,78,78,78,78,47,47,69,73,73,73,68],"gold":493,"neow_bonus":"RANDOM_COMMON_RELIC","is_prod":false,"is_daily":false,"chose_seed":false,"campfire_upgraded":2,"win_rate":1,"timestamp":1546884387,"path_taken":["M","?","?","?","?","R","E","R","T","E","R","E","?","$","R","BOSS","M","?","?","?","$","E","R","E","T","R","?","R","$","E","R","BOSS","M","?","?","$","?","R","?","R","T","E","R","?","?","?","R","BOSS"],"build_version":"2019-01-03v4","purchased_purges":1,"victory":true,"max_hp_per_floor":[75,75,75,69,69,69,69,69,69,69,69,69,69,69,69,69,69,69,69,69,79,79,79,79,79,79,79,79,79,79,79,79,79,79,79,79,79,79,79,86,86,86,86,86,86,86,86,86,86,86],"card_choices":[{"not_picked":["Gash","Rebound"],"picked":"Ball Lightning","floor":1},{"not_picked":["Beam Cell","Barrage"],"picked":"Hologram","floor":7},{"not_picked":["Rainbow","Genetic Algorithm"],"picked":"White Noise","floor":10},{"not_picked":["Genetic Algorithm","Reinforced Body"],"picked":"Creative AI","floor":12},{"not_picked":["Sweeping Beam","Genetic Algorithm"],"picked":"Glacier","floor":13},{"not_picked":["Buffer","Creative AI"],"picked":"Electrodynamics","floor":16},{"not_picked":["Scrape"],"picked":"SKIP","floor":18},{"not_picked":[],"picked":"FTL","floor":20},{"not_picked":["Aggregate"],"picked":"SKIP","floor":23},{"not_picked":["Fission"],"picked":"SKIP","floor":25},{"not_picked":["Rebound"],"picked":"SKIP","floor":31},{"not_picked":[],"picked":"Electrodynamics+1","floor":33},{"not_picked":["Go for the Eyes"],"picked":"SKIP","floor":35},{"not_picked":["Dropkick+1"],"picked":"SKIP","floor":44}],"player_experience":12510,"relics_obtained":[{"floor":3,"key":"Bird Faced Urn"},{"floor":7,"key":"Pantograph"},{"floor":9,"key":"Mercury Hourglass"},{"floor":10,"key":"Shovel"},{"floor":11,"key":"Ancient Tea Set"},{"floor":12,"key":"Thread and Needle"},{"floor":15,"key":"Old Coin"},{"floor":23,"key":"Vajra"},{"floor":24,"key":"Whetstone"},{"floor":25,"key":"Nunchaku"},{"floor":26,"key":"Bottled Tornado"},{"floor":27,"key":"Toxic Egg 2"},{"floor":29,"key":"Shuriken"},{"floor":31,"key":"Frozen Egg 2"},{"floor":32,"key":"Juzu Bracelet"},{"floor":36,"key":"Smiling Mask"},{"floor":40,"key":"Strawberry"},{"floor":42,"key":"Blood Vial"},{"floor":43,"key":"Molten Egg 2"},{"floor":44,"key":"Lantern"},{"floor":45,"key":"Centennial Puzzle"},{"floor":47,"key":"Ice Cream"},{"floor":48,"key":"Sundial"},{"floor":49,"key":"Mummified Hand"}],"event_choices":[{"damage_healed":0,"gold_gain":0,"player_choice":"Grow","damage_taken":0,"max_hp_gain":0,"max_hp_loss":0,"event_name":"Living Wall","floor":2,"gold_loss":0,"cards_upgraded":["Zap"]},{"damage_healed":0,"gold_gain":0,"player_choice":"Lose Max HP","damage_taken":0,"relics_obtained":["Golden Idol"],"max_hp_gain":0,"max_hp_loss":6,"event_name":"Golden Idol","floor":4,"gold_loss":0},{"damage_healed":0,"gold_gain":0,"player_choice":"Bought 3 Potions","damage_taken":0,"max_hp_gain":0,"max_hp_loss":0,"event_name":"The Woman in Blue","floor":5,"gold_loss":0},{"damage_healed":0,"gold_gain":0,"player_choice":"Bet on Owner","damage_taken":0,"max_hp_gain":0,"max_hp_loss":0,"event_name":"The Joust","floor":19,"gold_loss":50},{"cards_removed":["Creative AI"],"damage_healed":0,"gold_gain":0,"player_choice":"Offered Rare","damage_taken":0,"max_hp_gain":10,"max_hp_loss":0,"event_name":"Bonfire Elementals","floor":21,"gold_loss":0},{"cards_removed":["Strike_B"],"damage_healed":0,"gold_gain":0,"player_choice":"Removed Attack","damage_taken":0,"max_hp_gain":0,"max_hp_loss":0,"event_name":"Falling","floor":37,"gold_loss":0},{"damage_healed":0,"gold_gain":333,"player_choice":"Gave Idol","damage_taken":0,"max_hp_gain":0,"max_hp_loss":0,"event_name":"The Moai Head","floor":39,"relics_lost":["Golden Idol"],"gold_loss":0},{"damage_healed":0,"gold_gain":0,"player_choice":"Copied","damage_taken":0,"max_hp_gain":0,"max_hp_loss":0,"event_name":"Duplicator","floor":41,"gold_loss":0,"cards_obtained":["Electrodynamics"]},{"damage_healed":22,"gold_gain":0,"player_choice":"Writhe","damage_taken":0,"max_hp_gain":0,"max_hp_loss":0,"event_name":"Winding Halls","floor":46,"gold_loss":0,"cards_obtained":["Writhe"]},{"damage_healed":0,"gold_gain":0,"player_choice":"Fight","damage_taken":0,"max_hp_gain":0,"max_hp_loss":0,"event_name":"Mysterious Sphere","floor":47,"gold_loss":0}],"is_beta":false,"boss_relics":[{"not_picked":["Eternal Feather","Orrery"],"picked":"Busted Crown"},{"not_picked":["Tiny House","FrozenCore"],"picked":"Empty Cage"}],"items_purged_floors":[14],"is_endless":false,"potions_floor_spawned":[13,16,20,25,33,44,47],"ascension_level":1}