{"gold_per_floor":[17,36,51,51,51,51,78,93,93,93,103,133,133,152,152,250,250,270,281,298,25,44,44,44,63,87,87,106,141,56,66,66,167,167,185,185,196,214,40,40,59,59,112,147,164,209,209,209,209,209],"floor_reached":50,"playtime":5012,"items_purged":["Defend_B","Defend_B"],"score":787,"play_id":"a4ade32b-6886-4bc2-ba5b-aeb344f10dce","local_time":"20180730232253","is_ascension_mode":true,"campfire_choices":[{"data":"Zap","floor":6,"key":"SMITH"},{"data":"Coolheaded","floor":13,"key":"SMITH"},{"data":"Dualcast","floor":15,"key":"SMITH"},{"data":"Coolheaded","floor":23,"key":"SMITH"},{"floor":27,"key":"DIG"},{"data":"Coolheaded","floor":32,"key":"SMITH"},{"data":"Seek","floor":40,"key":"SMITH"},{"data":"Double Energy","floor":42,"key":"SMITH"},{"data":"Turbo","floor":47,"key":"SMITH"},{"data":"Defend_B","floor":49,"key":"PURGE"}],"neow_cost":"NO_GOLD","seed_source_timestamp":265390289127023,"circlet_count":0,"master_deck":["Defend_B","Zap+1","Dualcast+1","Conserve Battery+1","Coolheaded+1","Core Surge","BootSequence","Stack","Chill+1","Electrodynamics","Rebound+1","Turbo+1","Tempest+1","Turbo+1","Redo+1","Panache","Coolheaded+1","Redo+1","Coolheaded+1","Seek+1","Skim","Double Energy+1","Undo","Deep Breath"],"relics":["Cracked Core","Peace Pipe","Letter Opener","Shovel","Thread and Needle","Incense Burner","Astrolabe","Lantern","Torii","Bag of Preparation","Meat on the Bone","Coffee Dripper","Bird Faced Urn","Vajra","War Paint","Turnip"],"potions_floor_usage":[12,12,16,20,20,20,20,33,33,33,44,44,50],"damage_taken":[{"damage":2,"enemies":"Jaw Worm","floor":1,"turns":3},{"damage":1,"enemies":"Cultist","floor":2,"turns":3},{"damage":6,"enemies":"Small Slimes","floor":3,"turns":4},{"damage":30,"enemies":"3 Sentries","floor":7,"turns":13},{"damage":0,"enemies":"Looter","floor":8,"turns":2},{"damage":0,"enemies":"3 Louse","floor":11,"turns":1},{"damage":0,"enemies":"Lagavulin","floor":12,"turns":5},{"damage":0,"enemies":"2 Fungi Beasts","floor":14,"turns":3},{"damage":0,"enemies":"The Guardian","floor":16,"turns":14},{"damage":0,"enemies":"3 Byrds","floor":18,"turns":2},{"damage":3,"enemies":"2 Thieves","floor":19,"turns":3},{"damage":0,"enemies":"Slaver and Parasite","floor":20,"turns":3},{"damage":0,"enemies":"Snake Plant","floor":22,"turns":3},{"damage":0,"enemies":"Chosen and Byrds","floor":25,"turns":3},{"damage":0,"enemies":"3 Cultists","floor":28,"turns":1},{"damage":0,"enemies":"Slavers","floor":29,"turns":5},{"damage":0,"enemies":"Snake Plant","floor":31,"turns":2},{"damage":0,"enemies":"Automaton","floor":33,"turns":9},{"damage":0,"enemies":"3 Shapes","floor":35,"turns":1},{"damage":15,"floor":36,"turns":6},{"damage":0,"enemies":"Orb Walker","floor":37,"turns":2},{"damage":0,"enemies":"Flame Bruiser 2 Orb","floor":38,"turns":4},{"damage":0,"enemies":"3 Darklings","floor":41,"turns":1},{"damage":25,"enemies":"Giant Head","floor":44,"turns":8},{"damage":0,"enemies":"4 Shapes","floor":45,"turns":2},{"damage":0,"floor":46,"turns":2},{"damage":73,"enemies":"Time Eater","floor":50,"turns":9}],"seed_played":"-9007159873575866643","potions_obtained":[{"floor":2,"key":"FairyPotion"},{"floor":4,"key":"SmokeBomb"},{"floor":4,"key":"SpeedPotion"},{"floor":4,"key":"EntropicBrew"},{"floor":11,"key":"Poison Potion"},{"floor":12,"key":"Energy Potion"},{"floor":14,"key":"Weak Potion"},{"floor":19,"key":"FearPotion"},{"floor":20,"key":"Strength Potion"},{"floor":29,"key":"AttackPotion"},{"floor":31,"key":"AttackPotion"},{"floor":36,"key":"SkillPotion"},{"floor":41,"key":"Swift Potion"},{"floor":45,"key":"Dexterity Potion"}],"is_trial":false,"path_per_floor":["M","M","M","?","?","R","E","M","T","?","M","E","R","M","R","B",null,"M","M","M","$","M","R","$","M","T","R","M","E","?","M","R","B",null,"M","?","M","M","$","R","M","R","T","E","M","?","R","?","R"],"character_chosen":"DEFECT","items_purchased":["Panache","Double Energy"],"campfire_rested":0,"item_purchase_floors":[21,39],"current_hp_per_floor":[73,72,66,66,59,59,29,29,29,26,26,26,26,26,26,26,75,75,72,72,72,72,72,72,72,72,72,72,72,72,72,72,72,75,75,60,60,64,64,64,68,68,68,47,51,55,55,55,55,0],"gold":209,"neow_bonus":"ONE_RARE_RELIC","is_prod":false,"is_daily":false,"chose_seed":false,"campfire_upgraded":8,"win_rate":0,"timestamp":1532964173,"path_taken":["M","M","M","?","?","R","E","M","T","?","M","E","R","M","R","BOSS","M","M","M","$","M","R","$","M","T","R","M","E","?","M","R","BOSS","M","?","M","M","$","R","M","R","T","E","?","?","R","?","R","BOSS"],"build_version":"2018-07-26","purchased_purges":2,"victory":false,"max_hp_per_floor":[75,75,75,75,75,75,75,75,75,75,75,75,75,75,75,75,75,75,75,75,75,75,75,75,75,75,75,75,75,75,75,75,75,75,75,75,75,75,75,75,75,75,75,75,75,75,75,75,75,75],"card_choices":[{"not_picked":["Sweeping Beam","Steam"],"picked":"Conserve Battery","floor":1},{"not_picked":["Rebound","Undo"],"picked":"Coolheaded","floor":2},{"not_picked":["Darkness","Melter"],"picked":"Core Surge","floor":3},{"not_picked":["Fission","Melter"],"picked":"BootSequence","floor":7},{"not_picked":["Capacitor","Undo"],"picked":"Stack","floor":8},{"not_picked":["Auto Shields","Ball Lightning","Beam Cell"],"picked":"SKIP","floor":11},{"not_picked":["Meteor Strike","Storm","Reprogram"],"picked":"SKIP","floor":12},{"not_picked":["Redo","Cold Snap"],"picked":"Chill","floor":14},{"not_picked":["Biased Cognition","Reboot"],"picked":"Electrodynamics","floor":16},{"not_picked":["Darkness","Hello World","Sweeping Beam+1"],"picked":"SKIP","floor":18},{"not_picked":["Hello World","Streamline"],"picked":"Turbo","floor":19},{"not_picked":["Consume","Leap"],"picked":"Redo+1","floor":20},{"not_picked":["Ball Lightning+1","Redo+1"],"picked":"Coolheaded","floor":22},{"not_picked":["Compile Driver","Electrodynamics"],"picked":"Redo+1","floor":25},{"not_picked":["Go for the Eyes+1","Conserve Battery"],"picked":"Coolheaded","floor":28},{"not_picked":["Storm+1","Go for the Eyes+1","Coolheaded"],"picked":"SKIP","floor":29},{"not_picked":["Auto Shields+1","FTL","Streamline"],"picked":"SKIP","floor":31},{"not_picked":["Buffer","Meteor Strike"],"picked":"Seek","floor":33},{"not_picked":["Reprogram+1","Leap","Static Discharge+1"],"picked":"SKIP","floor":35},{"not_picked":["Genetic Algorithm","Cold Snap+1"],"picked":"Skim","floor":36},{"not_picked":["White Noise+1","Hologram+1","Storm+1"],"picked":"SKIP","floor":37},{"not_picked":["Cold Snap","Genetic Algorithm","Go for the Eyes"],"picked":"SKIP","floor":38},{"not_picked":["FTL+1","Auto Shields+1","Darkness"],"picked":"SKIP","floor":41},{"not_picked":["Self Repair+1","Fission","Rebound+1"],"picked":"SKIP","floor":44},{"not_picked":["Auto Shields+1","Leap+1","Steam"],"picked":"SKIP","floor":45},{"not_picked":["Lockon+1","Gash"],"picked":"Undo","floor":46},{"not_picked":["Swift Strike","Trip"],"picked":"Deep Breath","floor":48}],"player_experience":221766,"relics_obtained":[{"floor":7,"key":"Letter Opener"},{"floor":9,"key":"Shovel"},{"floor":12,"key":"Incense Burner"},{"floor":26,"key":"Lantern"},{"floor":27,"key":"Torii"},{"floor":29,"key":"Bag of Preparation"},{"floor":36,"key":"Bird Faced Urn"},{"floor":43,"key":"Vajra"},{"floor":44,"key":"War Paint"},{"floor":46,"key":"Turnip"}],"event_choices":[{"event_name":"The Lab","player_choice":"Got Potions","floor":4,"damage_taken":0},{"event_name":"Golden Wing","player_choice":"Card Removal","floor":5,"damage_taken":0},{"event_name":"Scrap Ooze","player_choice":"success","floor":10,"damage_taken":3},{"event_name":"Addict","player_choice":"Obtained Relic","floor":30,"damage_taken":0},{"event_name":"MindBloom","player_choice":"Fight","floor":36,"damage_taken":0},{"event_name":"Mysterious Sphere","player_choice":"Fight","floor":46,"damage_taken":0},{"event_name":"SensoryStone","player_choice":"Memory 1","floor":48,"damage_taken":0}],"is_beta":false,"boss_relics":[{"not_picked":["Velvet Choker","Calling Bell"],"picked":"Astrolabe"},{"not_picked":["Black Star","Cursed Key"],"picked":"Coffee Dripper"}],"items_purged_floors":[21,39],"is_endless":false,"potions_floor_spawned":[2,11,12,14,19,20,29,31,36,41,45],"killed_by":"Time Eater","ascension_level":4}