{"gold_per_floor":[110,128,34,50,63,94,14,14,61,61,96,112,112,31,31,135,135,152,152,169,169],"floor_reached":21,"playtime":787,"items_purged":[],"score":332,"play_id":"55a094a1-a9f9-4e8d-b9df-fb2639391164","local_time":"20190116195449","is_ascension_mode":true,"campfire_choices":[{"data":"Sucker Punch","floor":8,"key":"SMITH"},{"data":"Neutralize","floor":10,"key":"SMITH"},{"floor":13,"key":"REST"},{"data":"Heel Hook","floor":15,"key":"SMITH"}],"neow_cost":"NONE","seed_source_timestamp":1910009996131440,"circlet_count":0,"master_deck":["AscendersBane","Defend_G","Defend_G","Defend_G","Defend_G","Defend_G","Strike_G","Strike_G","Strike_G","Strike_G","Strike_G","Survivor","Neutralize+1","Deep Breath","Heel Hook+1","Dagger Spray","Predator","Sucker Punch+1","Flying Knee","Heel Hook","Dagger Spray","Swift Strike","Glass Knife","Pain","Backstab"],"relics":["Ring of the Serpent","Dodecahedron","Art of War","Happy Flower","WarpedTongs"],"potions_floor_usage":[5,6,12,16,21],"damage_taken":[{"damage":14,"enemies":"Cultist","floor":1,"turns":5},{"damage":0,"enemies":"2 Louse","floor":2,"turns":4},{"damage":7,"enemies":"Small Slimes","floor":4,"turns":3},{"damage":1,"enemies":"Red Slaver","floor":5,"turns":5},{"damage":0,"enemies":"Gremlin Nob","floor":6,"turns":3},{"damage":27,"enemies":"3 Sentries","floor":11,"turns":7},{"damage":11,"enemies":"Exordium Thugs","floor":12,"turns":4},{"damage":27,"enemies":"Slime Boss","floor":16,"turns":9},{"damage":20,"enemies":"2 Thieves","floor":18,"turns":3},{"damage":16,"enemies":"Chosen","floor":20,"turns":6},{"damage":23,"enemies":"Snake Plant","floor":21,"turns":3}],"seed_played":"8158959562628498807","potions_obtained":[{"floor":2,"key":"Regen Potion"},{"floor":6,"key":"Poison Potion"},{"floor":12,"key":"Explosive Potion"},{"floor":20,"key":"Poison Potion"}],"is_trial":false,"path_per_floor":["M","M","$","M","M","E","$","R","T","R","E","M","R","$","R","B",null,"M","?","M","M"],"character_chosen":"THE_SILENT","items_purchased":["Dagger Spray","FearPotion","Heel Hook","Swift Strike"],"campfire_rested":1,"item_purchase_floors":[3,3,7,14],"current_hp_per_floor":[49,49,49,42,55,55,55,55,55,55,28,17,38,38,38,11,55,35,35,19,0],"gold":169,"neow_bonus":"RANDOM_COLORLESS","is_prod":false,"is_daily":false,"chose_seed":false,"campfire_upgraded":3,"win_rate":0,"timestamp":1547668489,"path_taken":["M","M","$","M","M","E","?","R","T","R","E","M","R","$","R","BOSS","M","?","?","M"],"build_version":"2019-01-10","purchased_purges":0,"victory":false,"max_hp_per_floor":[70,70,70,70,70,70,70,70,70,70,70,70,70,70,70,70,70,70,70,70,70],"card_choices":[{"not_picked":["Caltrops","Bouncing Flask"],"picked":"Heel Hook","floor":1},{"not_picked":["Catalyst","Calculated Gamble","Dodge and Roll"],"picked":"SKIP","floor":2},{"not_picked":["Caltrops","Underhanded Strike"],"picked":"Predator","floor":4},{"not_picked":["Backflip","Terror"],"picked":"Sucker Punch","floor":5},{"not_picked":["Underhanded Strike","Leg Sweep"],"picked":"Flying Knee","floor":6},{"not_picked":["Escape Plan","Setup"],"picked":"Dagger Spray","floor":11},{"not_picked":["Slice","Blade Dance","Bane"],"picked":"SKIP","floor":12},{"not_picked":["Venomology","After Image"],"picked":"Glass Knife","floor":16},{"not_picked":["Outmaneuver","Calculated Gamble+1","Prepared"],"picked":"SKIP","floor":18},{"not_picked":["Blade Dance+1","Endless Agony"],"picked":"Backstab","floor":20}],"player_experience":370351,"relics_obtained":[{"floor":6,"key":"Dodecahedron"},{"floor":9,"key":"Art of War"},{"floor":11,"key":"Happy Flower"}],"event_choices":[{"damage_healed":0,"gold_gain":0,"player_choice":"Rummage","damage_taken":0,"relics_obtained":["WarpedTongs"],"max_hp_gain":0,"max_hp_loss":0,"event_name":"Accursed Blacksmith","floor":19,"gold_loss":0,"cards_obtained":["Pain"]}],"is_beta":false,"boss_relics":[{"not_picked":["Calling Bell","Tiny House"],"picked":"Ring of the Serpent"}],"items_purged_floors":[],"is_endless":false,"potions_floor_spawned":[2,4,6,12,20],"killed_by":"Snake Plant","ascension_level":11}