{"gold_per_floor":[114,31,44,44,44,75,86,120,120,130,130],"floor_reached":11,"playtime":379,"items_purged":[],"score":205,"play_id":"1875e89d-aa04-4586-9d84-427ea2fb215c","local_time":"20190424124812","is_ascension_mode":true,"campfire_choices":[],"neow_cost":"NONE","seed_source_timestamp":3196842838885040,"circlet_count":0,"master_deck":["AscendersBane","Defend_G","Defend_G","Defend_G","Defend_G","Defend_G","Strike_G","Strike_G","Strike_G","Strike_G","Strike_G","Survivor","Neutralize","Backstab","Deflect","Pain","Footwork","Footwork","Footwork"],"relics":["Ring of the Snake","NeowsBlessing","WarpedTongs","Bronze Scales","Shovel","Bottled Flame"],"potions_floor_usage":[11,11],"damage_taken":[{"damage":0,"enemies":"2 Louse","floor":1,"turns":1},{"damage":0,"enemies":"Cultist","floor":3,"turns":1},{"damage":0,"enemies":"Gremlin Nob","floor":6,"turns":1},{"damage":15,"enemies":"Jaw Worm","floor":7,"turns":4},{"damage":20,"enemies":"3 Sentries","floor":8,"turns":9},{"damage":10,"enemies":"Exordium Thugs","floor":10,"turns":4},{"damage":14,"enemies":"Lagavulin","floor":11,"turns":9}],"seed_played":"-4901367558541308548","potions_obtained":[{"floor":1,"key":"Weak Potion"},{"floor":10,"key":"Fire Potion"}],"is_trial":false,"path_per_floor":["M","$","M","$","?","E","M","E","T","M","E"],"character_chosen":"THE_SILENT","items_purchased":["GhostInAJar"],"campfire_rested":0,"item_purchase_floors":[2],"current_hp_per_floor":[59,59,59,59,59,59,44,24,24,14,0],"gold":130,"neow_bonus":"THREE_ENEMY_KILL","is_prod":false,"is_daily":false,"chose_seed":false,"campfire_upgraded":0,"win_rate":0,"timestamp":1556106492,"path_taken":["M","$","M","$","?","E","?","E","T","M","E"],"build_version":"2019-01-23","purchased_purges":0,"victory":false,"max_hp_per_floor":[66,66,66,66,66,66,66,66,66,66,66],"card_choices":[{"not_picked":["Tactician","PiercingWail"],"picked":"Backstab","floor":1},{"not_picked":["Calculated Gamble","Bane"],"picked":"Deflect","floor":3},{"not_picked":["Tactician","Distraction"],"picked":"Footwork","floor":6},{"not_picked":["Heel Hook","Blade Dance","Prepared"],"picked":"SKIP","floor":7},{"not_picked":["Underhanded Strike","Cloak And Dagger"],"picked":"Footwork","floor":8},{"not_picked":["Deflect","PiercingWail"],"picked":"Footwork","floor":10}],"player_experience":646166,"relics_obtained":[{"floor":6,"key":"Bronze Scales"},{"floor":8,"key":"Shovel"},{"floor":9,"key":"Bottled Flame"}],"event_choices":[{"damage_healed":0,"gold_gain":0,"player_choice":"Rummage","damage_taken":0,"relics_obtained":["WarpedTongs"],"max_hp_gain":0,"max_hp_loss":0,"event_name":"Accursed Blacksmith","floor":5,"gold_loss":0,"cards_obtained":["Pain"]}],"is_beta":false,"boss_relics":[],"items_purged_floors":[],"is_endless":false,"potions_floor_spawned":[1,3,10],"killed_by":"Lagavulin","ascension_level":18}