{"gold_per_floor":[115,134,149,163,181,209,284,301,351,361,387,407,136,155,155,257,257,275,200,216,232,252,252],"floor_reached":23,"playtime":1823,"items_purged":["Strike_R"],"score":260,"play_id":"91abf229-d0ff-45fc-8c35-13a4cbc69cef","local_time":"20180720005445","is_ascension_mode":true,"campfire_choices":[{"floor":15,"key":"REST"}],"neow_cost":"NONE","seed_source_timestamp":618739133011915,"circlet_count":0,"master_deck":["Strike_R","Strike_R","Strike_R","Strike_R","Defend_R","Defend_R","Defend_R","Bash","Infernal Blade","Body Slam","Flex","Spot Weakness","Shockwave","Flex","Heavy Blade","Immolate","Apotheosis","Ghostly Armor","Demon Form","Body Slam+1","Pommel Strike+1"],"relics":["Burning Blood","Bag of Marbles","Centennial Puzzle","Art of War","Pen Nib","Philosopher\u0027s Stone"],"potions_floor_usage":[11,16,23],"damage_taken":[{"damage":0,"enemies":"2 Louse","floor":1,"turns":2},{"damage":10,"enemies":"Small Slimes","floor":2,"turns":4},{"damage":1,"enemies":"Cultist","floor":3,"turns":3},{"damage":24,"enemies":"2 Fungi Beasts","floor":4,"turns":6},{"damage":1,"enemies":"Looter","floor":5,"turns":2},{"damage":36,"enemies":"Lagavulin","floor":6,"turns":5},{"damage":9,"enemies":"3 Louse","floor":8,"turns":4},{"damage":5,"enemies":"Red Slaver","floor":10,"turns":2},{"damage":18,"enemies":"3 Sentries","floor":11,"turns":5},{"damage":7,"enemies":"Large Slime","floor":12,"turns":3},{"damage":1,"enemies":"3 Louse","floor":14,"turns":3},{"damage":39,"enemies":"The Guardian","floor":16,"turns":8},{"damage":8,"enemies":"Chosen","floor":18,"turns":3},{"damage":27,"enemies":"Shell Parasite","floor":20,"turns":3},{"damage":11,"enemies":"Snake Plant","floor":21,"turns":2},{"damage":21,"enemies":"Slaver and Parasite","floor":22,"turns":6},{"damage":55,"enemies":"Book of Stabbing","floor":23,"turns":4}],"seed_played":"8636465881869057927","potions_obtained":[{"floor":1,"key":"Poison Potion"},{"floor":2,"key":"FearPotion"},{"floor":3,"key":"Ancient Potion"},{"floor":10,"key":"Fire Potion"},{"floor":14,"key":"SpeedPotion"},{"floor":18,"key":"Regen Potion"}],"is_trial":false,"path_per_floor":["M","M","M","M","M","E","?","M","T","M","E","M","$","M","R","B",null,"M","?","M","M","M"],"character_chosen":"IRONCLAD","items_purchased":["Apotheosis"],"campfire_rested":1,"item_purchase_floors":[13],"current_hp_per_floor":[80,76,80,62,67,37,26,23,23,24,12,11,11,16,40,7,80,78,78,57,52,37,0],"gold":252,"neow_bonus":"RANDOM_COMMON_RELIC","is_prod":false,"is_daily":false,"chose_seed":false,"campfire_upgraded":0,"win_rate":0,"timestamp":1532019285,"path_taken":["M","M","M","M","M","E","?","M","T","M","E","M","$","M","R","BOSS","M","?","M","M","M","E"],"build_version":"2018-07-12","purchased_purges":1,"victory":false,"max_hp_per_floor":[80,80,80,80,80,80,80,80,80,80,80,80,80,80,80,80,80,80,80,80,80,80,80],"card_choices":[{"not_picked":["Disarm","Pommel Strike"],"picked":"Infernal Blade","floor":1},{"not_picked":["Armaments","Perfected Strike","Searing Blow"],"picked":"SKIP","floor":2},{"not_picked":["Flex","Uppercut"],"picked":"Body Slam","floor":3},{"not_picked":["Cleave","Armaments"],"picked":"Flex","floor":4},{"not_picked":["Flex","Metallicize"],"picked":"Spot Weakness","floor":5},{"not_picked":["Armaments","Flex"],"picked":"Shockwave","floor":6},{"not_picked":["Disarm","Rampage"],"picked":"Flex","floor":8},{"not_picked":["Anger","Body Slam"],"picked":"Heavy Blade","floor":10},{"not_picked":["Dual Wield","Cleave"],"picked":"Immolate","floor":11},{"not_picked":["Second Wind","Wild Strike","Cleave"],"picked":"SKIP","floor":12},{"not_picked":["Metallicize","Heavy Blade"],"picked":"Ghostly Armor","floor":14},{"not_picked":["Dark Embrace","Bludgeon"],"picked":"Demon Form","floor":16},{"not_picked":["Warcry","Searing Blow","Inflame"],"picked":"SKIP","floor":18},{"not_picked":["Flex","Thunderclap+1","Clash"],"picked":"SKIP","floor":20},{"not_picked":["Intimidate","True Grit"],"picked":"Body Slam+1","floor":21},{"not_picked":["Power Through","Sever Soul"],"picked":"Pommel Strike+1","floor":22}],"player_experience":179630,"relics_obtained":[{"floor":6,"key":"Centennial Puzzle"},{"floor":9,"key":"Art of War"},{"floor":11,"key":"Pen Nib"}],"event_choices":[{"event_name":"World of Goop","player_choice":"Gather Gold","floor":7,"damage_taken":0},{"event_name":"Beggar","player_choice":"Gave Gold","floor":19,"damage_taken":0}],"boss_relics":[{"not_picked":["White Beast Statue","Calling Bell"],"picked":"Philosopher\u0027s Stone"}],"items_purged_floors":[13],"is_endless":false,"potions_floor_spawned":[1,2,3,10,14,18,22],"killed_by":"Book of Stabbing","ascension_level":2}