{"gold_per_floor":[111,31,31,31,31,31,57,57,103,138,158,158,178,49,49,138,138,138],"floor_reached":18,"playtime":380,"items_purged":["Injury"],"score":410,"play_id":"f11a65d0-775a-47ba-a119-5bfb16387ffd","local_time":"20190426180435","is_ascension_mode":true,"campfire_choices":[{"data":"Armaments","floor":6,"key":"SMITH"},{"data":"Corruption","floor":8,"key":"SMITH"},{"data":"Juggernaut","floor":15,"key":"SMITH"}],"neow_cost":"NONE","seed_source_timestamp":3388631435356184,"circlet_count":0,"master_deck":["AscendersBane","Strike_R","Strike_R","Strike_R","Strike_R","Strike_R","Defend_R","Defend_R","Defend_R","Defend_R","Bash","Armaments+1","Dropkick","Corruption+1","Juggernaut+1","Ghostly Armor","Dark Embrace"],"relics":["Burning Blood","NeowsBlessing","Dodecahedron","Bag of Preparation","Art of War","Golden Idol","Black Star"],"potions_floor_usage":[16,18],"damage_taken":[{"damage":0,"enemies":"Jaw Worm","floor":1,"turns":1},{"damage":0,"enemies":"Lagavulin","floor":7,"turns":1},{"damage":0,"enemies":"Gremlin Nob","floor":10,"turns":1},{"damage":5,"enemies":"2 Louse","floor":11,"turns":3},{"damage":0,"enemies":"Cultist","floor":13,"turns":2},{"damage":46,"enemies":"The Guardian","floor":16,"turns":9},{"damage":76,"enemies":"3 Byrds","floor":18,"turns":5}],"seed_played":"-4993831506796491044","potions_obtained":[{"floor":1,"key":"LiquidBronze"},{"floor":7,"key":"LiquidBronze"},{"floor":13,"key":"Strength Potion"}],"is_trial":false,"path_per_floor":["M","$","?","$","?","R","E","R","T","E","M","?","M","$","R","B",null,"M"],"character_chosen":"IRONCLAD","items_purchased":["Dropkick","SteroidPotion"],"campfire_rested":0,"item_purchase_floors":[2,14],"current_hp_per_floor":[74,74,74,74,79,79,80,80,80,80,80,80,80,80,80,40,70,0],"gold":138,"neow_bonus":"THREE_ENEMY_KILL","is_prod":false,"is_daily":false,"chose_seed":false,"campfire_upgraded":3,"win_rate":0,"timestamp":1556298275,"path_taken":["M","$","?","$","?","R","E","R","T","E","M","?","M","$","R","BOSS","M"],"build_version":"2019-01-23","purchased_purges":1,"victory":false,"max_hp_per_floor":[75,75,75,75,80,80,80,80,80,80,80,80,80,80,80,80,80,80],"card_choices":[{"not_picked":["Dropkick","Clash"],"picked":"Armaments","floor":1},{"not_picked":["Iron Wave","Clash"],"picked":"Corruption","floor":7},{"not_picked":["Bludgeon","Flex"],"picked":"Juggernaut","floor":10},{"not_picked":["Headbutt","Evolve"],"picked":"Ghostly Armor","floor":11},{"not_picked":["Iron Wave","Fire Breathing","Clash"],"picked":"SKIP","floor":13},{"not_picked":["Reaper","Berserk"],"picked":"Dark Embrace","floor":16}],"player_experience":670413,"relics_obtained":[{"floor":7,"key":"Dodecahedron"},{"floor":9,"key":"Bag of Preparation"},{"floor":10,"key":"Art of War"}],"event_choices":[{"damage_healed":0,"gold_gain":0,"player_choice":"Leave","damage_taken":0,"max_hp_gain":0,"max_hp_loss":0,"event_name":"The Cleric","floor":3,"gold_loss":0},{"damage_healed":0,"gold_gain":0,"player_choice":"Donut","damage_taken":0,"max_hp_gain":5,"max_hp_loss":0,"event_name":"Big Fish","floor":5,"gold_loss":0},{"damage_healed":0,"gold_gain":0,"player_choice":"Take Wound","damage_taken":0,"relics_obtained":["Golden Idol"],"max_hp_gain":0,"max_hp_loss":0,"event_name":"Golden Idol","floor":12,"gold_loss":0,"cards_obtained":["Injury"]}],"is_beta":false,"boss_relics":[{"not_picked":["Velvet Choker","White Beast Statue"],"picked":"Black Star"}],"items_purged_floors":[14],"is_endless":false,"potions_floor_spawned":[1,7,13],"killed_by":"3 Byrds","ascension_level":18}