{"gold_per_floor":[116,136,136,151,167,200,200,240,263,263,263,275,322,175,175,304,304,324,155,155,171,141,184,184,184],"floor_reached":25,"playtime":1216,"items_purged":["Strike_G","Strike_G"],"score":332,"play_id":"e73f6650-e996-44c2-ba32-c0f3fa473baf","local_time":"20190404124201","is_ascension_mode":true,"campfire_choices":[{"data":"Neutralize","floor":7,"key":"SMITH"},{"floor":12,"key":"REST"},{"floor":15,"key":"REST"},{"floor":24,"key":"REST"}],"neow_cost":"NONE","seed_source_timestamp":1170400128008161,"circlet_count":0,"master_deck":["Defend_G","Defend_G","Defend_G","Defend_G","Defend_G","Strike_G","Strike_G","Strike_G","Survivor","Neutralize+1","Dagger Throw","Poisoned Stab","Deadly Poison","PiercingWail","Leg Sweep","A Thousand Cuts","Noxious Fumes","Noxious Fumes","Writhe"],"relics":["Ring of the Snake","Golden Idol","Strawberry","Bronze Scales","Regal Pillow","MawBank","Juzu Bracelet","Velvet Choker","Blue Candle","Shuriken"],"potions_floor_usage":[6,16,23,25],"damage_taken":[{"damage":8,"enemies":"Jaw Worm","floor":1,"turns":5},{"damage":0,"enemies":"Small Slimes","floor":2,"turns":2},{"damage":4,"enemies":"2 Louse","floor":4,"turns":2},{"damage":4,"enemies":"Blue Slaver","floor":5,"turns":4},{"damage":22,"enemies":"Lagavulin","floor":6,"turns":7},{"damage":22,"enemies":"3 Sentries","floor":8,"turns":10},{"damage":24,"enemies":"Lagavulin","floor":13,"turns":7},{"damage":22,"enemies":"Slime Boss","floor":16,"turns":9},{"damage":7,"enemies":"3 Byrds","floor":18,"turns":3},{"damage":20,"enemies":"Spheric Guardian","floor":21,"turns":4},{"damage":24,"enemies":"Book of Stabbing","floor":23,"turns":7},{"damage":46,"enemies":"Slavers","floor":25,"turns":4}],"seed_played":"171159955244143161","potions_obtained":[{"floor":2,"key":"EssenceOfSteel"},{"floor":13,"key":"Explosive Potion"},{"floor":22,"key":"GamblersBrew"},{"floor":22,"key":"Strength Potion"},{"floor":23,"key":"Block Potion"}],"is_trial":false,"path_per_floor":["M","M","?","M","M","E","R","E","T","?","?","R","E","$","R","B",null,"M","$","?","M","?","E","R","E"],"character_chosen":"THE_SILENT","items_purchased":["Noxious Fumes","AttackPotion","Noxious Fumes"],"campfire_rested":3,"item_purchase_floors":[14,14,19],"current_hp_per_floor":[55,55,55,51,47,32,32,10,10,10,3,39,15,15,51,29,61,54,54,54,34,34,10,46,0],"gold":184,"neow_bonus":"THREE_CARDS","is_prod":false,"is_daily":false,"chose_seed":false,"campfire_upgraded":1,"win_rate":0,"timestamp":1554399721,"path_taken":["M","M","?","M","M","E","R","E","T","?","?","R","E","?","R","BOSS","M","$","?","M","?","E","R","E"],"build_version":"2019-01-23","purchased_purges":2,"victory":false,"max_hp_per_floor":[70,70,65,65,65,72,72,72,72,72,72,72,72,72,72,72,72,72,72,72,72,72,72,72,72],"card_choices":[{"not_picked":["Flying Knee","Backflip"],"picked":"Dagger Throw","floor":0},{"not_picked":["Acrobatics","Dagger Throw"],"picked":"Poisoned Stab","floor":1},{"not_picked":["Backflip","Cloak And Dagger","Terror"],"picked":"SKIP","floor":2},{"not_picked":["Choke","Prepared"],"picked":"Deadly Poison","floor":4},{"not_picked":["Acrobatics","Sucker Punch"],"picked":"PiercingWail","floor":5},{"not_picked":["Expertise","Dagger Spray"],"picked":"Leg Sweep","floor":6},{"not_picked":["Riddle With Holes","Prepared","Dodge and Roll"],"picked":"SKIP","floor":8},{"not_picked":["Flying Knee","Dash"],"picked":"A Thousand Cuts","floor":13},{"not_picked":["Poisoned Stab","Predator","Masterful Stab"],"picked":"SKIP","floor":18},{"not_picked":["Flying Knee","Terror","Expertise+1"],"picked":"SKIP","floor":21},{"not_picked":["Predator","Blade Dance","Eviscerate"],"picked":"SKIP","floor":23}],"player_experience":595046,"relics_obtained":[{"floor":6,"key":"Strawberry"},{"floor":8,"key":"Bronze Scales"},{"floor":9,"key":"Regal Pillow"},{"floor":13,"key":"Juzu Bracelet"},{"floor":23,"key":"Shuriken"}],"event_choices":[{"damage_healed":0,"gold_gain":0,"player_choice":"Lose Max HP","damage_taken":0,"relics_obtained":["Golden Idol"],"max_hp_gain":0,"max_hp_loss":5,"event_name":"Golden Idol","floor":3,"gold_loss":0},{"damage_healed":0,"gold_gain":0,"player_choice":"Ignored","damage_taken":0,"max_hp_gain":0,"max_hp_loss":0,"event_name":"Liars Game","floor":10,"gold_loss":0},{"damage_healed":0,"gold_gain":0,"player_choice":"Success","damage_taken":7,"relics_obtained":["MawBank"],"max_hp_gain":0,"max_hp_loss":0,"event_name":"Scrap Ooze","floor":11,"gold_loss":0},{"damage_healed":0,"gold_gain":0,"player_choice":"Opened","damage_taken":0,"relics_obtained":["Blue Candle"],"max_hp_gain":0,"max_hp_loss":0,"event_name":"The Mausoleum","floor":20,"gold_loss":0,"cards_obtained":["Writhe"]},{"damage_healed":0,"gold_gain":0,"player_choice":"Bought 2 Potions","damage_taken":0,"max_hp_gain":0,"max_hp_loss":0,"event_name":"The Woman in Blue","floor":22,"gold_loss":0}],"is_beta":false,"boss_relics":[{"not_picked":["Ectoplasm","Runic Dome"],"picked":"Velvet Choker"}],"items_purged_floors":[14,19],"is_endless":false,"potions_floor_spawned":[2,13,23],"killed_by":"Slavers","ascension_level":8}