{"gold_per_floor":[114,129,129,144,159,174,204,204,279,294,321,348,375,387,399,511,523,550,577,604,631,658,670,682,709,721,748,775,832,859,886,898,1010,1022,1049,1076,1103,1130,1157,1169,1196,1223,1235,1247,19,34,49,64,64,64],"floor_reached":51,"playtime":6716,"items_purged":["Auto Shields"],"score":1025,"play_id":"6a23427b-582c-46f9-92d6-ed8c55641c2a","local_time":"20180721154933","daily_mods":["Insanity","Time Dilation","Vintage"],"is_ascension_mode":false,"campfire_choices":[{"data":"Echo Form","floor":8,"key":"SMITH"},{"data":"Redo","floor":15,"key":"SMITH"},{"data":"Buffer","floor":23,"key":"SMITH"},{"data":"Sunder","floor":32,"key":"SMITH"},{"data":"Aggregate","floor":40,"key":"SMITH"},{"data":"Aggregate","floor":49,"key":"SMITH"}],"neow_cost":"","seed_source_timestamp":0,"circlet_count":0,"master_deck":["Leap","Undo+1","Creative AI","Conserve Battery","Ball Lightning+1","Leap","Seek","All For One+1","Buffer+1","BootSequence+1","Sunder","White Noise","Rip and Tear","Aggregate+1","Redo+1","Scrape","Barrage","Aggregate+1","Steam Power","Steam","Chill","Capacitor","Biased Cognition","Stack","Chill","Chill","Sweeping Beam","Turbo","Heatsinks+1","Multi-Cast","Steam Power","Cold Snap","Meteor Strike","Hyperbeam","Machine Learning","Leap","Auto Shields","Chill","Sweeping Beam","Doom and Gloom","All For One","Echo Form+1","Fission","Sunder+1","Aggregate","Self Repair","Zap+1","Amplify","Turbo+1","Core Surge","Rebound+1","Reprogram"],"special_seed":17733,"relics":["Cracked Core","Smiling Mask","Bottled Lightning","Centennial Puzzle","Bird Faced Urn","Potion Belt","Letter Opener","Bag of Marbles","Symbiotic Virus","MawBank","Ornamental Fan","Art of War","DataDisk","Gremlin Horn","Runic Dome","Calipers","Matryoshka","Ancient Tea Set","Dream Catcher","The Courier","Oddly Smooth Stone","Molten Egg 2","Bottled Tornado","Blood Vial","Whetstone","Tiny Chest","Happy Flower","Mango","Incense Burner","Coffee Dripper","Darkstone Periapt","Cables","War Paint","Orichalcum","Prayer Wheel","Shuriken","Vajra","Bronze Scales","Juzu Bracelet","Bag of Preparation","OrangePellets","Anchor","Torii","Pen Nib","Strawberry","Omamori","Blue Candle","Boot","Lantern"],"potions_floor_usage":[33,50,50,50,50,50],"damage_taken":[{"damage":1,"enemies":"Jaw Worm","floor":1,"turns":4},{"damage":0,"enemies":"2 Louse","floor":2,"turns":1},{"damage":0,"enemies":"Small Slimes","floor":4,"turns":2},{"damage":2,"enemies":"Blue Slaver","floor":5,"turns":2},{"damage":0,"enemies":"Red Slaver","floor":6,"turns":4},{"damage":0,"enemies":"Lagavulin","floor":7,"turns":4},{"damage":0,"enemies":"3 Louse","floor":10,"turns":1},{"damage":0,"enemies":"Lots of Slimes","floor":11,"turns":2},{"damage":0,"enemies":"Exordium Wildlife","floor":12,"turns":2},{"damage":0,"enemies":"Red Slaver","floor":13,"turns":1},{"damage":0,"enemies":"The Guardian","floor":16,"turns":5},{"damage":0,"enemies":"Spheric Guardian","floor":18,"turns":2},{"damage":5,"enemies":"Shell Parasite","floor":19,"turns":3},{"damage":3,"enemies":"Cultist and Chosen","floor":20,"turns":6},{"damage":0,"enemies":"Centurion and Healer","floor":21,"turns":3},{"damage":0,"enemies":"Snecko","floor":22,"turns":2},{"damage":0,"enemies":"3 Cultists","floor":25,"turns":2},{"damage":0,"enemies":"Chosen and Byrds","floor":27,"turns":3},{"damage":0,"enemies":"Cultist and Chosen","floor":28,"turns":2},{"damage":0,"enemies":"Sentry and Sphere","floor":29,"turns":4},{"damage":0,"enemies":"Centurion and Healer","floor":30,"turns":5},{"damage":0,"enemies":"Snecko","floor":31,"turns":3},{"damage":0,"enemies":"Collector","floor":33,"turns":6},{"damage":0,"enemies":"3 Shapes","floor":35,"turns":1},{"damage":0,"enemies":"Flame Bruiser 1 Orb","floor":36,"turns":3},{"damage":0,"enemies":"Sphere and 2 Shapes","floor":37,"turns":4},{"damage":0,"enemies":"Maw","floor":38,"turns":4},{"damage":9,"enemies":"Spire Growth","floor":39,"turns":3},{"damage":0,"enemies":"Transient","floor":41,"turns":5},{"damage":0,"enemies":"Maw","floor":42,"turns":5},{"damage":0,"enemies":"Sphere and 2 Shapes","floor":46,"turns":3},{"damage":0,"enemies":"4 Shapes","floor":47,"turns":1},{"damage":0,"enemies":"Flame Bruiser 2 Orb","floor":48,"turns":2},{"damage":0,"enemies":"Donu and Deca","floor":50,"turns":6}],"seed_played":"5511659171679018982","potions_obtained":[{"floor":2,"key":"SkillPotion"},{"floor":4,"key":"AttackPotion"},{"floor":5,"key":"Ancient Potion"},{"floor":12,"key":"Block Potion"},{"floor":13,"key":"Weak Potion"},{"floor":20,"key":"PowerPotion"},{"floor":27,"key":"Ancient Potion"},{"floor":36,"key":"Regen Potion"},{"floor":37,"key":"SpeedPotion"},{"floor":38,"key":"SpeedPotion"}],"is_trial":false,"path_per_floor":["M","M","?","M","M","M","E","R","T","M","M","M","M","?","R","B",null,"M","M","M","M","M","R","?","M","T","M","M","M","M","M","R","B",null,"M","M","M","M","M","R","M","M","T","?","$","M","M","M","R","B"],"character_chosen":"DEFECT","items_purchased":["Bag of Preparation","OrangePellets","Anchor","Torii","Pen Nib","Strawberry","Omamori","Rebound+1","Reprogram"],"campfire_rested":0,"item_purchase_floors":[45,45,45,45,45,45,45,45,45],"current_hp_per_floor":[74,74,56,56,60,75,75,75,75,75,75,75,75,60,60,75,75,75,75,75,75,75,75,75,75,75,75,75,75,75,89,89,89,89,89,89,89,89,84,84,89,89,89,89,96,96,96,96,96,96],"gold":64,"neow_bonus":"","is_prod":false,"is_daily":true,"chose_seed":false,"campfire_upgraded":6,"win_rate":0,"timestamp":1532198973,"path_taken":["M","M","?","M","M","M","E","R","T","M","M","M","M","?","R","BOSS","M","M","M","M","M","R","?","M","T","M","M","M","?","M","R","BOSS","M","M","M","M","M","R","M","M","T","?","$","M","M","M","R","BOSS"],"build_version":"2018-07-19v2","purchased_purges":1,"victory":true,"max_hp_per_floor":[75,75,75,75,75,75,75,75,75,75,75,75,75,75,75,75,75,75,75,75,75,75,75,75,75,75,75,75,75,75,89,89,89,89,89,89,89,89,89,89,89,89,89,89,96,96,96,96,96,96],"card_choices":[{"not_picked":["All For One","Hyperbeam"],"picked":"Turbo","floor":7},{"not_picked":["Reboot","Rainbow"],"picked":"Core Surge","floor":16}],"player_experience":292563,"relics_obtained":[{"floor":1,"key":"Smiling Mask"},{"floor":2,"key":"Bottled Lightning"},{"floor":4,"key":"Bird Faced Urn"},{"floor":5,"key":"Potion Belt"},{"floor":6,"key":"Letter Opener"},{"floor":7,"key":"Bag of Marbles"},{"floor":9,"key":"Symbiotic Virus"},{"floor":10,"key":"MawBank"},{"floor":11,"key":"Ornamental Fan"},{"floor":12,"key":"Art of War"},{"floor":13,"key":"DataDisk"},{"floor":16,"key":"Gremlin Horn"},{"floor":18,"key":"Calipers"},{"floor":19,"key":"Matryoshka"},{"floor":20,"key":"Ancient Tea Set"},{"floor":21,"key":"Dream Catcher"},{"floor":22,"key":"The Courier"},{"floor":25,"key":"Oddly Smooth Stone"},{"floor":26,"key":"Molten Egg 2"},{"floor":26,"key":"Bottled Tornado"},{"floor":27,"key":"Blood Vial"},{"floor":28,"key":"Whetstone"},{"floor":29,"key":"Tiny Chest"},{"floor":30,"key":"Happy Flower"},{"floor":31,"key":"Mango"},{"floor":33,"key":"Incense Burner"},{"floor":35,"key":"Darkstone Periapt"},{"floor":36,"key":"Cables"},{"floor":37,"key":"War Paint"},{"floor":38,"key":"Orichalcum"},{"floor":39,"key":"Prayer Wheel"},{"floor":41,"key":"Shuriken"},{"floor":42,"key":"Vajra"},{"floor":43,"key":"Bronze Scales"},{"floor":43,"key":"Juzu Bracelet"},{"floor":46,"key":"Blue Candle"},{"floor":47,"key":"Boot"},{"floor":48,"key":"Lantern"}],"event_choices":[{"event_name":"Scrap Ooze","player_choice":"success","floor":3,"damage_taken":18},{"event_name":"Shining Light","player_choice":"Entered Light","floor":14,"damage_taken":0},{"event_name":"Purifier","player_choice":"One Purge","floor":24,"damage_taken":0},{"event_name":"Upgrade Shrine","player_choice":"Upgraded","floor":44,"damage_taken":0}],"is_beta":false,"boss_relics":[{"not_picked":["FrozenCore","Empty Cage"],"picked":"Runic Dome"},{"not_picked":["Astrolabe","Velvet Choker"],"picked":"Coffee Dripper"}],"items_purged_floors":[45],"is_endless":false,"potions_floor_spawned":[2,4,5,12,13,16,20,21,25,27,31,36,37,38,39],"ascension_level":0}