{"path_per_floor":["M","?","?","M","?","R","E","M","T","T","M","$","M","M","R","B",null,"M","?","$","M","M","R","E","M","T","R","M","?","?"],"character_chosen":"IRONCLAD","items_purchased":["Juggernaut","Corruption","Evolve","Jack Of All Trades"],"gold_per_floor":[116,116,291,306,306,306,341,352,352,352,364,4,24,43,43,138,138,156,156,76,88,100,100,129,140,140,140,151,151,151],"floor_reached":31,"campfire_rested":2,"playtime":2300,"current_hp_per_floor":[80,64,64,61,61,61,38,41,41,41,34,34,40,43,43,20,80,79,79,79,65,33,59,33,16,16,43,24,24,24],"items_purged":["Strike_R","Strike_R"],"gold":151,"play_id":"18618f88-b0e0-4be8-b9d4-94667d4dc9fc","is_prod":false,"is_daily":false,"campfire_rituals":0,"campfire_upgraded":2,"is_hardmode":false,"path_taken":["M","?","?","M","?","R","E","M","T","?","?","$","M","M","R","BOSS","M","?","?","?","M","R","E","M","T","R","M","?","?","?"],"build_version":"2018-01-11-PROD2","purchased_purges":2,"victory":false,"master_deck":["Strike_R","Strike_R","Defend_R","Defend_R","Defend_R","Defend_R","Bash","Exhume","Pommel Strike","Burning Pact","Shockwave","Second Wind","Havoc","Juggernaut","Corruption","Evolve","Jack Of All Trades","Headbutt","Shrug It Off","Feed","Infernal Blade","Shrug It Off","True Grit","Demon Form","Armaments","Wild Strike"],"max_hp_per_floor":[80,80,80,80,80,80,80,80,80,80,80,80,80,80,80,80,80,83,83,83,86,89,89,89,92,92,92,92,92,92],"relics":["Burning Blood","The Courier","Charon\u0027s Ashes","Frozen Eye","Black Star","Shuriken","Ice Cream","Champion Belt","Pantograph"],"campfire_meditates":0,"card_choices":[{"not_picked":["True Grit","Twin Strike"],"picked":"Pommel Strike"},{"not_picked":["Dual Wield","Body Slam"],"picked":"Burning Pact"},{"not_picked":["Spot Weakness","Juggernaut"],"picked":"Second Wind"},{"not_picked":["Flex","Armaments"],"picked":"Havoc"},{"not_picked":["Iron Wave","Perfected Strike"],"picked":"Headbutt"},{"not_picked":["Anger","Dual Wield"],"picked":"Shrug It Off"},{"not_picked":["Brutality","Bludgeon"],"picked":"Feed"},{"not_picked":["Body Slam","Thunderclap"],"picked":"Infernal Blade"},{"not_picked":["Flex","Rupture"],"picked":"Shrug It Off"},{"not_picked":["Body Slam","Headbutt"],"picked":"True Grit"},{"not_picked":["Cleave","Flex"],"picked":"Demon Form"},{"not_picked":["True Grit","Dual Wield"],"picked":"Armaments"},{"not_picked":["Blood for Blood","Burning Pact"],"picked":"Wild Strike"}],"player_experience":279498,"potions_floor_usage":[16,16,24,28,31],"damage_taken":[{"damage":1,"enemies":"2 Louse","floor":1,"turns":3},{"damage":9,"enemies":"Blue Slaver","floor":4,"turns":5},{"damage":29,"enemies":"Gremlin Nob","floor":7,"turns":5},{"damage":3,"enemies":"Small Slimes","floor":8,"turns":3},{"damage":13,"enemies":"3 Louse","floor":11,"turns":3},{"damage":0,"enemies":"2 Fungi Beasts","floor":13,"turns":3},{"damage":3,"enemies":"Large Slime","floor":14,"turns":3},{"damage":29,"enemies":"Slime Boss","floor":16,"turns":10},{"damage":10,"enemies":"Chosen","floor":18,"turns":5},{"damage":23,"enemies":"Spheric Guardian","floor":21,"turns":5},{"damage":55,"enemies":"3 Cultists","floor":22,"turns":8},{"damage":36,"enemies":"Slavers","floor":24,"turns":7},{"damage":26,"enemies":"Centurion and Healer","floor":25,"turns":7},{"damage":25,"enemies":"Sentry and Sphere","floor":28,"turns":5},{"damage":29,"enemies":"3 Cultists","floor":31,"turns":5}],"event_choices":[{"event_name":"Shining Light","player_choice":"Entered Light","floor":2,"damage_taken":0},{"event_name":"Liars Game","player_choice":"agreed","floor":3,"damage_taken":0},{"event_name":"Living Wall","player_choice":"Change","floor":5,"damage_taken":0},{"event_name":"The Mausoleum","player_choice":"Yes","floor":19,"damage_taken":0},{"event_name":"Back to Basics","player_choice":"Elegance","floor":29,"damage_taken":0},{"event_name":"Wheel of Change","player_choice":"Card Removal","floor":30,"damage_taken":0}],"boss_relics":[{"not_picked":["Orrery","Astrolabe"],"picked":"Black Star"}],"potions_floor_spawned":[13,14,22,24,25],"seed_played":"-2685415111289745660","killed_by":"3 Cultists","is_trial":false}