{"path_per_floor":["M","?","M","M","$","E","M","E","T","M","M","M","R","M","R","B",null,"M","M","M","M","?","R","E","R","T","?","E","$","E","M","R","B",null,"M","M","M","M","M","E","M","M","T","M","M","M","M","E","R","B"],"character_chosen":"THE_SILENT","items_purchased":["Skewer","Shuriken","Backstab","Swift Strike","Ornamental Fan","Slice"],"gold_per_floor":[114,114,129,144,67,97,112,142,142,157,472,487,487,502,502,602,602,617,632,647,662,662,662,692,692,692,692,722,12,42,57,57,157,157,172,187,202,217,232,262,277,292,292,307,322,337,352,382,382,382],"floor_reached":51,"campfire_rested":0,"playtime":2293,"current_hp_per_floor":[66,66,66,66,66,68,70,71,71,76,78,80,80,82,82,56,87,87,87,87,87,87,87,75,75,75,75,77,77,79,81,81,83,87,87,87,87,87,87,87,87,87,87,87,87,87,87,89,89,89],"items_purged":[],"gold":382,"score":1143,"play_id":"fe6ef58b-dfbb-48e2-bc0b-cb7dcfafa52c","local_time":"20180418121755","daily_mods":["Draft","Night Terrors","Vintage"],"is_prod":false,"is_daily":true,"chose_seed":false,"is_ascension_mode":false,"campfire_upgraded":6,"timestamp":1524075475,"path_taken":["M","?","M","?","$","E","M","E","T","M","M","M","R","M","R","BOSS","M","M","M","M","?","R","E","R","T","?","E","$","E","M","R","BOSS","M","M","M","M","M","E","M","M","T","M","M","M","M","E","R","BOSS"],"build_version":"2018-04-17","seed_source_timestamp":0,"purchased_purges":0,"victory":true,"master_deck":["Calculated Gamble+1","Backflip","Reflex+1","Acrobatics+1","Prepared+1","Underhanded Strike+1","Underhanded Strike","Slice+1","Sucker Punch","Distraction+1","Quick Slash","Dagger Throw","Endless Agony","Infinite Blades","Backflip","Skewer+1","Underhanded Strike","Concentrate+1","After Image+1","Choke+1","Eviscerate+1","Backstab+1","Swift Strike+1","Slice+1","Deflect+1","Deflect+1"],"max_hp_per_floor":[70,70,70,70,70,70,70,77,77,87,87,87,87,87,87,87,87,87,87,87,87,87,87,87,87,87,87,87,87,87,87,87,87,87,87,87,87,87,87,87,87,87,87,87,87,87,87,89,89,89],"relics":["Ring of the Snake","Ninja Scroll","Blue Candle","Blood Vial","Regal Pillow","Letter Opener","Strawberry","Darkstone Periapt","Pear","Old Coin","Snake Skull","Gambling Chip","Calipers","Runic Dome","Bag of Preparation","Meat on the Bone","Paper Crane","Oddly Smooth Stone","Orichalcum","Molten Egg 2","Unceasing Top","Shuriken","Ornamental Fan","War Paint","Matryoshka","Art of War","Sozu","Frozen Egg 2","Singing Bowl","Pen Nib","Whetstone","Happy Flower","Bronze Scales","Lantern","Omamori","Ancient Tea Set","Toxic Egg 2","Mummified Hand","Dream Catcher","Bottled Flame","Prayer Wheel","Mercury Hourglass"],"card_choices":[{"not_picked":["Outmaneuver","Sucker Punch"],"picked":"Calculated Gamble","floor":0},{"not_picked":["Cloak And Dagger","Dodge and Roll"],"picked":"Backflip","floor":0},{"not_picked":["Dodge and Roll","Finisher"],"picked":"Reflex","floor":0},{"not_picked":["Leg Sweep","Flying Knee"],"picked":"Acrobatics","floor":0},{"not_picked":["Sucker Punch","Choke"],"picked":"Prepared","floor":0},{"not_picked":["Sucker Punch","Dagger Spray"],"picked":"Underhanded Strike","floor":0},{"not_picked":["Outmaneuver","Poisoned Stab"],"picked":"Underhanded Strike","floor":0},{"not_picked":["Bane","Blade Dance"],"picked":"Slice","floor":0},{"not_picked":["Riddle With Holes","Masterful Stab"],"picked":"Sucker Punch","floor":0},{"not_picked":["Leg Sweep","Bane"],"picked":"Distraction","floor":0},{"not_picked":["Deadly Poison","Slice"],"picked":"Quick Slash","floor":0},{"not_picked":["Deadly Poison","Sucker Punch"],"picked":"Dagger Throw","floor":0},{"not_picked":["Outmaneuver","Dodge and Roll"],"picked":"Endless Agony","floor":0},{"not_picked":["Prepared","Riddle With Holes"],"picked":"Infinite Blades","floor":0},{"not_picked":["Quick Slash","Outmaneuver"],"picked":"Backflip","floor":0},{"not_picked":["Wraith Form v2","Accuracy"],"picked":"Underhanded Strike","floor":6},{"not_picked":["Endless Agony","Escape Plan"],"picked":"Concentrate","floor":8},{"not_picked":["Corpse Explosion","Unload"],"picked":"After Image","floor":16},{"not_picked":["Dagger Throw","Cloak And Dagger"],"picked":"Choke","floor":24},{"not_picked":["All Out Attack","Deflect"],"picked":"Eviscerate","floor":28},{"not_picked":["PiercingWail","Dagger Spray"],"picked":"Deflect","floor":30},{"not_picked":["Noxious Fumes","Bane"],"picked":"Deflect","floor":40}],"player_experience":311380,"potions_floor_usage":[14,16,16,20,50,50],"damage_taken":[{"damage":4,"enemies":"Jaw Worm","floor":1,"turns":2},{"damage":0,"enemies":"2 Louse","floor":3,"turns":2},{"damage":0,"enemies":"Cultist","floor":4,"turns":2},{"damage":0,"enemies":"Gremlin Nob","floor":6,"turns":2},{"damage":0,"enemies":"Large Slime","floor":7,"turns":2},{"damage":6,"enemies":"3 Sentries","floor":8,"turns":3},{"damage":7,"enemies":"3 Louse","floor":10,"turns":2},{"damage":0,"enemies":"2 Fungi Beasts","floor":11,"turns":1},{"damage":0,"enemies":"Lots of Slimes","floor":12,"turns":1},{"damage":0,"enemies":"Red Slaver","floor":14,"turns":1},{"damage":31,"enemies":"Hexaghost","floor":16,"turns":3},{"damage":0,"enemies":"Shell Parasite","floor":18,"turns":2},{"damage":0,"enemies":"Chosen","floor":19,"turns":2},{"damage":0,"enemies":"3 Cultists","floor":20,"turns":4},{"damage":0,"enemies":"Sentry and Sphere","floor":21,"turns":3},{"damage":12,"enemies":"Book of Stabbing","floor":24,"turns":4},{"damage":0,"enemies":"Gremlin Leader","floor":28,"turns":4},{"damage":0,"enemies":"Slavers","floor":30,"turns":2},{"damage":0,"enemies":"Slaver and Parasite","floor":31,"turns":2},{"damage":0,"enemies":"Automaton","floor":33,"turns":4},{"damage":0,"enemies":"Orb Walker","floor":35,"turns":1},{"damage":0,"enemies":"Flame Bruiser 1 Orb","floor":36,"turns":2},{"damage":0,"enemies":"Spire Growth","floor":37,"turns":2},{"damage":0,"enemies":"Flame Bruiser 2 Orb","floor":38,"turns":2},{"damage":0,"enemies":"Maw","floor":39,"turns":4},{"damage":0,"enemies":"Nemesis","floor":40,"turns":1},{"damage":0,"enemies":"3 Darklings","floor":41,"turns":2},{"damage":0,"enemies":"Flame Bruiser 2 Orb","floor":42,"turns":1},{"damage":0,"enemies":"Spire Growth","floor":44,"turns":1},{"damage":0,"enemies":"4 Shapes","floor":45,"turns":2},{"damage":0,"enemies":"3 Darklings","floor":46,"turns":1},{"damage":0,"enemies":"Sphere and 2 Shapes","floor":47,"turns":3},{"damage":0,"enemies":"2 Orb Walkers","floor":48,"turns":1},{"damage":0,"enemies":"Awakened One","floor":50,"turns":4}],"event_choices":[{"event_name":"Living Wall","player_choice":"Grow","floor":2,"damage_taken":0},{"event_name":"Vampires","player_choice":"Ignored","floor":22,"damage_taken":0},{"event_name":"N\u0027loth","player_choice":"Ignored","floor":27,"damage_taken":0}],"boss_relics":[{"not_picked":["White Beast Statue","Cursed Key"],"picked":"Runic Dome"},{"not_picked":["Snecko Eye","Black Star"],"picked":"Sozu"}],"potions_floor_spawned":[1,3,6,7,10,19,20,21,28,36,38,39,45,46,47],"seed_played":"-4643760058957999775","ascension_level":0,"is_trial":false}