{"gold_per_floor":[118,33,33,33,51,86,86,101,127,143,153,178,178,196,196,272,272,285,305,317,297,297],"floor_reached":22,"playtime":619,"items_purged":[],"score":424,"play_id":"8f7c7131-b3cf-482f-abd5-4ee747235b68","local_time":"20190426171732","is_ascension_mode":true,"campfire_choices":[{"floor":13,"key":"REST"},{"data":"Loop","floor":15,"key":"SMITH"}],"neow_cost":"NONE","seed_source_timestamp":2920940273312090,"circlet_count":0,"master_deck":["AscendersBane","Strike_B","Strike_B","Strike_B","Strike_B","Defend_B","Defend_B","Defend_B","Defend_B","Zap","Dualcast","Sunder+1","Consume","Hyperbeam","Loop+1","Steam","Capacitor","Self Repair","Coolheaded","Biased Cognition","Hologram+1","Leap"],"relics":["Cracked Core","NeowsBlessing","Bag of Marbles","Ornamental Fan","Emotion Chip","Ancient Tea Set","Bronze Scales","Velvet Choker"],"potions_floor_usage":[],"damage_taken":[{"damage":0,"enemies":"Small Slimes","floor":1,"turns":1},{"damage":0,"enemies":"Cultist","floor":5,"turns":1},{"damage":0,"enemies":"3 Sentries","floor":6,"turns":1},{"damage":0,"enemies":"2 Louse","floor":8,"turns":1},{"damage":30,"enemies":"Exordium Thugs","floor":10,"turns":4},{"damage":0,"enemies":"Gremlin Gang","floor":11,"turns":1},{"damage":24,"enemies":"Lagavulin","floor":12,"turns":6},{"damage":0,"enemies":"Large Slime","floor":14,"turns":5},{"damage":10,"enemies":"The Guardian","floor":16,"turns":9},{"damage":16,"enemies":"Spheric Guardian","floor":18,"turns":4},{"damage":12,"enemies":"Chosen","floor":19,"turns":4},{"damage":20,"enemies":"Snecko","floor":20,"turns":6},{"damage":35,"enemies":"Centurion and Healer","floor":22,"turns":5}],"seed_played":"-7973448503240047702","potions_obtained":[{"floor":5,"key":"Swift Potion"},{"floor":6,"key":"FocusPotion"},{"floor":12,"key":"Dexterity Potion"},{"floor":20,"key":"Block Potion"}],"is_trial":false,"path_per_floor":["M","$","?","?","M","E","?","M","T","M","M","E","R","M","R","B",null,"M","M","M","?","M"],"character_chosen":"DEFECT","items_purchased":["Consume"],"campfire_rested":1,"item_purchase_floors":[2],"current_hp_per_floor":[64,64,64,64,64,64,64,64,64,34,34,10,31,31,31,28,60,51,46,33,33,0],"gold":297,"neow_bonus":"THREE_ENEMY_KILL","is_prod":false,"is_daily":false,"chose_seed":false,"campfire_upgraded":1,"win_rate":0,"timestamp":1556295452,"path_taken":["M","$","?","?","?","E","?","M","T","M","M","E","R","M","R","BOSS","M","M","M","?","?"],"build_version":"2019-01-23","purchased_purges":0,"victory":false,"max_hp_per_floor":[71,71,71,71,71,71,71,71,71,71,71,71,71,71,71,71,71,71,71,71,71,71],"card_choices":[{"not_picked":["Turbo","Redo"],"picked":"Sunder","floor":1},{"not_picked":["Turbo","Sweeping Beam","Barrage"],"picked":"SKIP","floor":5},{"not_picked":["Recycle","Rebound"],"picked":"Hyperbeam","floor":6},{"not_picked":["Turbo","Melter"],"picked":"Loop","floor":8},{"not_picked":["Force Field","Streamline"],"picked":"Steam","floor":10},{"not_picked":["Go for the Eyes","Turbo"],"picked":"Capacitor","floor":11},{"not_picked":["Recycle","Steam Power"],"picked":"Self Repair","floor":12},{"not_picked":["Chill","Hologram"],"picked":"Coolheaded","floor":14},{"not_picked":["Reboot","Seek"],"picked":"Biased Cognition","floor":16},{"not_picked":["Barrage+1","Steam+1"],"picked":"Hologram+1","floor":18},{"not_picked":["Hologram","Chaos"],"picked":"Leap","floor":19},{"not_picked":["Meteor Strike","Compile Driver","Gash"],"picked":"SKIP","floor":20}],"player_experience":216332,"relics_obtained":[{"floor":4,"key":"Bag of Marbles"},{"floor":6,"key":"Ornamental Fan"},{"floor":9,"key":"Ancient Tea Set"},{"floor":12,"key":"Bronze Scales"}],"event_choices":[{"damage_healed":0,"gold_gain":0,"player_choice":"Grow","damage_taken":0,"max_hp_gain":0,"max_hp_loss":0,"event_name":"Living Wall","floor":3,"gold_loss":0,"cards_upgraded":["Sunder"]},{"damage_healed":0,"gold_gain":0,"player_choice":"Relic","damage_taken":0,"max_hp_gain":0,"max_hp_loss":0,"event_name":"Wheel of Change","floor":4,"gold_loss":0},{"damage_healed":0,"gold_gain":0,"player_choice":"Searched \u00271\u0027 times","damage_taken":0,"relics_obtained":["Emotion Chip"],"max_hp_gain":0,"max_hp_loss":0,"event_name":"Dead Adventurer","floor":7,"gold_loss":0},{"damage_healed":0,"gold_gain":0,"player_choice":"Bought 1 Potion","damage_taken":0,"max_hp_gain":0,"max_hp_loss":0,"event_name":"The Woman in Blue","floor":21,"gold_loss":0}],"is_beta":false,"boss_relics":[{"not_picked":["Nuclear Battery","Eternal Feather"],"picked":"Velvet Choker"}],"items_purged_floors":[],"is_endless":false,"potions_floor_spawned":[5,6,12,20],"killed_by":"Centurion and Healer","ascension_level":18}