{"gold_per_floor":[138,175,205,263,276,276,296,359,383,442,458,492,549,206,206,309,309,329,329,43,81,81,81,126,126,152,152,103,103,103,156,156,156],"floor_reached":33,"playtime":1213,"items_purged":["Defend_R","Strike_R"],"score":245,"play_id":"7670a8e9-78b3-4a01-9951-29e87d22af14","local_time":"20190208221248","is_ascension_mode":false,"campfire_choices":[{"data":"HandOfGreed","floor":6,"key":"SMITH"},{"data":"Seeing Red","floor":15,"key":"SMITH"},{"data":"True Grit","floor":23,"key":"SMITH"},{"data":"Berserk","floor":25,"key":"SMITH"},{"data":"Disarm","floor":29,"key":"SMITH"},{"data":"Ghostly Armor","floor":32,"key":"SMITH"}],"neow_cost":"PERCENT_DAMAGE","seed_source_timestamp":705112741946048,"circlet_count":0,"master_deck":["Strike_R","Strike_R","Strike_R","Strike_R","Defend_R","Defend_R","Defend_R","Bash","HandOfGreed","HandOfGreed+1","Iron Wave","Shrug It Off","Pommel Strike","Seeing Red+1","Ghostly Armor+1","Ghostly Armor","Shrug It Off","Whirlwind","Berserk+1","Iron Wave","Blind","Brutality","Shrug It Off","Panacea","Uppercut","True Grit+1","Rage","Disarm+1"],"relics":["Burning Blood"],"potions_floor_usage":[3,5,7,16,18,33,33,33],"damage_taken":[{"damage":0,"enemies":"Cultist","floor":1,"turns":2},{"damage":0,"enemies":"2 Louse","floor":2,"turns":2},{"damage":0,"enemies":"Small Slimes","floor":3,"turns":2},{"damage":4,"enemies":"2 Fungi Beasts","floor":4,"turns":3},{"damage":0,"enemies":"Looter","floor":5,"turns":2},{"damage":0,"enemies":"Blue Slaver","floor":7,"turns":2},{"damage":16,"enemies":"Lots of Slimes","floor":8,"turns":3},{"damage":0,"enemies":"Exordium Wildlife","floor":10,"turns":3},{"damage":2,"enemies":"Blue Slaver","floor":11,"turns":4},{"damage":0,"enemies":"Red Slaver","floor":12,"turns":3},{"damage":3,"enemies":"2 Fungi Beasts","floor":13,"turns":3},{"damage":13,"enemies":"The Guardian","floor":16,"turns":13},{"damage":14,"enemies":"Spheric Guardian","floor":18,"turns":4},{"damage":7,"enemies":"Chosen","floor":21,"turns":5},{"damage":15,"enemies":"Snecko","floor":24,"turns":7},{"damage":2,"enemies":"Cultist and Chosen","floor":31,"turns":7},{"damage":89,"enemies":"Champ","floor":33,"turns":23}],"seed_played":"-7694733277247697748","potions_obtained":[{"floor":1,"key":"Fire Potion"},{"floor":2,"key":"SkillPotion"},{"floor":3,"key":"FearPotion"},{"floor":8,"key":"Regen Potion"},{"floor":13,"key":"Poison Potion"},{"floor":18,"key":"Strength Potion"}],"is_trial":false,"path_per_floor":["M","M","M","M","M","R","M","M","T","M","M","M","M","$","R","B",null,"M","?","$","M","?","R","M","R","T","?","$","R","?","M","R","B"],"character_chosen":"IRONCLAD","items_purchased":["Iron Wave","Blind","AttackPotion","EssenceOfSteel","Shrug It Off","Panacea","Uppercut","Block Potion"],"campfire_rested":0,"item_purchase_floors":[14,14,14,14,20,20,20,28],"current_hp_per_floor":[62,68,74,76,80,80,80,70,70,76,80,80,80,80,80,73,80,72,72,72,71,71,71,62,62,62,62,62,62,62,66,66,0],"gold":156,"neow_bonus":"RANDOM_COLORLESS_2","is_prod":false,"is_daily":false,"chose_seed":false,"campfire_upgraded":6,"win_rate":0,"timestamp":1549663968,"path_taken":["M","M","M","M","M","R","M","M","T","M","M","?","M","$","R","BOSS","M","?","$","?","?","R","M","R","T","?","$","R","?","M","R","BOSS"],"build_version":"2019-01-23","purchased_purges":2,"victory":false,"max_hp_per_floor":[80,80,80,80,80,80,80,80,80,80,80,80,80,80,80,80,80,80,80,80,80,80,80,80,80,80,80,80,80,80,80,80,80],"card_choices":[{"not_picked":["Blood for Blood","Rage"],"picked":"Iron Wave","floor":1},{"not_picked":["Infernal Blade","Headbutt","Searing Blow"],"picked":"SKIP","floor":2},{"not_picked":["Armaments","Second Wind"],"picked":"Shrug It Off","floor":3},{"not_picked":["Twin Strike","Havoc"],"picked":"Pommel Strike","floor":4},{"not_picked":["Cleave","Heavy Blade"],"picked":"Seeing Red","floor":5},{"not_picked":["Anger","Wild Strike"],"picked":"Ghostly Armor","floor":7},{"not_picked":["Clothesline","Perfected Strike","Juggernaut"],"picked":"SKIP","floor":8},{"not_picked":["Cleave","Body Slam"],"picked":"Ghostly Armor","floor":10},{"not_picked":["Shockwave","Clash"],"picked":"Shrug It Off","floor":11},{"not_picked":["Headbutt","Twin Strike"],"picked":"Whirlwind","floor":12},{"not_picked":["Evolve","Warcry"],"picked":"Berserk","floor":13},{"not_picked":["Berserk","Juggernaut"],"picked":"Brutality","floor":16},{"not_picked":["Wild Strike+1","Carnage","Armaments"],"picked":"SKIP","floor":18},{"not_picked":["Thunderclap","Sword Boomerang"],"picked":"True Grit","floor":21},{"not_picked":["Wild Strike+1","Sword Boomerang"],"picked":"Rage","floor":24},{"not_picked":["Clothesline+1","Heavy Blade","Infernal Blade"],"picked":"SKIP","floor":31}],"player_experience":556352,"relics_obtained":[],"event_choices":[{"damage_healed":0,"gold_gain":0,"player_choice":"Ignored","damage_taken":0,"max_hp_gain":0,"max_hp_loss":0,"event_name":"NoteForYourself","floor":19,"gold_loss":0},{"damage_healed":0,"gold_gain":0,"player_choice":"Ignored","damage_taken":0,"max_hp_gain":0,"max_hp_loss":0,"event_name":"Ghosts","floor":22,"gold_loss":0},{"damage_healed":0,"gold_gain":0,"player_choice":"Read","damage_taken":0,"max_hp_gain":0,"max_hp_loss":0,"event_name":"The Library","floor":27,"gold_loss":0,"cards_obtained":["Disarm"]},{"damage_healed":0,"gold_gain":0,"player_choice":"Ignored","damage_taken":0,"max_hp_gain":0,"max_hp_loss":0,"event_name":"The Mausoleum","floor":30,"gold_loss":0}],"is_beta":false,"boss_relics":[{"not_picked":["White Beast Statue","Black Star","Eternal Feather"]}],"items_purged_floors":[14,20],"is_endless":false,"potions_floor_spawned":[1,2,3,8,13,18],"killed_by":"Champ","ascension_level":0}