{"gold_per_floor":[169,189,189,11,25,60,60,80,105,105,105,134,150,181,181,277,277,292,48,48,61,73,73,102,102,102,117,151,151,178,197,197,197],"floor_reached":33,"playtime":1130,"items_purged":[],"score":640,"play_id":"7ad0d84e-f38f-450f-9233-b41ab44a2dfe","local_time":"20190117191220","is_ascension_mode":true,"campfire_choices":[{"data":"Hyperbeam","floor":7,"key":"SMITH"},{"floor":11,"key":"REST"},{"floor":15,"key":"REST"},{"data":"Machine Learning","floor":23,"key":"SMITH"},{"floor":29,"key":"REST"},{"floor":32,"key":"REST"}],"neow_cost":"NONE","seed_source_timestamp":1993521973585709,"circlet_count":0,"master_deck":["AscendersBane","Strike_B","Strike_B+1","Strike_B","Strike_B","Defend_B+1","Defend_B+1","Defend_B","Defend_B","Zap","Rebound","Steam","Doom and Gloom","Hyperbeam+1","Conserve Battery","Sunder","Finesse","FTL","Conserve Battery","Reinforced Body","Go for the Eyes","Machine Learning+1","Steam","Double Energy","Steam","Sweeping Beam+1","Sweeping Beam","Sweeping Beam"],"relics":["Tiny House","Smiling Mask","Ancient Tea Set","Bag of Marbles","Juzu Bracelet","Runic Dome","Matryoshka","Bag of Preparation","Art of War","Letter Opener","Bronze Scales","Anchor"],"potions_floor_usage":[12,16,22,24,33,33],"damage_taken":[{"damage":12,"enemies":"Jaw Worm","floor":1,"turns":3},{"damage":0,"enemies":"Cultist","floor":2,"turns":3},{"damage":0,"enemies":"2 Louse","floor":5,"turns":1},{"damage":20,"enemies":"Gremlin Nob","floor":6,"turns":4},{"damage":0,"enemies":"Lots of Slimes","floor":8,"turns":1},{"damage":13,"enemies":"3 Sentries","floor":12,"turns":3},{"damage":0,"enemies":"Red Slaver","floor":13,"turns":2},{"damage":8,"enemies":"Gremlin Nob","floor":14,"turns":3},{"damage":0,"enemies":"Slime Boss","floor":16,"turns":5},{"damage":0,"enemies":"Spheric Guardian","floor":18,"turns":3},{"damage":0,"enemies":"2 Thieves","floor":21,"turns":1},{"damage":9,"enemies":"Shelled Parasite and Fungi","floor":22,"turns":6},{"damage":0,"enemies":"Slavers","floor":24,"turns":1},{"damage":6,"enemies":"Snake Plant","floor":27,"turns":4},{"damage":38,"enemies":"Book of Stabbing","floor":28,"turns":6},{"damage":10,"enemies":"Gremlin Leader","floor":30,"turns":4},{"damage":0,"enemies":"Centurion and Healer","floor":31,"turns":2},{"damage":64,"enemies":"Champ","floor":33,"turns":13}],"seed_played":"-1745713101690261760","potions_obtained":[{"floor":0,"key":"Dexterity Potion"},{"floor":2,"key":"SteroidPotion"},{"floor":12,"key":"PowerPotion"},{"floor":16,"key":"GamblersBrew"},{"floor":18,"key":"AttackPotion"},{"floor":24,"key":"Ancient Potion"},{"floor":30,"key":"Weak Potion"},{"floor":31,"key":"PowerPotion"}],"is_trial":false,"path_per_floor":["M","M","?","$","M","E","R","M","T","?","R","E","M","E","R","B",null,"M","$","?","M","M","R","E","?","T","M","E","R","E","M","R","B"],"character_chosen":"DEFECT","items_purchased":["Conserve Battery","Sunder","Finesse","Matryoshka"],"campfire_rested":4,"item_purchase_floors":[4,4,4,19],"current_hp_per_floor":[61,61,61,61,61,41,41,41,41,25,49,36,36,28,52,52,73,73,73,73,73,64,64,64,64,64,58,20,44,34,34,58,0],"gold":197,"neow_bonus":"BOSS_RELIC","is_prod":false,"is_daily":false,"chose_seed":false,"campfire_upgraded":2,"win_rate":0,"timestamp":1547752340,"path_taken":["M","M","?","$","?","E","R","M","T","?","R","E","M","E","R","BOSS","M","$","?","M","M","R","E","?","T","M","E","R","E","M","R","BOSS"],"build_version":"2019-01-10","purchased_purges":0,"victory":false,"max_hp_per_floor":[80,80,80,80,80,80,80,80,80,80,80,80,80,80,80,80,80,80,80,80,80,80,80,80,80,80,80,80,80,80,80,80,80],"card_choices":[{"not_picked":["Steam","Self Repair"],"picked":"Rebound","floor":0},{"not_picked":["Barrage","Compile Driver"],"picked":"Steam","floor":1},{"not_picked":["Undo","Barrage"],"picked":"Doom and Gloom","floor":2},{"not_picked":["Turbo","Ball Lightning"],"picked":"FTL","floor":5},{"not_picked":["Streamline","Turbo","Compile Driver"],"picked":"SKIP","floor":6},{"not_picked":["Streamline","FTL"],"picked":"Conserve Battery","floor":8},{"not_picked":["Biased Cognition","Steam Power"],"picked":"Reinforced Body","floor":12},{"not_picked":["Coolheaded","Hello World","Cold Snap"],"picked":"SKIP","floor":13},{"not_picked":["Ball Lightning","Static Discharge"],"picked":"Go for the Eyes","floor":14},{"not_picked":["Multi-Cast","Fission"],"picked":"Machine Learning","floor":16},{"not_picked":["Gash","Fusion"],"picked":"Steam","floor":18},{"not_picked":["Ball Lightning","Go for the Eyes"],"picked":"Steam","floor":21},{"not_picked":["Rip and Tear","Steam","Ball Lightning"],"picked":"SKIP","floor":22},{"not_picked":["Barrage","Darkness"],"picked":"Sweeping Beam","floor":24},{"not_picked":["Buffer","Ball Lightning"],"picked":"Sweeping Beam","floor":27},{"not_picked":["Force Field","Barrage"],"picked":"Sweeping Beam","floor":28},{"not_picked":["Chill+1","Compile Driver","Capacitor"],"picked":"SKIP","floor":30},{"not_picked":["Storm","Gash","Glacier"],"picked":"SKIP","floor":31}],"player_experience":394260,"relics_obtained":[{"floor":6,"key":"Smiling Mask"},{"floor":9,"key":"Ancient Tea Set"},{"floor":12,"key":"Bag of Marbles"},{"floor":14,"key":"Juzu Bracelet"},{"floor":24,"key":"Bag of Preparation"},{"floor":26,"key":"Art of War"},{"floor":26,"key":"Letter Opener"},{"floor":28,"key":"Bronze Scales"},{"floor":30,"key":"Anchor"}],"event_choices":[{"damage_healed":0,"gold_gain":0,"player_choice":"1 cards matched","damage_taken":0,"max_hp_gain":0,"max_hp_loss":0,"event_name":"Match and Keep!","floor":3,"gold_loss":0,"cards_obtained":["Hyperbeam"]},{"damage_healed":0,"gold_gain":0,"player_choice":"Entered Light","damage_taken":16,"max_hp_gain":0,"max_hp_loss":0,"event_name":"Shining Light","floor":10,"gold_loss":0,"cards_upgraded":["Strike_B","Defend_B"]},{"damage_healed":0,"gold_gain":0,"cards_transformed":["Dualcast"],"player_choice":"Transformed","damage_taken":0,"max_hp_gain":0,"max_hp_loss":0,"event_name":"Transmorgrifier","floor":20,"gold_loss":0,"cards_obtained":["Double Energy"]},{"damage_healed":0,"gold_gain":0,"player_choice":"Upgraded","damage_taken":0,"max_hp_gain":0,"max_hp_loss":0,"event_name":"Upgrade Shrine","floor":25,"gold_loss":0,"cards_upgraded":["Sweeping Beam"]}],"is_beta":false,"boss_relics":[{"not_picked":["Calling Bell","Eternal Feather"],"picked":"Runic Dome"}],"items_purged_floors":[],"is_endless":false,"potions_floor_spawned":[2,6,8,12,16,18,24,30,31],"killed_by":"Champ","ascension_level":12}