{"path_per_floor":["M","?","?","?","T","E","R","E","T","E","M","$","M","M","R","B",null,"M","M","?","M","$","E","R","E","T","R","E","M","E","?","R","B",null,"M","?","?","?","$","E","R","E","T","E","M","E","M","M","R","B"],"character_chosen":"THE_SILENT","items_purchased":["Prepared","Pantograph","Tough Bandages","Regal Pillow","Panache","Dramatic Entrance","Paper Crane","Infinite Blades","Cloak And Dagger"],"gold_per_floor":[144,144,144,224,249,339,339,429,479,569,614,310,355,400,400,700,700,745,790,790,835,160,250,250,340,340,340,430,475,565,565,565,865,865,910,910,910,910,534,624,624,714,739,829,874,964,1009,1054,1054,1054],"floor_reached":51,"campfire_rested":6,"playtime":2212,"current_hp_per_floor":[68,61,66,66,66,48,70,50,50,48,48,48,48,48,70,62,75,72,72,72,72,72,72,75,75,89,89,89,83,83,83,89,79,89,87,87,76,66,66,66,89,89,89,89,80,84,89,89,89,89],"items_purged":[],"gold":1054,"score":1184,"play_id":"c5331e6c-68d9-404e-a145-12e96447f3b4","local_time":"20180329132842","daily_mods":["Draft","Midas","Elite Swarm"],"is_prod":false,"is_daily":true,"is_ascension_mode":false,"campfire_upgraded":0,"timestamp":1522351722,"path_taken":["M","?","?","?","?","E","R","E","T","E","M","$","M","M","R","BOSS","M","M","?","M","$","E","R","E","T","R","E","?","E","?","R","BOSS","M","?","?","?","$","E","R","E","T","E","M","E","M","M","R","BOSS"],"build_version":"2018-03-28","purchased_purges":1,"victory":true,"master_deck":["Calculated Gamble","Infinite Blades","Flying Knee","Backstab","Acrobatics","Dagger Spray","Backflip+1","Backflip","Malaise","Expertise","Eviscerate","Acrobatics","PiercingWail","Well Laid Plans","Infinite Blades","Terror+1","Glass Knife","After Image+1","Die Die Die","Blade Dance","Prepared","Dagger Throw","Accuracy+1","Deep Breath","Panache+1","Dramatic Entrance","Adrenaline","Die Die Die","Burst","Acrobatics+1","Adrenaline","Adrenaline","Accuracy+1","Madness","Madness","Jack Of All Trades","Secret Technique","Secret Technique","Infinite Blades+1","Cloak And Dagger","Storm of Steel","Glass Knife","Clumsy","Tactician","Envenom+1","Prepared+1"],"max_hp_per_floor":[70,70,75,75,75,75,75,75,75,75,75,75,75,75,75,75,75,75,75,75,75,75,75,75,75,89,89,89,89,89,89,89,89,89,89,89,89,89,89,89,89,89,89,89,89,89,89,89,89,89],"relics":["Ring of the Snake","Shuriken","Oddly Smooth Stone","Frozen Egg 2","War Paint","Bag of Marbles","Bronze Scales","Pantograph","Cursed Key","Tough Bandages","Regal Pillow","Dead Branch","Vajra","Mango","Dodecahedron","Mercury Hourglass","Black Star","Paper Crane","Bottled Lightning","Meat on the Bone","Gambling Chip","Tingsha","Dream Catcher","Peace Pipe","Bird Faced Urn","Calipers","Thread and Needle"],"card_choices":[{"not_picked":["Deadly Poison","Outmaneuver"],"picked":"Calculated Gamble","floor":0},{"not_picked":["Dash","PiercingWail"],"picked":"Infinite Blades","floor":0},{"not_picked":["Slice","PiercingWail"],"picked":"Flying Knee","floor":0},{"not_picked":["Outmaneuver","PiercingWail"],"picked":"Backstab","floor":0},{"not_picked":["Deflect","Poisoned Stab"],"picked":"Acrobatics","floor":0},{"not_picked":["Underhanded Strike","Flying Knee"],"picked":"Dagger Spray","floor":0},{"not_picked":["Dodge and Roll","Quick Slash"],"picked":"Backflip","floor":0},{"not_picked":["Catalyst","Skewer"],"picked":"Backflip","floor":0},{"not_picked":["Endless Agony","PiercingWail"],"picked":"Malaise","floor":0},{"not_picked":["Malaise","Masterful Stab"],"picked":"Expertise","floor":0},{"not_picked":["Bane","Dodge and Roll"],"picked":"Eviscerate","floor":0},{"not_picked":["Blur","Eviscerate"],"picked":"Acrobatics","floor":0},{"not_picked":["Catalyst","Outmaneuver"],"picked":"PiercingWail","floor":0},{"not_picked":["Bouncing Flask","Underhanded Strike"],"picked":"Well Laid Plans","floor":0},{"not_picked":["Slice","Acrobatics"],"picked":"Infinite Blades","floor":0},{"not_picked":["Poisoned Stab","Slice"],"picked":"Terror","floor":1},{"not_picked":["Burst","After Image"],"picked":"Glass Knife","floor":6},{"not_picked":["Night Terror","Corpse Explosion"],"picked":"After Image","floor":8},{"not_picked":["Venomology","Unload"],"picked":"Die Die Die","floor":10},{"not_picked":["Flying Knee","Dash"],"picked":"Blade Dance","floor":11},{"not_picked":["Terror","Heel Hook"],"picked":"Dagger Throw","floor":14},{"not_picked":["Noxious Fumes","Caltrops"],"picked":"Accuracy","floor":18},{"not_picked":["Dodge and Roll","Flechettes"],"picked":"Sucker Punch","floor":19},{"not_picked":["Doppelganger","Envenom"],"picked":"Adrenaline","floor":23},{"not_picked":["Envenom","Night Terror"],"picked":"Die Die Die","floor":25},{"not_picked":["Venomology","Bullet Time"],"picked":"Burst","floor":28},{"not_picked":["Dagger Spray","Slice"],"picked":"Acrobatics","floor":29},{"not_picked":["Corpse Explosion","Glass Knife"],"picked":"Adrenaline","floor":30},{"not_picked":["Glass Knife","After Image"],"picked":"Adrenaline","floor":33},{"not_picked":["Concentrate","Flying Knee"],"picked":"Accuracy","floor":35},{"not_picked":["Good Instincts","Blind"],"picked":"Jack Of All Trades","floor":38},{"not_picked":["Mind Blast","Purity"],"picked":"Secret Technique","floor":38},{"not_picked":["Panacea","Master of Strategy"],"picked":"Secret Technique","floor":38},{"not_picked":["Tactician","Night Terror"],"picked":"Storm of Steel","floor":40},{"not_picked":["Unload","Envenom"],"picked":"Glass Knife","floor":42},{"not_picked":["Doppelganger","Venomology"],"picked":"Tactician","floor":44},{"not_picked":["Corpse Explosion","Wraith Form"],"picked":"Envenom","floor":46},{"not_picked":["Dodge and Roll","Predator"],"picked":"Prepared","floor":47}],"player_experience":272470,"potions_floor_usage":[19,19,40,42],"damage_taken":[{"damage":2,"enemies":"Cultist","floor":1,"turns":3},{"damage":18,"enemies":"3 Sentries","floor":6,"turns":5},{"damage":20,"enemies":"Gremlin Nob","floor":8,"turns":4},{"damage":2,"enemies":"3 Sentries","floor":10,"turns":5},{"damage":0,"enemies":"2 Louse","floor":11,"turns":1},{"damage":0,"enemies":"Small Slimes","floor":13,"turns":2},{"damage":0,"enemies":"Exordium Wildlife","floor":14,"turns":3},{"damage":13,"enemies":"The Guardian","floor":16,"turns":6},{"damage":3,"enemies":"Shell Parasite","floor":18,"turns":3},{"damage":0,"enemies":"Chosen","floor":19,"turns":2},{"damage":0,"enemies":"Centurion and Healer","floor":21,"turns":4},{"damage":0,"enemies":"Gremlin Leader","floor":23,"turns":4},{"damage":0,"enemies":"Slavers","floor":25,"turns":1},{"damage":0,"enemies":"Gremlin Leader","floor":28,"turns":3},{"damage":6,"enemies":"Snecko","floor":29,"turns":2},{"damage":0,"enemies":"Slavers","floor":30,"turns":3},{"damage":10,"enemies":"Collector","floor":33,"turns":6},{"damage":2,"enemies":"Flame Bruiser 1 Orb","floor":35,"turns":2},{"damage":0,"enemies":"Nemesis","floor":40,"turns":3},{"damage":0,"enemies":"2 Orb Walkers","floor":42,"turns":2},{"damage":0,"enemies":"Giant Head","floor":44,"turns":2},{"damage":9,"enemies":"Orb Walker","floor":45,"turns":2},{"damage":8,"enemies":"2 Orb Walkers","floor":46,"turns":2},{"damage":0,"enemies":"Spire Growth","floor":47,"turns":2},{"damage":0,"enemies":"Sphere and 2 Shapes","floor":48,"turns":2},{"damage":7,"enemies":"Time Eater","floor":50,"turns":5}],"event_choices":[{"event_name":"Scrap Ooze","player_choice":"success","floor":2,"damage_taken":7},{"event_name":"Big Fish","player_choice":"Donut","floor":3,"damage_taken":0},{"event_name":"Golden Wing","player_choice":"Gained Gold","floor":4,"damage_taken":0},{"event_name":"Match and Keep!","player_choice":"1 cards matched","floor":20,"damage_taken":0},{"event_name":"Vampires","player_choice":"Ignored","floor":31,"damage_taken":0},{"event_name":"Winding Halls","player_choice":"Embrace Madness","floor":37,"damage_taken":0},{"event_name":"SensoryStone","player_choice":"Memory 3","floor":38,"damage_taken":0}],"boss_relics":[{"not_picked":["Eternal Feather","Ectoplasm"],"picked":"Cursed Key"},{"not_picked":["Orrery","White Beast Statue"],"picked":"Black Star"}],"potions_floor_spawned":[6,8,13,23,28,29,30,33,35,40,46,48],"seed_played":"-5446097650958542841","ascension_level":0,"is_trial":false}