{"path_per_floor":["M","$","M","?","?","R","M","?","T","R","M","R","E","M","R","B",null,"M","M"],"character_chosen":"THE_SILENT","items_purchased":[],"gold_per_floor":[145,70,81,81,256,256,266,266,312,312,326,326,356,372,372,477,477,494,509,509],"floor_reached":20,"campfire_rested":2,"playtime":856,"current_hp_per_floor":[68,68,64,64,64,64,62,62,62,62,56,75,49,48,70,28,63,43,13,0],"items_purged":["Strike_G"],"gold":509,"score":252,"play_id":"dc697ce9-a576-4b98-bddd-4713775bae26","local_time":"20180412113628","is_prod":false,"is_daily":false,"chose_seed":false,"is_ascension_mode":true,"campfire_upgraded":2,"timestamp":1523554588,"path_taken":["M","$","M","?","?","R","M","?","T","R","M","R","E","M","R","BOSS","M","?","M"],"build_version":"2018-04-11","seed_source_timestamp":63982589593463,"purchased_purges":1,"victory":false,"master_deck":["Defend_G","Defend_G","Defend_G","Defend_G","Defend_G","Strike_G","Strike_G","Strike_G","Strike_G+1","Survivor","Neutralize","Dagger Spray","Infinite Blades+1","Flying Knee","Regret","Doubt","Calculated Gamble+1","Underhanded Strike","Dagger Throw","Prepared","Die Die Die","Eviscerate","Blur","Footwork","Infinite Blades","Quick Slash","Eviscerate"],"max_hp_per_floor":[75,75,75,75,75,75,75,75,75,75,75,75,75,75,75,75,75,75,75,75],"relics":["Tiny House","Lantern","Vajra","Bag of Preparation","Orrery"],"card_choices":[{"not_picked":["Blade Dance","Bane"],"picked":"Dagger Spray","floor":0},{"not_picked":["Dagger Spray","Bane"],"picked":"Infinite Blades","floor":1},{"not_picked":["Reflex","Deflect"],"picked":"Flying Knee","floor":3},{"not_picked":["Grand Finale","Skewer"],"picked":"Calculated Gamble","floor":7},{"not_picked":["Dagger Spray","Deflect"],"picked":"Underhanded Strike","floor":11},{"not_picked":["Deflect","Dodge and Roll"],"picked":"Dagger Throw","floor":13},{"not_picked":["Slice","Dodge and Roll"],"picked":"Prepared","floor":14},{"not_picked":["Wraith Form v2","Night Terror"],"picked":"Die Die Die","floor":16},{"not_picked":["Poisoned Stab","Acrobatics"],"picked":"Eviscerate","floor":17},{"not_picked":["Catalyst","Footwork"],"picked":"Blur","floor":17},{"not_picked":["Riddle With Holes","Dagger Spray"],"picked":"Footwork","floor":17},{"not_picked":["Quick Slash","Blade Dance"],"picked":"Infinite Blades","floor":17},{"not_picked":["Slice","Deadly Poison"],"picked":"Quick Slash","floor":17},{"not_picked":["Unload","Slice"],"picked":"Eviscerate","floor":18}],"player_experience":297208,"potions_floor_usage":[11,14,16,16,19,19],"damage_taken":[{"damage":0,"enemies":"2 Louse","floor":1,"turns":3},{"damage":4,"enemies":"Small Slimes","floor":3,"turns":5},{"damage":2,"enemies":"Jaw Worm","floor":7,"turns":3},{"damage":6,"enemies":"Exordium Wildlife","floor":11,"turns":3},{"damage":26,"enemies":"3 Sentries","floor":13,"turns":8},{"damage":1,"enemies":"Lots of Slimes","floor":14,"turns":2},{"damage":42,"enemies":"Slime Boss","floor":16,"turns":9},{"damage":20,"enemies":"3 Byrds","floor":18,"turns":6},{"damage":30,"enemies":"Chosen","floor":19,"turns":4},{"damage":21,"enemies":"Snecko","floor":20,"turns":2}],"event_choices":[{"event_name":"Big Fish","player_choice":"Box","floor":4,"damage_taken":0},{"event_name":"Liars Game","player_choice":"agreed","floor":5,"damage_taken":0},{"event_name":"The Lab","player_choice":"Got Potions","floor":8,"damage_taken":0}],"boss_relics":[{"not_picked":["Eternal Feather","Runic Pyramid"],"picked":"Orrery"}],"potions_floor_spawned":[7,13,14,18,19],"seed_played":"-3649908996483159820","killed_by":"Snecko","ascension_level":9,"is_trial":false}