{"gold_per_floor":[109,12,12,12,25,25,44,58,58,30,71,94,94,94,94,94],"floor_reached":16,"playtime":431,"items_purged":[],"score":215,"play_id":"81622f34-9664-445b-9c35-e056e8c4a08c","local_time":"20190427004625","is_ascension_mode":true,"campfire_choices":[{"data":"Whirlwind","floor":6,"key":"SMITH"},{"data":"Disarm","floor":15,"key":"SMITH"}],"neow_cost":"NONE","seed_source_timestamp":3412689503566210,"circlet_count":0,"master_deck":["AscendersBane","Strike_R","Strike_R","Strike_R","Strike_R","Strike_R","Defend_R","Defend_R","Defend_R","Defend_R","Bash","Pommel Strike","Shrug It Off","Whirlwind+1","Injury","Clothesline","Havoc","Shrug It Off","Disarm+1","Sadistic Nature"],"relics":["Burning Blood","Golden Idol","Dodecahedron","Bottled Lightning"],"potions_floor_usage":[11,14],"damage_taken":[{"damage":4,"enemies":"Small Slimes","floor":1,"turns":3},{"damage":6,"enemies":"Cultist","floor":5,"turns":3},{"damage":12,"enemies":"Jaw Worm","floor":7,"turns":3},{"damage":19,"enemies":"Red Slaver","floor":8,"turns":4},{"damage":48,"enemies":"Lagavulin","floor":11,"turns":7},{"damage":4,"enemies":"Lots of Slimes","floor":12,"turns":2},{"damage":0,"enemies":"3 Sentries","floor":14,"turns":1},{"damage":17,"enemies":"Hexaghost","floor":16,"turns":9}],"seed_played":"2746827871581331574","potions_obtained":[{"floor":1,"key":"SmokeBomb"},{"floor":4,"key":"Energy Potion"}],"is_trial":false,"path_per_floor":["M","$","?","?","M","R","M","M","T","$","E","M","?","E","R","B"],"character_chosen":"IRONCLAD","items_purchased":["Shrug It Off","Whirlwind","Shrug It Off"],"campfire_rested":0,"item_purchase_floors":[2,2,10],"current_hp_per_floor":[70,70,70,70,70,70,64,51,51,51,9,11,11,17,17,0],"gold":94,"neow_bonus":"RANDOM_COLORLESS","is_prod":false,"is_daily":false,"chose_seed":false,"campfire_upgraded":2,"win_rate":0,"timestamp":1556322385,"path_taken":["M","$","?","?","M","R","M","M","T","$","E","?","?","E","R","BOSS"],"build_version":"2019-01-23","purchased_purges":0,"victory":false,"max_hp_per_floor":[75,75,75,75,75,75,75,75,75,75,75,75,75,75,75,75],"card_choices":[{"not_picked":["Metallicize","Flex"],"picked":"Pommel Strike","floor":1},{"not_picked":["Entrench","Flex","Dual Wield"],"picked":"SKIP","floor":5},{"not_picked":["Warcry","Shockwave"],"picked":"Clothesline","floor":7},{"not_picked":["Hemokinesis","Blood for Blood"],"picked":"Havoc","floor":8},{"not_picked":["Entrench","Second Wind","Rage"],"picked":"SKIP","floor":11},{"not_picked":["Limit Break","Feel No Pain"],"picked":"Disarm","floor":12}],"player_experience":682089,"relics_obtained":[{"floor":9,"key":"Dodecahedron"},{"floor":11,"key":"Bottled Lightning"}],"event_choices":[{"damage_healed":0,"gold_gain":0,"player_choice":"Take Wound","damage_taken":0,"relics_obtained":["Golden Idol"],"max_hp_gain":0,"max_hp_loss":0,"event_name":"Golden Idol","floor":3,"gold_loss":0,"cards_obtained":["Injury"]},{"damage_healed":0,"gold_gain":0,"player_choice":"Got Potions","damage_taken":0,"max_hp_gain":0,"max_hp_loss":0,"event_name":"Lab","floor":4,"gold_loss":0},{"damage_healed":0,"gold_gain":0,"cards_transformed":["Purity"],"player_choice":"Transformed","damage_taken":0,"max_hp_gain":0,"max_hp_loss":0,"event_name":"Transmorgrifier","floor":13,"gold_loss":0,"cards_obtained":["Sadistic Nature"]}],"is_beta":false,"boss_relics":[],"items_purged_floors":[],"is_endless":false,"potions_floor_spawned":[1],"killed_by":"Hexaghost","ascension_level":19}