{"gold_per_floor":[115,14,14,28,28,28,60,60,139,168,168,168,182,211,211,211],"floor_reached":16,"playtime":1062,"items_purged":["Strike_G"],"score":151,"play_id":"9b5183bb-c11e-4ead-bd49-158c401648b2","local_time":"20181217204043","is_ascension_mode":true,"campfire_choices":[{"data":"Neutralize","floor":6,"key":"SMITH"},{"data":"Survivor","floor":11,"key":"SMITH"},{"data":"Cloak And Dagger","floor":15,"key":"SMITH"}],"neow_cost":"NONE","seed_source_timestamp":2847089827142121,"circlet_count":0,"master_deck":["Defend_G","Defend_G","Defend_G","Defend_G","Defend_G","Strike_G","Strike_G","Strike_G","Strike_G","Survivor+1","Neutralize+1","Cloak And Dagger+1","Cloak And Dagger","Masterful Stab","Dodge and Roll","Escape Plan","Dash"],"relics":["Ring of the Snake","NeowsBlessing","Centennial Puzzle","Sundial","Meat on the Bone","Thread and Needle","Odd Mushroom"],"potions_floor_usage":[10,16],"damage_taken":[{"damage":0,"enemies":"Jaw Worm","floor":1,"turns":1},{"damage":0,"enemies":"Cultist","floor":4,"turns":1},{"damage":0,"enemies":"Lagavulin","floor":7,"turns":1},{"damage":27,"enemies":"Gremlin Nob","floor":10,"turns":6},{"damage":0,"enemies":"Small Slimes","floor":13,"turns":3},{"damage":2,"enemies":"The Mushroom Lair","floor":14,"turns":6},{"damage":42,"enemies":"Hexaghost","floor":16,"turns":18}],"seed_played":"3171938854171776016","potions_obtained":[{"floor":4,"key":"Regen Potion"},{"floor":7,"key":"PowerPotion"},{"floor":14,"key":"GhostInAJar"}],"is_trial":false,"path_per_floor":["M","$","?","M","$","R","E","$","T","E","R","?","M","?","R","B"],"character_chosen":"THE_SILENT","items_purchased":["Cloak And Dagger"],"campfire_rested":0,"item_purchase_floors":[2],"current_hp_per_floor":[70,70,70,70,70,70,70,70,70,43,43,31,43,41,41,0],"gold":211,"neow_bonus":"THREE_ENEMY_KILL","is_prod":false,"is_daily":false,"chose_seed":false,"campfire_upgraded":3,"win_rate":0,"timestamp":1545100843,"path_taken":["M","$","?","M","$","R","E","?","T","E","R","?","M","?","R","BOSS"],"build_version":"2018-12-13","purchased_purges":1,"victory":false,"max_hp_per_floor":[70,70,70,70,70,70,70,70,70,70,70,70,70,70,70,70],"card_choices":[{"not_picked":["Underhanded Strike","Terror"],"picked":"Dagger Throw","floor":1},{"not_picked":["Setup","Underhanded Strike"],"picked":"Cloak And Dagger","floor":4},{"not_picked":["Slice","Cloak And Dagger"],"picked":"Masterful Stab","floor":7},{"not_picked":["Sucker Punch","Slice"],"picked":"Dodge and Roll","floor":10},{"not_picked":["Underhanded Strike","Sucker Punch"],"picked":"Escape Plan","floor":13},{"not_picked":["Distraction","PiercingWail"],"picked":"Dash","floor":14}],"player_experience":221096,"relics_obtained":[{"floor":7,"key":"Centennial Puzzle"},{"floor":9,"key":"Sundial"},{"floor":10,"key":"Meat on the Bone"},{"floor":14,"key":"Odd Mushroom"}],"event_choices":[{"cards_removed":["Dagger Throw"],"damage_healed":5,"gold_gain":0,"player_choice":"Offered Common","damage_taken":0,"max_hp_gain":0,"max_hp_loss":0,"event_name":"Bonfire Elementals","floor":3,"gold_loss":0},{"cards_removed":["Dagger Throw"],"damage_healed":5,"gold_gain":0,"player_choice":"Offered Special","damage_taken":0,"max_hp_gain":0,"max_hp_loss":0,"event_name":"Bonfire Elementals","floor":3,"gold_loss":0},{"damage_healed":0,"gold_gain":0,"player_choice":"Success","damage_taken":12,"relics_obtained":["Thread and Needle"],"max_hp_gain":0,"max_hp_loss":0,"event_name":"Scrap Ooze","floor":12,"gold_loss":0},{"damage_healed":0,"gold_gain":0,"player_choice":"Fought Mushrooms","damage_taken":0,"max_hp_gain":0,"max_hp_loss":0,"event_name":"Mushrooms","floor":14,"gold_loss":0}],"is_beta":false,"boss_relics":[],"items_purged_floors":[2],"is_endless":false,"potions_floor_spawned":[4,7,14],"killed_by":"Hexaghost","ascension_level":3}