{"path_per_floor":["M","M","M","M","M","E","R","M","T","M","M","M","E","$","R","B",null,"M","?","M","M","?","E","M","R","T","E","M","$","R","E","R","B",null,"M","?","M","M","?","E","R","M","T","E","?","E","R","M","R","B"],"character_chosen":"THE_SILENT","items_purchased":["Gambling Chip","Good Instincts","Happy Flower"],"gold_per_floor":[114,129,144,159,174,204,204,219,244,259,274,289,319,19,19,119,119,134,134,149,164,164,194,209,209,209,239,254,11,11,41,41,141,141,156,156,171,186,0,30,30,45,45,375,375,405,405,420,420,420],"floor_reached":51,"campfire_rested":2,"playtime":1588,"current_hp_per_floor":[70,70,70,70,70,70,70,70,70,70,70,70,70,70,70,70,70,70,57,57,57,57,57,64,82,82,82,82,82,82,82,82,82,82,82,82,82,82,82,84,84,94,96,96,84,86,86,86,100,100],"items_purged":[],"gold":420,"score":1389,"play_id":"fc4b90ea-3c58-4704-abb5-f396b58a596d","local_time":"20180403150403","daily_mods":["Draft","Lethality","Vintage"],"is_prod":false,"is_daily":true,"is_ascension_mode":false,"campfire_upgraded":6,"timestamp":1522789443,"path_taken":["M","M","M","M","M","E","R","M","T","M","M","M","E","$","R","BOSS","M","?","M","M","?","E","M","R","T","E","M","$","R","E","R","BOSS","M","?","M","M","?","E","R","M","T","E","?","E","R","M","R","BOSS"],"build_version":"2018-04-02","purchased_purges":0,"victory":true,"master_deck":["Endless Agony+1","Slice+1","Flying Knee","Cloak And Dagger+1","Concentrate+1","Sucker Punch","Deflect","Footwork","Terror+1","Dodge and Roll+1","Slice+1","Backstab+1","Dagger Spray","PiercingWail","Slice","Cloak And Dagger","Leg Sweep+1","Good Instincts","Slice+1","After Image","Choke","Madness+1","Madness"],"max_hp_per_floor":[70,70,70,70,70,70,70,70,70,70,70,70,70,70,70,70,70,70,75,75,75,75,75,82,82,82,82,82,82,82,82,82,82,82,82,82,82,82,82,84,84,94,96,96,96,98,98,98,100,100],"relics":["Ring of the Snake","Dodecahedron","Kunai","Matryoshka","Dream Catcher","Calipers","Toolbox","Snake Skull","Anchor","Regal Pillow","Orichalcum","Gremlin Horn","Bag of Preparation","Juzu Bracelet","Gambling Chip","Centennial Puzzle","Sozu","War Paint","Bag of Marbles","Art of War","Bottled Flame","Strawberry","Pen Nib","Unceasing Top","Blue Candle","Omamori","Happy Flower","Meat on the Bone","Whetstone","Black Star","Vajra","Singing Bowl","Mercury Hourglass","Red Mask","Prayer Wheel","Ancient Tea Set","Pear","Oddly Smooth Stone","Peace Pipe","Old Coin","Ornamental Fan","Letter Opener","Shuriken"],"card_choices":[{"not_picked":["Skewer","Backflip"],"picked":"Endless Agony","floor":0},{"not_picked":["Prepared","Deadly Poison"],"picked":"Slice","floor":0},{"not_picked":["Bane","Dagger Spray"],"picked":"Flying Knee","floor":0},{"not_picked":["Deadly Poison","Acrobatics"],"picked":"Cloak And Dagger","floor":0},{"not_picked":["Deadly Poison","Flying Knee"],"picked":"Concentrate","floor":0},{"not_picked":["Prepared","Acrobatics"],"picked":"Sucker Punch","floor":0},{"not_picked":["Quick Slash","PiercingWail"],"picked":"Deflect","floor":0},{"not_picked":["Bane","Underhanded Strike"],"picked":"Footwork","floor":0},{"not_picked":["Endless Agony","Prepared"],"picked":"Terror","floor":0},{"not_picked":["Deadly Poison","Reflex"],"picked":"Dodge and Roll","floor":0},{"not_picked":["Prepared","Poisoned Stab"],"picked":"Slice","floor":0},{"not_picked":["Sucker Punch","Quick Slash"],"picked":"Backstab","floor":0},{"not_picked":["Dodge and Roll","Footwork"],"picked":"Dagger Spray","floor":0},{"not_picked":["Flying Knee","Deadly Poison"],"picked":"PiercingWail","floor":0},{"not_picked":["Predator","Sucker Punch"],"picked":"Slice","floor":0},{"not_picked":["Dodge and Roll","Deadly Poison"],"picked":"Cloak And Dagger","floor":6},{"not_picked":["Cloak And Dagger","Bane"],"picked":"Leg Sweep","floor":13},{"not_picked":["PiercingWail","Blur"],"picked":"Slice","floor":31},{"not_picked":["Glass Knife","Tactician"],"picked":"After Image","floor":33},{"not_picked":["Noxious Fumes","Endless Agony"],"picked":"Choke","floor":44}],"player_experience":274682,"potions_floor_usage":[4,13,16,16],"damage_taken":[{"damage":0,"enemies":"Jaw Worm","floor":1,"turns":1},{"damage":0,"enemies":"Small Slimes","floor":2,"turns":1},{"damage":0,"enemies":"2 Louse","floor":3,"turns":1},{"damage":0,"enemies":"Exordium Thugs","floor":4,"turns":1},{"damage":0,"enemies":"Looter","floor":5,"turns":2},{"damage":0,"enemies":"Gremlin Nob","floor":6,"turns":2},{"damage":0,"enemies":"2 Fungi Beasts","floor":8,"turns":1},{"damage":0,"enemies":"Exordium Thugs","floor":10,"turns":3},{"damage":0,"enemies":"Exordium Wildlife","floor":11,"turns":2},{"damage":0,"enemies":"Looter","floor":12,"turns":1},{"damage":0,"enemies":"Lagavulin","floor":13,"turns":3},{"damage":0,"enemies":"The Guardian","floor":16,"turns":4},{"damage":0,"enemies":"Shell Parasite","floor":18,"turns":2},{"damage":0,"enemies":"3 Byrds","floor":20,"turns":1},{"damage":0,"enemies":"Snake Plant","floor":21,"turns":3},{"damage":0,"enemies":"Book of Stabbing","floor":23,"turns":3},{"damage":0,"enemies":"Snecko","floor":24,"turns":3},{"damage":0,"enemies":"Slavers","floor":27,"turns":1},{"damage":0,"enemies":"3 Cultists","floor":28,"turns":1},{"damage":0,"enemies":"Book of Stabbing","floor":31,"turns":2},{"damage":0,"enemies":"Automaton","floor":33,"turns":2},{"damage":0,"enemies":"Flame Bruiser 1 Orb","floor":35,"turns":2},{"damage":0,"enemies":"Orb Walker","floor":37,"turns":1},{"damage":0,"enemies":"Flame Bruiser 2 Orb","floor":38,"turns":2},{"damage":0,"enemies":"Nemesis","floor":40,"turns":1},{"damage":0,"enemies":"3 Darklings","floor":42,"turns":1},{"damage":0,"enemies":"2 Orb Walkers","floor":44,"turns":1},{"damage":0,"enemies":"Nemesis","floor":46,"turns":3},{"damage":0,"enemies":"Sphere and 2 Shapes","floor":48,"turns":1},{"damage":0,"enemies":"Donu and Deca","floor":50,"turns":2}],"event_choices":[{"event_name":"Forgotten Altar","player_choice":"Shed Blood","floor":19,"damage_taken":0},{"event_name":"Drug Dealer","player_choice":"Ignored","floor":22,"damage_taken":0},{"event_name":"Match and Keep!","player_choice":"0 cards matched","floor":36,"damage_taken":0},{"event_name":"Tomb of Lord Red Mask","player_choice":"Paid","floor":39,"damage_taken":0},{"event_name":"Winding Halls","player_choice":"Embrace Madness","floor":45,"damage_taken":0}],"boss_relics":[{"not_picked":["Eternal Feather","Velvet Choker"],"picked":"Sozu"},{"not_picked":["Lizard Tail","Runic Pyramid"],"picked":"Black Star"}],"potions_floor_spawned":[1,4,8,11,13,16,21,23,24,31,33,37,40,42,46,48],"seed_played":"-1662538699464581521","ascension_level":0,"is_trial":false}