{"gold_per_floor":[119,119,5,19,30,64,64,76,76,87,87,97,109,127,127,224,274,286,286,246,260,51,51,65,65,65,82,82,97,97,109,109,109],"floor_reached":33,"playtime":2283,"items_purged":["Regret"],"score":392,"play_id":"a87db221-2fb1-43d8-928c-68b5d5d6824c","local_time":"20190116143642","is_ascension_mode":true,"campfire_choices":[{"floor":7,"key":"REST"},{"data":"Calculated Gamble","floor":11,"key":"SMITH"},{"floor":15,"key":"REST"},{"data":"Storm of Steel","floor":23,"key":"SMITH"},{"floor":25,"key":"REST"},{"data":"Dodge and Roll","floor":28,"key":"SMITH"},{"floor":32,"key":"REST"}],"neow_cost":"CURSE","seed_source_timestamp":1889425083346552,"circlet_count":0,"master_deck":["AscendersBane","Defend_G+1","Defend_G","Defend_G+1","Defend_G","Defend_G","Strike_G","Strike_G","Strike_G","Strike_G","Survivor","Neutralize","Calculated Gamble+1","Quick Slash","Noxious Fumes+1","Dodge and Roll+1","Poisoned Stab","Quick Slash","Underhanded Strike","Reflex","Expertise","Storm of Steel+1","All Out Attack","Dagger Throw","Caltrops+1","Deflect","Well Laid Plans+1","Dodge and Roll+1","Footwork"],"relics":["Ring of the Snake","Tough Bandages","Omamori","Matryoshka","Tiny House","Strawberry","Bronze Scales","Gremlin Horn"],"potions_floor_usage":[6,13,13,24,29,29,33],"damage_taken":[{"damage":25,"enemies":"Jaw Worm","floor":1,"turns":6},{"damage":8,"enemies":"Cultist","floor":4,"turns":4},{"damage":15,"enemies":"Small Slimes","floor":5,"turns":3},{"damage":13,"enemies":"Lagavulin","floor":6,"turns":8},{"damage":0,"enemies":"Red Slaver","floor":8,"turns":3},{"damage":0,"enemies":"3 Louse","floor":10,"turns":5},{"damage":1,"enemies":"Blue Slaver","floor":12,"turns":4},{"damage":2,"enemies":"Exordium Thugs","floor":13,"turns":5},{"damage":15,"enemies":"Large Slime","floor":14,"turns":6},{"damage":22,"enemies":"The Guardian","floor":16,"turns":12},{"damage":28,"enemies":"Shell Parasite","floor":18,"turns":8},{"damage":6,"enemies":"3 Byrds","floor":21,"turns":5},{"damage":15,"enemies":"Shelled Parasite and Fungi","floor":24,"turns":8},{"damage":3,"enemies":"Snake Plant","floor":27,"turns":3},{"damage":36,"enemies":"3 Cultists","floor":29,"turns":5},{"damage":12,"enemies":"Centurion and Healer","floor":31,"turns":7},{"damage":64,"enemies":"Champ","floor":33,"turns":17}],"seed_played":"5295740818314056653","potions_obtained":[{"floor":1,"key":"Dexterity Potion"},{"floor":6,"key":"SneckoOil"},{"floor":10,"key":"SteroidPotion"},{"floor":17,"key":"Regen Potion"},{"floor":24,"key":"PowerPotion"},{"floor":29,"key":"FairyPotion"},{"floor":31,"key":"Weak Potion"}],"is_trial":false,"path_per_floor":["M","?","$","M","M","E","R","M","T","M","R","M","M","M","R","B",null,"M","$","?","M","$","R","M","R","T","M","R","M","?","M","R","B"],"character_chosen":"THE_SILENT","items_purchased":["Noxious Fumes","Strawberry","SkillPotion"],"campfire_rested":4,"item_purchase_floors":[3,22,22],"current_hp_per_floor":[38,38,38,30,15,2,23,23,23,23,23,22,20,5,26,4,59,31,31,31,25,32,32,17,41,41,38,38,14,14,2,26,0],"gold":109,"neow_bonus":"ONE_RARE_RELIC","is_prod":false,"is_daily":false,"chose_seed":false,"campfire_upgraded":3,"win_rate":0,"timestamp":1547649402,"path_taken":["M","?","$","M","M","E","R","M","T","M","R","?","M","M","R","BOSS","M","$","?","?","$","R","M","R","T","M","R","M","?","M","R","BOSS"],"build_version":"2019-01-10","purchased_purges":1,"victory":false,"max_hp_per_floor":[70,70,70,70,70,70,70,70,70,70,70,70,70,70,70,70,75,75,75,75,75,82,82,82,82,82,82,82,82,82,82,82,82],"card_choices":[{"not_picked":["Sucker Punch","Choke"],"picked":"Calculated Gamble","floor":1},{"not_picked":["Well Laid Plans","Catalyst"],"picked":"Dodge and Roll","floor":4},{"not_picked":["Finisher","Prepared"],"picked":"Poisoned Stab","floor":5},{"not_picked":["Noxious Fumes","Deflect"],"picked":"Quick Slash","floor":6},{"not_picked":["Prepared","Blade Dance","Expertise"],"picked":"SKIP","floor":8},{"not_picked":["Sucker Punch","Doppelganger","Dagger Spray"],"picked":"SKIP","floor":10},{"not_picked":["Deadly Poison","Dagger Spray"],"picked":"Underhanded Strike","floor":12},{"not_picked":["Sucker Punch","Crippling Poison"],"picked":"Reflex","floor":13},{"not_picked":["Predator","Choke"],"picked":"Expertise","floor":14},{"not_picked":["Wraith Form v2","Venomology"],"picked":"Storm of Steel","floor":16},{"not_picked":["Quick Slash","Distraction"],"picked":"All Out Attack","floor":17},{"not_picked":["Poisoned Stab","Slice"],"picked":"Dagger Throw","floor":18},{"not_picked":["Concentrate","Dagger Spray"],"picked":"Caltrops+1","floor":21},{"not_picked":["Escape Plan","Predator"],"picked":"Deflect","floor":24},{"not_picked":["Prepared","Outmaneuver"],"picked":"Well Laid Plans+1","floor":27},{"not_picked":["Dagger Spray","Skewer+1"],"picked":"Dodge and Roll+1","floor":29},{"not_picked":["Poisoned Stab+1","Dagger Spray"],"picked":"Footwork","floor":31}],"player_experience":354301,"relics_obtained":[{"floor":6,"key":"Omamori"},{"floor":9,"key":"Matryoshka"},{"floor":26,"key":"Bronze Scales"},{"floor":26,"key":"Gremlin Horn"}],"event_choices":[{"damage_healed":0,"gold_gain":0,"cards_transformed":["Strike_G"],"player_choice":"Transformed","damage_taken":0,"max_hp_gain":0,"max_hp_loss":0,"event_name":"Transmorgrifier","floor":2,"gold_loss":0,"cards_obtained":["Quick Slash"]},{"damage_healed":0,"gold_gain":0,"player_choice":"Upgraded Two","damage_taken":0,"max_hp_gain":0,"max_hp_loss":0,"event_name":"Designer","floor":20,"gold_loss":40,"cards_upgraded":["Defend_G","Noxious Fumes"]},{"damage_healed":0,"gold_gain":0,"player_choice":"Ignored","damage_taken":0,"max_hp_gain":0,"max_hp_loss":0,"event_name":"Cursed Tome","floor":30,"gold_loss":0}],"is_beta":false,"boss_relics":[{"not_picked":["White Beast Statue","Pandora\u0027s Box"],"picked":"Tiny House"}],"items_purged_floors":[3],"is_endless":false,"potions_floor_spawned":[1,6,10,12,24,29,31],"killed_by":"Champ","ascension_level":11}