{"gold_per_floor":[116,291,241,241,316,316,316,331,331,344,374,384,401,420,420,420],"floor_reached":16,"playtime":396,"items_purged":[],"score":138,"play_id":"27591dd8-746e-46a3-9721-dda145c26b75","local_time":"20190113214654","is_ascension_mode":true,"campfire_choices":[{"floor":6,"key":"REST"},{"floor":15,"key":"REST"}],"neow_cost":"TEN_PERCENT_HP_LOSS","seed_source_timestamp":1657915897621607,"circlet_count":0,"master_deck":["Defend_G","Defend_G","Defend_G","Defend_G","Defend_G","Strike_G","Strike_G","Strike_G","Strike_G","Strike_G","Survivor","Neutralize","Flying Knee","Quick Slash","Dagger Throw","Predator","All Out Attack","Underhanded Strike","Glass Knife"],"relics":["Ring of the Snake","StoneCalendar","Art of War","Smiling Mask","Pocketwatch"],"potions_floor_usage":[12,14,16],"damage_taken":[{"damage":2,"enemies":"Jaw Worm","floor":1,"turns":7},{"damage":0,"enemies":"2 Louse","floor":8,"turns":3},{"damage":0,"enemies":"Small Slimes","floor":10,"turns":2},{"damage":39,"enemies":"Gremlin Nob","floor":11,"turns":5},{"damage":13,"enemies":"3 Louse","floor":12,"turns":4},{"damage":0,"enemies":"2 Fungi Beasts","floor":13,"turns":3},{"damage":11,"enemies":"Exordium Thugs","floor":14,"turns":4},{"damage":26,"enemies":"Slime Boss","floor":16,"turns":3}],"seed_played":"-3892775770099554135","potions_obtained":[{"floor":10,"key":"Energy Potion"},{"floor":13,"key":"Regen Potion"},{"floor":14,"key":"Poison Potion"}],"is_trial":false,"path_per_floor":["M","?","?","?","?","R","?","M","T","M","E","M","M","M","R","B"],"character_chosen":"THE_SILENT","items_purchased":[],"campfire_rested":2,"item_purchase_floors":[],"current_hp_per_floor":[61,61,61,43,32,50,55,55,55,55,16,3,3,4,24,0],"gold":420,"neow_bonus":"ONE_RARE_RELIC","is_prod":false,"is_daily":false,"chose_seed":false,"campfire_upgraded":0,"win_rate":0,"timestamp":1547416014,"path_taken":["M","?","?","?","?","R","?","M","T","M","E","M","M","M","R","BOSS"],"build_version":"2019-01-10","purchased_purges":0,"victory":false,"max_hp_per_floor":[63,63,63,63,63,63,68,68,68,68,68,68,68,68,68,68],"card_choices":[{"not_picked":["Accuracy","Quick Slash"],"picked":"Flying Knee","floor":1},{"not_picked":["Cloak And Dagger","Expertise"],"picked":"Quick Slash","floor":8},{"not_picked":["Prepared","Underhanded Strike"],"picked":"Dagger Throw","floor":10},{"not_picked":["Blade Dance","Dagger Throw"],"picked":"Predator","floor":11},{"not_picked":["Cloak And Dagger","Slice"],"picked":"All Out Attack","floor":12},{"not_picked":["Escape Plan","PiercingWail"],"picked":"Underhanded Strike","floor":13},{"not_picked":["Deflect","Setup"],"picked":"Glass Knife","floor":14}],"player_experience":264694,"relics_obtained":[{"floor":9,"key":"Smiling Mask"},{"floor":11,"key":"Pocketwatch"}],"event_choices":[{"damage_healed":0,"gold_gain":175,"player_choice":"AGREE","damage_taken":0,"max_hp_gain":0,"max_hp_loss":0,"event_name":"Liars Game","floor":2,"gold_loss":0,"cards_obtained":["Doubt"]},{"cards_removed":["Doubt"],"damage_healed":0,"gold_gain":0,"player_choice":"Card Removal","damage_taken":0,"max_hp_gain":0,"max_hp_loss":0,"event_name":"The Cleric","floor":3,"gold_loss":50},{"damage_healed":0,"gold_gain":0,"player_choice":"Success","damage_taken":18,"relics_obtained":["Art of War"],"max_hp_gain":0,"max_hp_loss":0,"event_name":"Scrap Ooze","floor":4,"gold_loss":0},{"damage_healed":0,"gold_gain":75,"player_choice":"Gather Gold","damage_taken":11,"max_hp_gain":0,"max_hp_loss":0,"event_name":"World of Goop","floor":5,"gold_loss":0},{"damage_healed":0,"gold_gain":0,"player_choice":"Donut","damage_taken":0,"max_hp_gain":5,"max_hp_loss":0,"event_name":"Big Fish","floor":7,"gold_loss":0}],"is_beta":false,"boss_relics":[],"items_purged_floors":[],"is_endless":false,"potions_floor_spawned":[10,13,14],"killed_by":"Slime Boss","ascension_level":7}