{"gold_per_floor":[115,27,46,21,34,34,64,64,64,139,139,174,198,229,229,302,302,315,329,63,63,63,89,101,138,150,162,185,3,3,103,103,177,177,187,157,10,30,30,30,46,59,84,84,133,133,187,199,199,199],"floor_reached":51,"playtime":3923,"items_purged":["Strike_G","Strike_G+1"],"score":1200,"play_id":"c3dc5635-34ac-4e3e-a192-05c2c56875ce","local_time":"20190118235813","is_ascension_mode":true,"campfire_choices":[{"data":"Wraith Form v2","floor":6,"key":"SMITH"},{"data":"Backflip","floor":8,"key":"SMITH"},{"data":"Well Laid Plans","floor":11,"key":"SMITH"},{"floor":15,"key":"REST"},{"data":"Grand Finale","floor":24,"key":"SMITH"},{"floor":27,"key":"REST"},{"data":"Backflip","floor":30,"key":"SMITH"},{"data":"Neutralize","floor":32,"key":"SMITH"},{"data":"Footwork","floor":40,"key":"SMITH"},{"data":"Escape Plan","floor":44,"key":"SMITH"},{"data":"Survivor","floor":49,"key":"SMITH"}],"neow_cost":"NONE","seed_source_timestamp":1134640655066879,"circlet_count":0,"master_deck":["AscendersBane","Defend_G+1","Defend_G+1","Defend_G+1","Defend_G+1","Defend_G+1","Strike_G+1","Strike_G+1","Strike_G+1","Survivor+1","Neutralize+1","Wraith Form v2+1","Well Laid Plans+1","Backflip+1","Escape Plan+1","Dagger Spray","Grand Finale+1","Footwork+1","Backflip+1","Grand Finale+1","Backflip+1","Burst+1","Acrobatics+1"],"relics":["Ring of the Snake","Ninja Scroll","Pantograph","Orichalcum","Odd Mushroom","Shuriken","Busted Crown","Frozen Eye","Nilry\u0027s Codex","MawBank","Red Mask","Toxic Egg 2","DollysMirror","Mango","Blue Candle","HoveringKite","Bag of Marbles","FossilizedHelix","Vajra"],"potions_floor_usage":[14,14,16,31,35,35,50],"damage_taken":[{"damage":2,"enemies":"Cultist","floor":1,"turns":6},{"damage":1,"enemies":"Jaw Worm","floor":3,"turns":5},{"damage":0,"enemies":"2 Louse","floor":5,"turns":4},{"damage":6,"enemies":"Lagavulin","floor":7,"turns":8},{"damage":19,"enemies":"3 Sentries","floor":12,"turns":6},{"damage":7,"enemies":"The Mushroom Lair","floor":13,"turns":4},{"damage":10,"enemies":"Lagavulin","floor":14,"turns":9},{"damage":39,"enemies":"The Guardian","floor":16,"turns":11},{"damage":0,"enemies":"2 Thieves","floor":18,"turns":3},{"damage":0,"enemies":"Spheric Guardian","floor":19,"turns":4},{"damage":4,"enemies":"Gremlin Leader","floor":23,"turns":5},{"damage":0,"enemies":"Masked Bandits","floor":25,"turns":3},{"damage":0,"enemies":"Centurion and Healer","floor":28,"turns":3},{"damage":9,"enemies":"Colosseum Slavers","floor":31,"turns":7},{"damage":0,"enemies":"Colosseum Nobs","floor":31,"turns":3},{"damage":0,"enemies":"Collector","floor":33,"turns":7},{"damage":3,"enemies":"3 Shapes","floor":35,"turns":4},{"damage":1,"enemies":"3 Darklings","floor":38,"turns":2},{"damage":0,"enemies":"Maw","floor":41,"turns":4},{"damage":2,"enemies":"4 Shapes","floor":42,"turns":2},{"damage":2,"enemies":"2 Orb Walkers","floor":45,"turns":4},{"damage":0,"enemies":"Writhing Mass","floor":48,"turns":4},{"damage":0,"enemies":"Awakened One","floor":50,"turns":12}],"seed_played":"-8533270223655358507","potions_obtained":[{"floor":1,"key":"SpeedPotion"},{"floor":5,"key":"Block Potion"},{"floor":14,"key":"Regen Potion"},{"floor":23,"key":"AttackPotion"},{"floor":25,"key":"Poison Potion"},{"floor":33,"key":"SteroidPotion"},{"floor":36,"key":"Ancient Potion"},{"floor":36,"key":"Strength Potion"}],"is_trial":false,"path_per_floor":["M","$","M","$","M","R","E","R","T","?","R","E","?","E","R","B",null,"M","M","$","?","?","E","R","?","T","R","M","$","R","?","R","B",null,"M","?","$","M","?","R","M","M","T","R","?","?","T","M","R","B",null],"character_chosen":"THE_SILENT","items_purchased":["Well Laid Plans","Backflip","Dagger Spray","Frozen Eye","DollysMirror","Acrobatics+1"],"campfire_rested":2,"item_purchase_floors":[2,2,4,20,29,37],"current_hp_per_floor":[61,61,60,60,60,60,54,54,54,43,43,24,17,7,28,29,60,60,60,60,44,44,40,40,40,40,61,61,61,61,66,66,84,84,81,81,81,80,80,80,80,78,78,78,76,76,76,76,76,80],"gold":199,"neow_bonus":"ONE_RANDOM_RARE_CARD","is_prod":false,"is_daily":false,"chose_seed":false,"campfire_upgraded":9,"win_rate":0,"timestamp":1547855893,"path_taken":["M","$","M","?","M","R","E","R","T","?","R","E","?","E","R","BOSS","M","M","$","?","?","E","R","?","T","R","?","$","R","?","R","BOSS","M","?","$","?","?","R","M","M","T","R","?","?","?","M","R","BOSS"],"build_version":"2019-01-17v2","purchased_purges":2,"victory":true,"max_hp_per_floor":[70,70,70,70,70,70,70,70,70,70,70,70,70,70,70,70,70,70,70,70,70,70,70,70,70,70,70,70,70,70,84,84,84,84,84,84,84,84,80,80,80,80,80,80,80,80,80,80,80,80],"card_choices":[{"not_picked":["Reflex","Prepared","Acrobatics"],"picked":"SKIP","floor":1},{"not_picked":["Cloak And Dagger","Setup"],"picked":"Escape Plan","floor":3},{"not_picked":["Terror","Dagger Spray"],"picked":"Grand Finale","floor":5},{"not_picked":["Quick Slash","Blade Dance","Flying Knee"],"picked":"SKIP","floor":7},{"not_picked":["Masterful Stab","Well Laid Plans"],"picked":"Footwork","floor":12},{"not_picked":["Acrobatics","Terror"],"picked":"Backflip","floor":13},{"not_picked":["Heel Hook","Acrobatics","Blade Dance"],"picked":"SKIP","floor":14},{"not_picked":["Escape Plan"],"picked":"SKIP","floor":18},{"not_picked":["Deadly Poison"],"picked":"SKIP","floor":19},{"not_picked":["Deflect"],"picked":"SKIP","floor":23},{"not_picked":["Underhanded Strike"],"picked":"SKIP","floor":28},{"not_picked":[],"picked":"Backflip+1","floor":31},{"not_picked":[],"picked":"Burst+1","floor":33},{"not_picked":["Blade Dance+1"],"picked":"SKIP","floor":35},{"not_picked":["Blade Dance+1"],"picked":"SKIP","floor":38},{"not_picked":["Poisoned Stab+1"],"picked":"SKIP","floor":41},{"not_picked":["Cloak And Dagger+1"],"picked":"SKIP","floor":42},{"not_picked":["Underhanded Strike"],"picked":"SKIP","floor":48}],"player_experience":145838,"relics_obtained":[{"floor":7,"key":"Ninja Scroll"},{"floor":9,"key":"Pantograph"},{"floor":12,"key":"Orichalcum"},{"floor":13,"key":"Odd Mushroom"},{"floor":14,"key":"Shuriken"},{"floor":21,"key":"Nilry\u0027s Codex"},{"floor":23,"key":"MawBank"},{"floor":25,"key":"Red Mask"},{"floor":26,"key":"Toxic Egg 2"},{"floor":31,"key":"Mango"},{"floor":31,"key":"Blue Candle"},{"floor":43,"key":"Bag of Marbles"},{"floor":45,"key":"FossilizedHelix"},{"floor":47,"key":"Vajra"}],"event_choices":[{"damage_healed":0,"gold_gain":75,"player_choice":"Gather Gold","damage_taken":11,"max_hp_gain":0,"max_hp_loss":0,"event_name":"World of Goop","floor":10,"gold_loss":0},{"damage_healed":0,"gold_gain":0,"player_choice":"Fought Mushrooms","damage_taken":0,"max_hp_gain":0,"max_hp_loss":0,"event_name":"Mushrooms","floor":13,"gold_loss":0},{"damage_healed":0,"gold_gain":0,"player_choice":"Obtained Book","damage_taken":16,"max_hp_gain":0,"max_hp_loss":0,"event_name":"Cursed Tome","floor":21,"gold_loss":0},{"damage_healed":0,"gold_gain":0,"player_choice":"Simplicity","damage_taken":0,"max_hp_gain":0,"max_hp_loss":0,"event_name":"Back to Basics","floor":22,"gold_loss":0,"cards_upgraded":["Defend_G","Defend_G","Defend_G","Defend_G","Defend_G","Strike_G","Strike_G","Strike_G","Strike_G"]},{"damage_healed":0,"gold_gain":0,"player_choice":"Fought Bandits","damage_taken":0,"max_hp_gain":0,"max_hp_loss":0,"event_name":"Masked Bandits","floor":25,"gold_loss":0},{"damage_healed":0,"gold_gain":0,"player_choice":"Fight","damage_taken":0,"max_hp_gain":0,"max_hp_loss":0,"event_name":"Colosseum","floor":31,"gold_loss":0},{"damage_healed":0,"gold_gain":0,"player_choice":"Fought Nobs","damage_taken":0,"max_hp_gain":0,"max_hp_loss":0,"event_name":"Colosseum","floor":31,"gold_loss":0},{"damage_healed":0,"gold_gain":0,"player_choice":"Bought 2 Potions","damage_taken":0,"max_hp_gain":0,"max_hp_loss":0,"event_name":"The Woman in Blue","floor":36,"gold_loss":0},{"damage_healed":0,"gold_gain":0,"player_choice":"Max HP","damage_taken":0,"max_hp_gain":0,"max_hp_loss":4,"event_name":"Winding Halls","floor":39,"gold_loss":0},{"damage_healed":0,"gold_gain":0,"player_choice":"Fight","damage_taken":0,"max_hp_gain":0,"max_hp_loss":0,"event_name":"Mysterious Sphere","floor":45,"gold_loss":0},{"damage_healed":0,"gold_gain":0,"player_choice":"Memory 1","damage_taken":0,"max_hp_gain":0,"max_hp_loss":0,"event_name":"SensoryStone","floor":46,"gold_loss":0}],"is_beta":false,"boss_relics":[{"not_picked":["Runic Dome","Calling Bell"],"picked":"Busted Crown"},{"not_picked":["Coffee Dripper","WristBlade"],"picked":"HoveringKite"}],"items_purged_floors":[20,37],"is_endless":false,"potions_floor_spawned":[1,5,14,23,25,33,41,48],"ascension_level":13}