{"path_per_floor":["M","M","$","?","M","R","E","R","T","?","M","E","T","?","R","B",null,"M","?","M","$","M"],"character_chosen":"IRONCLAD","items_purchased":["Trip","Ice Cream"],"gold_per_floor":[118,130,43,43,62,62,392,392,392,392,407,442,442,442,442,545,545,558,558,576,214,233],"floor_reached":23,"campfire_rested":1,"playtime":1716,"current_hp_per_floor":[96,94,94,91,90,90,54,82,82,82,83,63,63,95,95,35,96,99,99,83,83,50],"items_purged":["Writhe"],"gold":233,"play_id":"f129e4db-83a4-40bb-a86d-3a8c318f8d94","is_prod":false,"is_daily":false,"campfire_rituals":0,"campfire_upgraded":2,"is_hardmode":false,"path_taken":["M","M","$","?","M","R","E","R","T","?","M","E","?","?","R","BOSS","M","?","M","$","M","E"],"build_version":"2017-12-21-PROD1","purchased_purges":1,"victory":false,"master_deck":["Strike_R","Strike_R","Strike_R","Strike_R","Strike_R","Defend_R","Defend_R","Defend_R","Defend_R","Bash","Parasite","Shockwave","Dropkick","Trip","Dropkick","Pommel Strike","Flex","Feed","Flex","Heavy Blade","Rampage"],"max_hp_per_floor":[96,96,96,96,96,96,96,96,96,96,96,96,96,96,96,96,96,99,99,102,102,105],"relics":["Burning Blood","Peace Pipe","Old Coin","Happy Flower","Pen Nib","Dream Catcher","Question Card","Ornamental Fan","Ice Cream"],"campfire_meditates":0,"card_choices":[{"not_picked":["Sever Soul","Searing Blow"],"picked":"Shockwave"},{"not_picked":["Sever Soul","Armaments"],"picked":"Dropkick"},{"not_picked":["Perfected Strike","Evolve"],"picked":"Dropkick"},{"not_picked":["Burning Pact","Clash"],"picked":"Pommel Strike"},{"not_picked":["Pommel Strike","Dual Wield"],"picked":"Flex"},{"not_picked":["Juggernaut","Bludgeon"],"picked":"Feed"},{"not_picked":["Anger","Clash","Flame Barrier"],"picked":"Flex"},{"not_picked":["Shockwave","Clothesline","Pommel Strike"],"picked":"Heavy Blade"},{"not_picked":["Heavy Blade","Warcry","Pommel Strike"],"picked":"Rampage"}],"player_experience":20932,"potions_floor_usage":[7,7,12,23,23],"damage_taken":[{"damage":5,"enemies":"Cultist","floor":1,"turns":4},{"damage":8,"enemies":"Blue Slaver","floor":2,"turns":6},{"damage":7,"enemies":"Looter","floor":5,"turns":4},{"damage":42,"enemies":"3 Sentries","floor":7,"turns":5},{"damage":5,"enemies":"Large Slime","floor":11,"turns":5},{"damage":26,"enemies":"Lagavulin","floor":12,"turns":4},{"damage":66,"enemies":"Hexaghost","floor":16,"turns":8},{"damage":3,"enemies":"Chosen","floor":18,"turns":6},{"damage":25,"enemies":"Spheric Guardian","floor":20,"turns":4},{"damage":42,"enemies":"Centurion and Healer","floor":22,"turns":9},{"damage":53,"enemies":"Slavers","floor":23,"turns":4}],"event_choices":[{"event_name":"Scrap Ooze","player_choice":"success","floor":4,"damage_taken":3},{"event_name":"Living Wall","player_choice":"Grow","floor":10,"damage_taken":0},{"event_name":"Big Fish","player_choice":"Banana","floor":14,"damage_taken":0},{"event_name":"The Mausoleum","player_choice":"Yes","floor":19,"damage_taken":0}],"boss_relics":[{"not_picked":["White Beast Statue","Black Star"],"picked":"Question Card"}],"potions_floor_spawned":[1,2,11,16,22],"seed_played":"-3628226498229869162","killed_by":"Slavers","is_trial":false}