{"path_per_floor":["M","$","?","$","M","R","E","R","T","$","E","M","T","?","R","B",null,"M","$","?","$","M","R","M","M","T","R","M","R","M","M","R","B",null,"M","?","M","$"],"character_chosen":"THE_SILENT","items_purchased":["Bag of Marbles","Ornamental Fan","Shuriken","Tactician","Calculated Gamble","Reflex"],"gold_per_floor":[112,52,127,2,16,16,45,45,71,71,102,117,117,292,292,394,394,413,208,208,9,20,20,36,55,126,126,146,146,158,173,173,270,270,281,281,297,20],"floor_reached":39,"campfire_rested":3,"playtime":2160,"current_hp_per_floor":[66,66,55,55,52,52,42,42,42,42,2,1,1,1,37,25,70,40,40,40,40,40,40,37,34,34,70,57,57,47,19,55,2,70,24,61,41,41],"items_purged":["Pain","Doubt"],"gold":20,"score":415,"play_id":"e7b72e7e-bf5c-4bc4-8695-6c2450b48bfb","is_prod":false,"is_daily":false,"is_ascension_mode":true,"campfire_upgraded":4,"path_taken":["M","$","?","?","M","R","E","R","T","$","E","?","?","?","R","BOSS","M","$","?","$","M","R","M","M","T","R","M","R","?","M","R","BOSS","M","?","M","$","M"],"build_version":"2018-02-23-BETA1","purchased_purges":2,"victory":false,"master_deck":["Survivor","Neutralize+1","Decay","Clumsy","Finisher","Dagger Spray","Blade Dance+1","Well Laid Plans","Footwork","Night Terror","Distraction+1","Terror","Expertise","Cloak And Dagger+1","Prepared+1","Concentrate+1","Accuracy","Die Die Die","Underhanded Strike","Glass Knife","Outmaneuver","Flying Knee","Leg Sweep","Poisoned Stab","Dagger Spray","Cloak And Dagger","All Out Attack","Distraction","Flechettes","Slice","Backflip","Heel Hook+1","Tactician","Calculated Gamble","Reflex"],"max_hp_per_floor":[70,70,70,70,70,70,70,70,70,70,70,70,70,70,70,70,70,70,70,70,70,70,70,70,70,70,70,70,70,70,70,70,70,70,70,61,61,61],"relics":["Calling Bell","Pen Nib","The Courier","Lantern","Bag of Marbles","Letter Opener","Regal Pillow","Happy Flower","Tingsha","Orrery","Ornamental Fan","Shuriken","Paper Crane","Pandora\u0027s Box"],"card_choices":[{"not_picked":["Outmaneuver","Expertise"],"picked":"Finisher"},{"not_picked":["Malaise","Eviscerate"],"picked":"Dagger Spray"},{"not_picked":["Outmaneuver","Crippling Poison"],"picked":"Blade Dance"},{"not_picked":["Dash","Prepared"],"picked":"Well Laid Plans"},{"not_picked":["Dodge and Roll","Backstab"],"picked":"Footwork"},{"not_picked":["Corpse Explosion","Phantasmal Killer"],"picked":"Night Terror"},{"not_picked":["Noxious Fumes","Dodge and Roll"],"picked":"Distraction"},{"not_picked":["Outmaneuver","Poisoned Stab"],"picked":"Terror"},{"not_picked":["Quick Slash","Backflip"],"picked":"Expertise"},{"not_picked":["Riddle With Holes","Dagger Throw"],"picked":"Cloak And Dagger"},{"not_picked":["Sucker Punch","Terror"],"picked":"Prepared"},{"not_picked":["Quick Slash","Poisoned Stab"],"picked":"Concentrate"},{"not_picked":["Finisher","Expertise"],"picked":"Accuracy"},{"not_picked":["Accuracy","Dodge and Roll"],"picked":"Die Die Die"},{"not_picked":["Dagger Spray","Endless Agony"],"picked":"Underhanded Strike"},{"not_picked":["After Image","Grand Finale"],"picked":"Glass Knife"},{"not_picked":["Slice","Concentrate"],"picked":"Backflip"},{"not_picked":["Poisoned Stab","Dagger Spray"],"picked":"Heel Hook"}],"player_experience":169884,"potions_floor_usage":[7,16,25,30,33,33,37,37],"damage_taken":[{"damage":4,"enemies":"Small Slimes","floor":1,"turns":6},{"damage":3,"enemies":"2 Louse","floor":5,"turns":5},{"damage":10,"enemies":"3 Sentries","floor":7,"turns":5},{"damage":40,"enemies":"Lagavulin","floor":11,"turns":6},{"damage":1,"enemies":"Cultist","floor":12,"turns":3},{"damage":27,"enemies":"The Guardian","floor":16,"turns":13},{"damage":30,"enemies":"Chosen","floor":18,"turns":5},{"damage":0,"enemies":"2 Thieves","floor":22,"turns":2},{"damage":3,"enemies":"Snecko","floor":24,"turns":4},{"damage":15,"enemies":"Centurion and Healer","floor":25,"turns":5},{"damage":13,"enemies":"Sentry and Sphere","floor":28,"turns":6},{"damage":10,"enemies":"Slaver and Parasite","floor":30,"turns":4},{"damage":28,"enemies":"Snake Plant","floor":31,"turns":4},{"damage":53,"enemies":"Champ","floor":33,"turns":9},{"damage":46,"enemies":"3 Darklings","floor":35,"turns":4},{"damage":20,"enemies":"Orb Walker","floor":37,"turns":3},{"damage":44,"enemies":"4 Shapes","floor":39,"turns":3}],"event_choices":[{"event_name":"World of Goop","player_choice":"Gather Gold","floor":3,"damage_taken":0},{"event_name":"Liars Game","player_choice":"agreed","floor":14,"damage_taken":0},{"event_name":"Beggar","player_choice":"Ignored","floor":20,"damage_taken":0},{"event_name":"The Moai Head","player_choice":"Heal","floor":36,"damage_taken":0}],"boss_relics":[{"not_picked":["Runic Pyramid","Ectoplasm"],"picked":"Orrery"},{"not_picked":["Question Card","Snecko Eye"],"picked":"Pandora\u0027s Box"}],"potions_floor_spawned":[1,12,16,18,22,24,31,35],"seed_played":"8281751192162380714","killed_by":"4 Shapes","ascension_level":3,"is_trial":false}