{"gold_per_floor":[362,379,209,209,225,225,240,257,338,350,162,189,189,208,208,311,311,327,227,227,227],"floor_reached":21,"playtime":1503,"items_purged":["Strike_R","Strike_R"],"score":242,"play_id":"a9ea1498-0f9e-4d20-9fc4-c09ebca68abd","local_time":"20190105004619","is_ascension_mode":true,"campfire_choices":[{"data":"Bash","floor":6,"key":"SMITH"},{"data":"Shrug It Off","floor":13,"key":"SMITH"},{"data":"Anger","floor":15,"key":"SMITH"}],"neow_cost":"TEN_PERCENT_HP_LOSS","seed_source_timestamp":44719914280496,"circlet_count":0,"master_deck":["Strike_R","Strike_R","Strike_R","Defend_R","Defend_R","Defend_R","Defend_R","Bash+1","Clothesline","Ghostly Armor","Armaments","Battle Trance","Thunderclap","Pommel Strike","Anger+1","Metallicize","Spot Weakness","Shrug It Off+1","Twin Strike","Demon Form","Shrug It Off","Sword Boomerang","Flame Barrier","Whirlwind","Ghostly","Ghostly","Ghostly","Ghostly","Ghostly"],"relics":["Burning Blood","Bronze Scales","Tiny Chest","Question Card","Orrery","GremlinMask"],"potions_floor_usage":[],"damage_taken":[{"damage":11,"enemies":"Cultist","floor":1,"turns":4},{"damage":7,"enemies":"2 Louse","floor":2,"turns":4},{"damage":7,"enemies":"Jaw Worm","floor":5,"turns":4},{"damage":1,"enemies":"Red Slaver","floor":7,"turns":3},{"damage":10,"enemies":"Lots of Slimes","floor":8,"turns":3},{"damage":8,"enemies":"Blue Slaver","floor":10,"turns":4},{"damage":8,"enemies":"3 Sentries","floor":12,"turns":7},{"damage":0,"enemies":"Looter","floor":14,"turns":2},{"damage":38,"enemies":"Slime Boss","floor":16,"turns":9},{"damage":14,"enemies":"Spheric Guardian","floor":18,"turns":6}],"seed_played":"-6906422247490319226","potions_obtained":[{"floor":7,"key":"SkillPotion"},{"floor":8,"key":"Weak Potion"},{"floor":10,"key":"Weak Potion"},{"floor":14,"key":"EntropicBrew"},{"floor":18,"key":"Block Potion"}],"is_trial":false,"path_per_floor":["M","M","$","?","M","R","M","M","T","M","$","E","R","M","R","B",null,"M","$","?","?"],"character_chosen":"IRONCLAD","items_purchased":["Bronze Scales","Armaments","Metallicize","Spot Weakness"],"campfire_rested":0,"item_purchase_floors":[3,3,11,11],"current_hp_per_floor":[67,66,66,66,65,65,70,66,66,64,64,62,62,68,68,36,72,64,64,36,36],"gold":227,"neow_bonus":"TWO_FIFTY_GOLD","is_prod":false,"is_daily":false,"chose_seed":false,"campfire_upgraded":3,"win_rate":0,"timestamp":1546670779,"path_taken":["M","M","$","?","M","R","M","?","T","M","$","E","R","M","R","BOSS","M","$","?","?"],"build_version":"2019-01-03v4","purchased_purges":2,"victory":false,"max_hp_per_floor":[72,72,72,72,72,72,72,72,72,72,72,72,72,72,72,72,72,72,72,36,36],"card_choices":[{"not_picked":["Rupture","Sword Boomerang"],"picked":"Clothesline","floor":1},{"not_picked":["Perfected Strike","Flame Barrier"],"picked":"Ghostly Armor","floor":2},{"not_picked":["Entrench","Twin Strike"],"picked":"Battle Trance","floor":5},{"not_picked":["Bloodletting","Headbutt"],"picked":"Thunderclap","floor":7},{"not_picked":["Perfected Strike","Fire Breathing"],"picked":"Pommel Strike","floor":8},{"not_picked":["Bludgeon","Blood for Blood"],"picked":"Anger","floor":10},{"not_picked":["True Grit","Feel No Pain"],"picked":"Shrug It Off","floor":12},{"not_picked":["Cleave","Searing Blow","Seeing Red"],"picked":"Twin Strike","floor":14},{"not_picked":["Juggernaut","Immolate","Bludgeon"],"picked":"Demon Form","floor":16},{"not_picked":["Wild Strike","Flex","Warcry"],"picked":"Shrug It Off","floor":17},{"not_picked":["Clothesline","Armaments","Clash"],"picked":"Sword Boomerang","floor":17},{"not_picked":["Sentinel","Armaments","Anger"],"picked":"Flame Barrier","floor":17},{"not_picked":["Anger","Clothesline","Disarm+1"],"picked":"Whirlwind","floor":18}],"player_experience":292047,"relics_obtained":[{"floor":9,"key":"Tiny Chest"},{"floor":12,"key":"Question Card"}],"event_choices":[{"damage_healed":0,"gold_gain":0,"player_choice":"0 cards matched","damage_taken":0,"max_hp_gain":0,"max_hp_loss":0,"event_name":"Match and Keep!","floor":4,"gold_loss":0,"cards_obtained":[]},{"damage_healed":0,"gold_gain":0,"player_choice":"Became a Ghost","damage_taken":0,"max_hp_gain":0,"max_hp_loss":36,"event_name":"Ghosts","floor":20,"gold_loss":0,"cards_obtained":["Ghostly","Ghostly","Ghostly","Ghostly","Ghostly"]},{"damage_healed":0,"gold_gain":0,"player_choice":"Trade","damage_taken":0,"relics_obtained":["GremlinMask"],"max_hp_gain":0,"max_hp_loss":0,"event_name":"FaceTrader","floor":21,"gold_loss":0}],"is_beta":false,"boss_relics":[{"not_picked":["Busted Crown","Lizard Tail"],"picked":"Orrery"}],"items_purged_floors":[11,19],"is_endless":false,"potions_floor_spawned":[7,8,10,14,16,18],"ascension_level":4}