{"gold_per_floor":[109,121,121,135,152,152,186,186,186,186,186,199,199,216,216,293,293,308,6,6,6,25,25,25,42,68,68],"floor_reached":27,"playtime":790,"items_purged":[],"score":373,"play_id":"e39e6eb1-c4c1-42e0-b950-898b1b358ac9","local_time":"20190201145541","is_ascension_mode":true,"campfire_choices":[{"data":"Darkness","floor":6,"key":"SMITH"},{"data":"Undo","floor":8,"key":"SMITH"},{"floor":10,"key":"REST"},{"data":"Redo","floor":15,"key":"SMITH"},{"floor":23,"key":"REST"}],"neow_cost":"NONE","seed_source_timestamp":74483680326612,"circlet_count":0,"master_deck":["AscendersBane","Strike_B","Strike_B","Strike_B","Strike_B","Defend_B","Defend_B+1","Defend_B","Zap","Rebound","Auto Shields+1","Leap+1","Darkness+1","Undo+1","Stack","Redo+1","Core Surge","Compile Driver"],"relics":["Busted Crown","War Paint","Bronze Scales","Philosopher\u0027s Stone","Anchor","PreservedInsect","Juzu Bracelet"],"potions_floor_usage":[7,12,16,27],"damage_taken":[{"damage":2,"enemies":"2 Louse","floor":1,"turns":2},{"damage":0,"enemies":"Small Slimes","floor":2,"turns":2},{"damage":0,"enemies":"Cultist","floor":4,"turns":4},{"damage":1,"enemies":"2 Fungi Beasts","floor":5,"turns":4},{"damage":32,"enemies":"Lagavulin","floor":7,"turns":7},{"damage":0,"enemies":"3 Louse","floor":12,"turns":3},{"damage":0,"enemies":"Red Slaver","floor":14,"turns":4},{"damage":42,"enemies":"Slime Boss","floor":16,"turns":9},{"damage":24,"enemies":"Shell Parasite","floor":18,"turns":4},{"damage":0,"enemies":"Colosseum Slavers","floor":21,"turns":6},{"damage":2,"enemies":"3 Byrds","floor":22,"turns":3},{"damage":46,"enemies":"Cultist and Chosen","floor":25,"turns":7},{"damage":11,"enemies":"Slavers","floor":27,"turns":4}],"seed_played":"3909145842433678215","potions_obtained":[{"floor":2,"key":"AttackPotion"},{"floor":7,"key":"Block Potion"},{"floor":14,"key":"Swift Potion"},{"floor":25,"key":"SkillPotion"}],"is_trial":false,"path_per_floor":["M","M","?","M","M","R","E","R","T","R","?","M","?","M","R","B",null,"M","$","?","?","M","R","?","M","T","E"],"character_chosen":"DEFECT","items_purchased":["Anchor","PreservedInsect"],"campfire_rested":2,"item_purchase_floors":[19,19],"current_hp_per_floor":[62,62,55,55,54,54,22,22,22,43,43,43,43,43,43,1,54,30,30,30,30,28,49,49,3,3,0],"gold":68,"neow_bonus":"BOSS_RELIC","is_prod":false,"is_daily":false,"chose_seed":false,"campfire_upgraded":3,"win_rate":0,"timestamp":1549032941,"path_taken":["M","M","?","M","M","R","E","R","T","R","?","M","?","?","R","BOSS","M","$","?","?","M","R","?","M","T","E"],"build_version":"2019-01-23","purchased_purges":0,"victory":false,"max_hp_per_floor":[71,71,71,71,71,71,71,71,71,71,71,71,71,71,71,71,71,71,71,71,71,71,71,71,71,71,71],"card_choices":[{"not_picked":[],"picked":"Rebound","floor":1},{"not_picked":[],"picked":"Auto Shields","floor":2},{"not_picked":[],"picked":"Leap","floor":4},{"not_picked":["Darkness"],"picked":"SKIP","floor":5},{"not_picked":[],"picked":"Darkness","floor":5},{"not_picked":[],"picked":"Undo","floor":7},{"not_picked":["Go for the Eyes"],"picked":"SKIP","floor":12},{"not_picked":[],"picked":"Redo","floor":14},{"not_picked":[],"picked":"Core Surge","floor":16},{"not_picked":[],"picked":"Compile Driver","floor":18},{"not_picked":["Rebound"],"picked":"SKIP","floor":22},{"not_picked":["Heatsinks"],"picked":"SKIP","floor":25}],"player_experience":498176,"relics_obtained":[{"floor":7,"key":"War Paint"},{"floor":9,"key":"Bronze Scales"},{"floor":26,"key":"Juzu Bracelet"}],"event_choices":[{"cards_removed":["Dualcast"],"damage_healed":0,"gold_gain":0,"player_choice":"Card Removal","damage_taken":7,"max_hp_gain":0,"max_hp_loss":0,"event_name":"Golden Wing","floor":3,"gold_loss":0},{"damage_healed":0,"gold_gain":0,"player_choice":"Ignored","damage_taken":0,"max_hp_gain":0,"max_hp_loss":0,"event_name":"Golden Idol","floor":11,"gold_loss":0},{"damage_healed":0,"gold_gain":0,"cards_transformed":["Defend_B"],"player_choice":"Transformed","damage_taken":0,"max_hp_gain":0,"max_hp_loss":0,"event_name":"Transmorgrifier","floor":13,"gold_loss":0,"cards_obtained":["Stack"]},{"damage_healed":0,"gold_gain":0,"player_choice":"Ignored","damage_taken":0,"max_hp_gain":0,"max_hp_loss":0,"event_name":"Ghosts","floor":20,"gold_loss":0},{"damage_healed":0,"gold_gain":0,"player_choice":"Fight","damage_taken":0,"max_hp_gain":0,"max_hp_loss":0,"event_name":"Colosseum","floor":21,"gold_loss":0},{"damage_healed":0,"gold_gain":0,"player_choice":"Fled From Nobs","damage_taken":0,"max_hp_gain":0,"max_hp_loss":0,"event_name":"Colosseum","floor":21,"gold_loss":0},{"damage_healed":0,"gold_gain":0,"player_choice":"Upgraded","damage_taken":0,"max_hp_gain":0,"max_hp_loss":0,"event_name":"Upgrade Shrine","floor":24,"gold_loss":0,"cards_upgraded":["Auto Shields"]}],"is_beta":false,"boss_relics":[{"not_picked":["Runic Pyramid","Black Star"],"picked":"Philosopher\u0027s Stone"}],"items_purged_floors":[],"is_endless":false,"potions_floor_spawned":[2,7,14,25],"killed_by":"Slavers","ascension_level":15}