{"gold_per_floor":[115,133,133,98,109,143,143,243,243,275,287,333,74,92,92,192,192,208,208,108,108,108,139,139,139,166,186,216,232,259,259,259,357,357,372,383,69,80,80,80,94,94,117,132,165,165,74,90,90,90],"floor_reached":51,"playtime":3676,"items_purged":["Brutality+1","Strike_R","Strike_R","Defend_R"],"score":931,"play_id":"be08ba64-a0c5-4eca-a196-ba7e6246c773","local_time":"20190109213355","is_ascension_mode":true,"campfire_choices":[{"data":"Anger","floor":7,"key":"SMITH"},{"floor":11,"key":"REST"},{"data":"Shrug It Off","floor":15,"key":"SMITH"},{"floor":24,"key":"REST"},{"floor":32,"key":"REST"},{"data":"1","floor":40,"key":"LIFT"},{"data":"2","floor":42,"key":"LIFT"},{"data":"3","floor":46,"key":"LIFT"},{"data":"Anger","floor":49,"key":"SMITH"}],"neow_cost":"NONE","seed_source_timestamp":1308219547217316,"circlet_count":0,"master_deck":["Strike_R","Defend_R+1","Defend_R","Defend_R","Bash","Cleave","Shrug It Off+1","Anger+1","Anger+1","Shrug It Off+1","Shrug It Off+1","Dual Wield+1","Flex+1","Flex+1","Anger+1","Headbutt+1","Shrug It Off+1","Shrug It Off"],"relics":["Black Star","Pear","Frozen Egg 2","Matryoshka","MawBank","Kunai","Pocketwatch","Pen Nib","DollysMirror","Runic Pyramid","PreservedInsect","Gremlin Horn","Regal Pillow","Pantograph","Smiling Mask","Molten Egg 2","Bag of Marbles","Bronze Scales","Boot","The Courier","Blood Vial","Empty Cage","Girya","Lantern","Meat on the Bone","Art of War"],"potions_floor_usage":[6,18,19,27,28,50,50,50],"damage_taken":[{"damage":5,"enemies":"Small Slimes","floor":1,"turns":5},{"damage":7,"enemies":"Jaw Worm","floor":2,"turns":4},{"damage":2,"enemies":"2 Louse","floor":5,"turns":3},{"damage":12,"enemies":"3 Sentries","floor":6,"turns":8},{"damage":24,"enemies":"Gremlin Nob","floor":10,"turns":5},{"damage":25,"enemies":"Lagavulin","floor":12,"turns":6},{"damage":11,"enemies":"Gremlin Gang","floor":14,"turns":3},{"damage":23,"enemies":"The Guardian","floor":16,"turns":9},{"damage":16,"enemies":"2 Thieves","floor":18,"turns":4},{"damage":40,"enemies":"Book of Stabbing","floor":23,"turns":6},{"damage":3,"enemies":"Spheric Guardian","floor":27,"turns":6},{"damage":9,"enemies":"Slavers","floor":28,"turns":3},{"damage":12,"enemies":"Snake Plant","floor":29,"turns":4},{"damage":6,"enemies":"Book of Stabbing","floor":30,"turns":3},{"damage":44,"enemies":"Collector","floor":33,"turns":8},{"damage":9,"enemies":"Orb Walker","floor":35,"turns":4},{"damage":8,"enemies":"3 Darklings","floor":36,"turns":3},{"damage":21,"enemies":"Transient","floor":38,"turns":5},{"damage":8,"enemies":"Sphere and 2 Shapes","floor":41,"turns":4},{"damage":9,"enemies":"Spire Growth","floor":44,"turns":4},{"damage":7,"enemies":"Reptomancer","floor":45,"turns":4},{"damage":0,"enemies":"Jaw Worm Horde","floor":48,"turns":1},{"damage":40,"enemies":"Donu and Deca","floor":50,"turns":8}],"seed_played":"-6155320349129241465","potions_obtained":[{"floor":5,"key":"Fire Potion"},{"floor":10,"key":"SpeedPotion"},{"floor":14,"key":"SteroidPotion"},{"floor":16,"key":"Poison Potion"},{"floor":18,"key":"Strength Potion"},{"floor":19,"key":"Fruit Juice"},{"floor":19,"key":"FearPotion"},{"floor":28,"key":"Regen Potion"},{"floor":33,"key":"LiquidBronze"},{"floor":48,"key":"AttackPotion"}],"is_trial":false,"path_per_floor":["M","M","?","?","M","E","R","?","T","E","R","E","$","M","R","B",null,"M","?","$","T","$","E","R","T","T","M","E","M","E","?","R","B",null,"M","M","$","M","?","R","M","R","T","M","E","R","$","M","R","B",null],"character_chosen":"IRONCLAD","items_purchased":["DollysMirror","Girya","Headbutt+1","Shrug It Off"],"campfire_rested":3,"item_purchase_floors":[13,37,37,47],"current_hp_per_floor":[75,68,52,72,70,68,68,68,68,44,71,46,46,35,35,12,90,74,79,79,79,79,39,82,82,82,79,70,58,52,36,79,51,95,86,80,80,61,61,61,55,55,55,48,43,43,43,57,57,56],"gold":90,"neow_bonus":"BOSS_RELIC","is_prod":false,"is_daily":false,"chose_seed":false,"campfire_upgraded":3,"win_rate":0,"timestamp":1547069635,"path_taken":["M","M","?","?","M","E","R","?","T","E","R","E","$","?","R","BOSS","M","?","$","?","$","E","R","?","T","M","E","M","E","?","R","BOSS","M","M","$","M","?","R","M","R","T","M","E","R","$","M","R","BOSS"],"build_version":"2019-01-03v4","purchased_purges":4,"victory":true,"max_hp_per_floor":[80,80,80,80,80,90,90,90,90,90,90,90,90,90,90,90,90,90,95,95,95,95,95,95,95,95,95,95,95,95,95,95,95,95,95,95,95,95,90,90,90,90,90,90,90,90,90,90,90,90],"card_choices":[{"not_picked":["Reckless Charge","Twin Strike"],"picked":"Cleave","floor":1},{"not_picked":["Armaments","Flex"],"picked":"Shrug It Off","floor":2},{"not_picked":["Sentinel","Offering"],"picked":"Anger","floor":5},{"not_picked":["Second Wind","Warcry"],"picked":"Anger","floor":6},{"not_picked":["Clothesline","Carnage"],"picked":"Brutality+1","floor":10},{"not_picked":["Evolve+1","Warcry","Blood for Blood"],"picked":"SKIP","floor":12},{"not_picked":["Thunderclap","Anger"],"picked":"Shrug It Off","floor":14},{"not_picked":["Perfected Strike","Heavy Blade","Blood for Blood"],"picked":"SKIP","floor":18},{"not_picked":["Hemokinesis","Clash"],"picked":"Dual Wield+1","floor":23},{"not_picked":["Shrug It Off","Perfected Strike+1","Evolve+1"],"picked":"SKIP","floor":27},{"not_picked":["Pommel Strike+1","Twin Strike+1"],"picked":"Flex+1","floor":28},{"not_picked":["Thunderclap+1","Warcry","Sword Boomerang+1"],"picked":"SKIP","floor":29},{"not_picked":["Searing Blow+1","Inflame+1","Entrench"],"picked":"SKIP","floor":30},{"not_picked":["Heavy Blade+1","Warcry+1"],"picked":"Flex+1","floor":35},{"not_picked":["Iron Wave+1","Sword Boomerang+1"],"picked":"Anger+1","floor":36},{"not_picked":["Armaments","Immolate+1"],"picked":"Shrug It Off+1","floor":38},{"not_picked":["Headbutt+1","True Grit","Anger+1"],"picked":"SKIP","floor":41},{"not_picked":["Inflame+1","Infernal Blade+1","True Grit+1"],"picked":"SKIP","floor":44},{"not_picked":["Twin Strike+1","Demon Form+1","Reckless Charge+1"],"picked":"SKIP","floor":45},{"not_picked":["Perfected Strike+1","Corruption+1","True Grit"],"picked":"SKIP","floor":48}],"player_experience":128906,"relics_obtained":[{"floor":6,"key":"Pear"},{"floor":6,"key":"Frozen Egg 2"},{"floor":9,"key":"Matryoshka"},{"floor":10,"key":"MawBank"},{"floor":10,"key":"Kunai"},{"floor":12,"key":"Pocketwatch"},{"floor":12,"key":"Pen Nib"},{"floor":21,"key":"PreservedInsect"},{"floor":21,"key":"Gremlin Horn"},{"floor":23,"key":"Regal Pillow"},{"floor":23,"key":"Pantograph"},{"floor":25,"key":"Smiling Mask"},{"floor":25,"key":"Molten Egg 2"},{"floor":26,"key":"Bag of Marbles"},{"floor":28,"key":"Bronze Scales"},{"floor":28,"key":"Boot"},{"floor":30,"key":"The Courier"},{"floor":30,"key":"Blood Vial"},{"floor":43,"key":"Lantern"},{"floor":45,"key":"Meat on the Bone"},{"floor":45,"key":"Art of War"}],"event_choices":[{"damage_healed":0,"gold_gain":0,"player_choice":"Entered Light","damage_taken":16,"max_hp_gain":0,"max_hp_loss":0,"event_name":"Shining Light","floor":3,"gold_loss":0,"cards_upgraded":["Defend_R","Shrug It Off"]},{"damage_healed":20,"gold_gain":0,"player_choice":"Healed","damage_taken":0,"max_hp_gain":0,"max_hp_loss":0,"event_name":"The Cleric","floor":4,"gold_loss":35},{"damage_healed":0,"gold_gain":100,"player_choice":"Pray","damage_taken":0,"max_hp_gain":0,"max_hp_loss":0,"event_name":"Golden Shrine","floor":8,"gold_loss":0},{"damage_healed":0,"gold_gain":0,"player_choice":"Got Potions","damage_taken":0,"max_hp_gain":0,"max_hp_loss":0,"event_name":"Lab","floor":19,"gold_loss":0},{"damage_healed":0,"gold_gain":0,"player_choice":"Obtained Book","damage_taken":16,"max_hp_gain":0,"max_hp_loss":0,"event_name":"Cursed Tome","floor":31,"gold_loss":0},{"damage_healed":0,"gold_gain":0,"player_choice":"Max HP","damage_taken":0,"max_hp_gain":0,"max_hp_loss":5,"event_name":"Winding Halls","floor":39,"gold_loss":0}],"is_beta":false,"boss_relics":[{"not_picked":["Runic Cube","Astrolabe"],"picked":"Runic Pyramid"},{"not_picked":["Sozu","Fusion Hammer"],"picked":"Empty Cage"}],"items_purged_floors":[13,20,37,47],"is_endless":false,"potions_floor_spawned":[5,10,14,16,18,23,28,33,35,41,48],"ascension_level":3}