{"gold_per_floor":[116,116,116,77,77,106,126,126,180,190,272,2,2,15,15,91,91,73,92,92,104,116,128],"floor_reached":23,"playtime":674,"items_purged":[],"score":371,"play_id":"7ed3a3d0-8483-479c-80c7-02577bf6dd60","local_time":"20190123013326","is_ascension_mode":true,"campfire_choices":[{"data":"Cold Snap","floor":8,"key":"SMITH"},{"floor":13,"key":"REST"},{"data":"Genetic Algorithm","floor":15,"key":"SMITH"}],"neow_cost":"NONE","seed_source_timestamp":2448862365724209,"circlet_count":0,"master_deck":["AscendersBane","Strike_B","Strike_B","Strike_B","Strike_B+1","Defend_B+1","Defend_B","Defend_B","Defend_B","Zap","Dualcast","Steam","Auto Shields","Cold Snap+1","Genetic Algorithm+1","Stack","Leap","Echo Form","Glacier","Gash"],"relics":["FrozenCore","NeowsBlessing","Blue Candle","Matryoshka","Pen Nib","Tiny Chest","Lantern","Gremlin Horn","Strawberry","MawBank"],"potions_floor_usage":[12,18,23],"damage_taken":[{"damage":0,"enemies":"Jaw Worm","floor":1,"turns":1},{"damage":0,"enemies":"Gremlin Nob","floor":6,"turns":1},{"damage":0,"enemies":"2 Louse","floor":7,"turns":1},{"damage":0,"enemies":"Cultist","floor":10,"turns":3},{"damage":0,"enemies":"2 Fungi Beasts","floor":14,"turns":3},{"damage":60,"enemies":"The Guardian","floor":16,"turns":18},{"damage":15,"enemies":"2 Thieves","floor":18,"turns":4},{"damage":8,"enemies":"Shell Parasite","floor":19,"turns":9},{"damage":47,"enemies":"Book of Stabbing","floor":23,"turns":6}],"seed_played":"6831590795272299992","potions_obtained":[{"floor":6,"key":"AttackPotion"},{"floor":14,"key":"SpeedPotion"},{"floor":19,"key":"SneckoOil"}],"is_trial":false,"path_per_floor":["M","?","?","?","?","E","M","R","T","M","T","$","R","M","R","B",null,"M","M","?","$","?","E"],"character_chosen":"DEFECT","items_purchased":["Strawberry","Fruit Juice","Stack"],"campfire_rested":1,"item_purchase_floors":[12,12,12],"current_hp_per_floor":[64,64,57,57,36,36,36,36,36,36,36,48,72,72,72,12,65,50,42,42,42,42,0],"gold":128,"neow_bonus":"THREE_ENEMY_KILL","is_prod":false,"is_daily":false,"chose_seed":false,"campfire_upgraded":2,"win_rate":0,"timestamp":1548207206,"path_taken":["M","?","?","?","?","E","M","R","T","?","?","?","R","M","R","BOSS","M","M","?","?","?","E"],"build_version":"2019-01-17v2","purchased_purges":0,"victory":false,"max_hp_per_floor":[71,71,71,71,71,71,71,71,71,71,71,83,83,83,83,83,83,83,83,83,83,83,83],"card_choices":[{"not_picked":["Streamline","Scrape"],"picked":"Steam","floor":1},{"not_picked":["Rip and Tear","Blizzard"],"picked":"Auto Shields","floor":6},{"not_picked":["Rebound","Leap"],"picked":"Cold Snap","floor":7},{"not_picked":["Fusion","Rebound"],"picked":"Genetic Algorithm","floor":10},{"not_picked":["Rip and Tear","Scrape"],"picked":"Leap","floor":14},{"not_picked":["Rainbow","Machine Learning"],"picked":"Echo Form","floor":16},{"not_picked":["Stack","Loop"],"picked":"Glacier","floor":18},{"not_picked":["Compile Driver","Redo"],"picked":"Gash","floor":19}],"player_experience":457814,"relics_obtained":[{"floor":6,"key":"Matryoshka"},{"floor":9,"key":"Pen Nib"},{"floor":9,"key":"Tiny Chest"},{"floor":11,"key":"Lantern"},{"floor":11,"key":"Gremlin Horn"}],"event_choices":[{"damage_healed":0,"gold_gain":0,"player_choice":"Box","damage_taken":0,"relics_obtained":["Blue Candle"],"max_hp_gain":0,"max_hp_loss":0,"event_name":"Big Fish","floor":2,"gold_loss":0,"cards_obtained":["Regret"]},{"cards_removed":["Regret"],"damage_healed":0,"gold_gain":0,"player_choice":"Card Removal","damage_taken":7,"max_hp_gain":0,"max_hp_loss":0,"event_name":"Golden Wing","floor":3,"gold_loss":0},{"damage_healed":0,"gold_gain":0,"player_choice":"Left Gold","damage_taken":0,"max_hp_gain":0,"max_hp_loss":0,"event_name":"World of Goop","floor":4,"gold_loss":39},{"damage_healed":0,"gold_gain":0,"player_choice":"Entered Light","damage_taken":21,"max_hp_gain":0,"max_hp_loss":0,"event_name":"Shining Light","floor":5,"gold_loss":0,"cards_upgraded":["Strike_B","Defend_B"]},{"damage_healed":0,"gold_gain":0,"player_choice":"Gave Potion","damage_taken":0,"relics_obtained":["MawBank"],"max_hp_gain":0,"max_hp_loss":0,"event_name":"WeMeetAgain","floor":20,"gold_loss":0},{"damage_healed":0,"gold_gain":0,"player_choice":"Ignored","damage_taken":0,"max_hp_gain":0,"max_hp_loss":0,"event_name":"The Mausoleum","floor":22,"gold_loss":0}],"is_beta":false,"boss_relics":[{"not_picked":["Philosopher\u0027s Stone","Velvet Choker"],"picked":"FrozenCore"}],"items_purged_floors":[],"is_endless":false,"potions_floor_spawned":[6,14,19],"killed_by":"Book of Stabbing","ascension_level":15}