{"gold_per_floor":[109,124,0,20,20,20,20,45,45,64,64,75,90,100,100,196,196,210,240,240,40,40,40],"floor_reached":23,"playtime":924,"items_purged":["Clumsy"],"score":287,"play_id":"c88c16c7-1a47-4f56-91e6-92d2ee3eab53","local_time":"20190114203722","is_ascension_mode":true,"campfire_choices":[{"data":"Jack Of All Trades","floor":6,"key":"SMITH"},{"floor":11,"key":"REST"},{"floor":15,"key":"REST"}],"neow_cost":"CURSE","seed_source_timestamp":1739618471869826,"circlet_count":0,"master_deck":["AscendersBane","Strike_R","Strike_R","Strike_R+1","Defend_R","Defend_R","Defend_R","Defend_R","Bash+1","Jack Of All Trades+1","Anger","Pommel Strike","Cleave","Flame Barrier","Dramatic Entrance","Power Through","Demon Form","Enlightenment+1","Feed+1","Dual Wield+1","Pommel Strike+1","Infernal Blade+1"],"relics":["Burning Blood","Bottled Lightning","Ornamental Fan","Astrolabe","Red Mask","Enchiridion","Sling","Bottled Tornado"],"potions_floor_usage":[16,23,23],"damage_taken":[{"damage":24,"enemies":"Jaw Worm","floor":1,"turns":5},{"damage":0,"enemies":"Cultist","floor":2,"turns":4},{"damage":7,"enemies":"Small Slimes","floor":4,"turns":4},{"damage":30,"enemies":"Gremlin Nob","floor":8,"turns":4},{"damage":4,"enemies":"Blue Slaver","floor":10,"turns":3},{"damage":6,"enemies":"Exordium Wildlife","floor":12,"turns":4},{"damage":10,"enemies":"Exordium Thugs","floor":13,"turns":5},{"damage":0,"enemies":"2 Fungi Beasts","floor":14,"turns":3},{"damage":47,"enemies":"Slime Boss","floor":16,"turns":13},{"damage":2,"enemies":"3 Byrds","floor":18,"turns":4},{"damage":25,"enemies":"Masked Bandits","floor":19,"turns":4},{"damage":42,"enemies":"Gremlin Leader","floor":23,"turns":4}],"seed_played":"8685483879270966651","potions_obtained":[{"floor":2,"key":"FearPotion"},{"floor":12,"key":"Explosive Potion"},{"floor":13,"key":"EssenceOfSteel"},{"floor":19,"key":"Ancient Potion"}],"is_trial":false,"path_per_floor":["M","M","$","M","?","R","?","E","T","M","R","M","M","M","R","B",null,"M","?","?","$","T","E"],"character_chosen":"IRONCLAD","items_purchased":["Cleave","Sling"],"campfire_rested":2,"item_purchase_floors":[3,21],"current_hp_per_floor":[54,60,60,59,43,43,43,19,19,21,45,45,41,47,71,30,68,72,57,41,41,41,0],"gold":40,"neow_bonus":"RANDOM_COLORLESS_2","is_prod":false,"is_daily":false,"chose_seed":false,"campfire_upgraded":1,"win_rate":0,"timestamp":1547498242,"path_taken":["M","M","$","M","?","R","?","E","T","M","R","?","M","M","R","BOSS","M","?","?","$","?","E"],"build_version":"2019-01-10","purchased_purges":1,"victory":false,"max_hp_per_floor":[80,80,80,80,80,80,80,80,80,80,80,80,80,80,80,80,80,80,84,84,84,84,84],"card_choices":[{"not_picked":["Fire Breathing","Bloodletting"],"picked":"Anger","floor":1},{"not_picked":["Wild Strike","Thunderclap"],"picked":"Pommel Strike","floor":2},{"not_picked":["Intimidate","Headbutt"],"picked":"Flame Barrier","floor":4},{"not_picked":["Rupture","Searing Blow","Wild Strike"],"picked":"SKIP","floor":8},{"not_picked":["True Grit","Body Slam"],"picked":"Power Through","floor":10},{"not_picked":["Disarm","Body Slam","Sword Boomerang"],"picked":"SKIP","floor":12},{"not_picked":["Headbutt","Armaments","Body Slam"],"picked":"SKIP","floor":13},{"not_picked":["Heavy Blade","Rage","Intimidate"],"picked":"SKIP","floor":14},{"not_picked":["Juggernaut","Fiend Fire"],"picked":"Demon Form","floor":16},{"not_picked":["Rampage","Armaments"],"picked":"Pommel Strike+1","floor":18},{"not_picked":["Whirlwind+1","Searing Blow+1"],"picked":"Infernal Blade+1","floor":19}],"player_experience":304531,"relics_obtained":[{"floor":8,"key":"Bottled Lightning"},{"floor":9,"key":"Ornamental Fan"},{"floor":19,"key":"Red Mask"},{"floor":20,"key":"Enchiridion"},{"floor":22,"key":"Bottled Tornado"}],"event_choices":[{"damage_healed":0,"gold_gain":0,"player_choice":"Entered Light","damage_taken":16,"max_hp_gain":0,"max_hp_loss":0,"event_name":"Shining Light","floor":5,"gold_loss":0,"cards_upgraded":["Bash","Strike_R"]},{"damage_healed":0,"gold_gain":0,"player_choice":"1 cards matched","damage_taken":0,"max_hp_gain":0,"max_hp_loss":0,"event_name":"Match and Keep!","floor":7,"gold_loss":0,"cards_obtained":["Dramatic Entrance"]},{"damage_healed":0,"gold_gain":0,"player_choice":"Fought Bandits","damage_taken":0,"max_hp_gain":0,"max_hp_loss":0,"event_name":"Masked Bandits","floor":19,"gold_loss":0},{"damage_healed":0,"gold_gain":0,"player_choice":"Obtained Book","damage_taken":16,"max_hp_gain":0,"max_hp_loss":0,"event_name":"Cursed Tome","floor":20,"gold_loss":0}],"is_beta":false,"boss_relics":[{"not_picked":["Runic Dome","Calling Bell"],"picked":"Astrolabe"}],"items_purged_floors":[3],"is_endless":false,"potions_floor_spawned":[2,12,13,14,19],"killed_by":"Gremlin Leader","ascension_level":10}