{"gold_per_floor":[362,512,530,455,467,467,496,496,496,554,571,571,601,601,601,677,677,696,317,334,354,427,427,577,136,136,161,261,294,356,382,382,461,461,479,62,112,37,55,55,89,101,101,101,161,211,280,295,295,295],"floor_reached":50,"playtime":2697,"items_purged":["Strike_R","Defend_R","Strike_R"],"score":1181,"play_id":"9f90f9ec-e1aa-41bb-879d-4c8fdb2ad280","local_time":"20190424165022","is_ascension_mode":true,"campfire_choices":[{"floor":6,"key":"REST"},{"floor":8,"key":"REST"},{"data":"Inflame","floor":12,"key":"SMITH"},{"floor":15,"key":"REST"},{"data":"Heavy Blade","floor":23,"key":"SMITH"},{"floor":32,"key":"REST"},{"data":"Heavy Blade","floor":40,"key":"SMITH"},{"floor":44,"key":"REST"},{"data":"Shockwave","floor":49,"key":"SMITH"}],"neow_cost":"PERCENT_DAMAGE","seed_source_timestamp":0,"circlet_count":0,"master_deck":["AscendersBane","Strike_R","Strike_R","Strike_R","Defend_R","Defend_R","Bash","Inflame+1","Whirlwind","Impervious","Evolve","Spot Weakness","Heavy Blade+1","Offering","Rupture","Pummel","Reaper","Inflame+1","Heavy Blade+1","Demon Form+1","Heavy Blade+1","Brutality+1","Shrug It Off","Offering","Shockwave+1","Dropkick+1","Shrug It Off+1","Battle Trance+1","Dropkick+1","Thunderclap+1"],"special_seed":0,"relics":["Burning Blood","Mummified Hand","Question Card","Mercury Hourglass","Odd Mushroom","SsserpentHead","Sozu","Brimstone","Orichalcum","Girya","Bottled Tornado","Frozen Egg 2","Meat on the Bone","Kunai","Molten Egg 2","Shuriken","Lizard Tail","DollysMirror","Oddly Smooth Stone","War Paint"],"potions_floor_usage":[10,10,16,16],"damage_taken":[{"damage":12.0,"enemies":"Small Slimes","floor":1.0,"turns":5.0},{"damage":4,"enemies":"2 Louse","floor":3,"turns":4},{"damage":1,"enemies":"Cultist","floor":5,"turns":3},{"damage":56,"enemies":"Gremlin Nob","floor":7,"turns":5},{"damage":20,"enemies":"3 Sentries","floor":10,"turns":5},{"damage":6,"enemies":"Looter","floor":11,"turns":3},{"damage":21,"enemies":"The Mushroom Lair","floor":13,"turns":3},{"damage":34,"enemies":"The Guardian","floor":16,"turns":9},{"damage":6,"enemies":"2 Thieves","floor":18,"turns":2},{"damage":6,"enemies":"Chosen","floor":20,"turns":3},{"damage":0,"enemies":"Snake Plant","floor":21,"turns":2},{"damage":9,"enemies":"Colosseum Slavers","floor":24,"turns":3},{"damage":12,"enemies":"Colosseum Nobs","floor":24,"turns":4},{"damage":16,"enemies":"Book of Stabbing","floor":27,"turns":2},{"damage":6,"enemies":"Gremlin Leader","floor":29,"turns":3},{"damage":0,"enemies":"Snecko","floor":30,"turns":2},{"damage":35,"enemies":"Slavers","floor":31,"turns":3},{"damage":49,"enemies":"Champ","floor":33,"turns":5},{"damage":59,"enemies":"3 Darklings","floor":35,"turns":3},{"damage":8,"enemies":"3 Shapes","floor":39,"turns":3},{"damage":58,"enemies":"Reptomancer","floor":41,"turns":3},{"damage":17,"enemies":"Transient","floor":42,"turns":6},{"damage":1,"enemies":"Sphere and 2 Shapes","floor":45,"turns":2},{"damage":11,"enemies":"Jaw Worm Horde","floor":47,"turns":3},{"damage":17,"enemies":"Transient","floor":48,"turns":6},{"damage":149,"enemies":"Awakened One","floor":50,"turns":5}],"seed_played":"-7675648056459039220","potions_obtained":[{"floor":3,"key":"Energy Potion"},{"floor":5,"key":"Regen Potion"},{"floor":10,"key":"Dexterity Potion"},{"floor":11,"key":"EssenceOfSteel"}],"is_trial":false,"path_per_floor":["M","?","M","?","M","R","E","R","T","?","M","R","?","?","R","B",null,"M","$","M","M","T","R","?","$","T","E","?","E","M","E","R","B",null,"M","$","?","$","M","R","E","M","T","R","M","?","M","M","R","B"],"character_chosen":"IRONCLAD","items_purchased":["Brimstone","Rupture","Frozen Egg 2","Inflame+1","DollysMirror","Shockwave","Dropkick+1"],"campfire_rested":5,"item_purchase_floors":[19,19,25,25,36,36,38],"current_hp_per_floor":[44,44,46,46,51,73,23,45,45,45,45,45,30,30,52,24,62,62,62,62,68,68,68,75,75,75,65,65,75,75,46,68,55,70,47,47,47,47,67,67,27,45,45,67,75,71,75,75,75,0],"gold":295,"neow_bonus":"TWO_FIFTY_GOLD","is_prod":false,"is_daily":false,"chose_seed":false,"campfire_upgraded":4,"win_rate":0,"timestamp":1556121022,"path_taken":["M","?","M","?","M","R","E","R","T","?","M","R","?","?","R","BOSS","M","$","M","M","?","R","?","$","T","E","?","E","?","E","R","BOSS","M","$","?","$","M","R","E","M","T","R","?","?","?","M","R","BOSS"],"build_version":"2019-01-23","purchased_purges":3,"victory":false,"max_hp_per_floor":[75,75,75,75,75,75,75,75,75,75,75,75,75,75,75,75,75,75,75,75,75,75,75,75,75,75,75,75,75,75,75,75,75,75,75,75,75,75,75,75,75,75,75,75,75,75,75,75,75,75],"card_choices":[{"not_picked":["Clash","Shockwave"],"picked":"Inflame","floor":1},{"not_picked":["True Grit","Burning Pact"],"picked":"Whirlwind","floor":3},{"not_picked":["Perfected Strike","Wild Strike","Flex"],"picked":"SKIP","floor":5},{"not_picked":["Second Wind","Clothesline"],"picked":"Impervious","floor":7},{"not_picked":["Twin Strike","Clothesline","Headbutt"],"picked":"Evolve","floor":10},{"not_picked":["Thunderclap","True Grit","Wild Strike"],"picked":"Spot Weakness","floor":11},{"not_picked":["Thunderclap","Exhume","Clash"],"picked":"Heavy Blade","floor":13},{"not_picked":["Impervious","Fiend Fire","Reaper"],"picked":"Offering","floor":16},{"not_picked":["Anger","Flex","Cleave","Headbutt"],"picked":"SKIP","floor":18},{"not_picked":["Clash","Shockwave","True Grit"],"picked":"Pummel","floor":20},{"not_picked":["Sword Boomerang","Second Wind","Entrench"],"picked":"Reaper","floor":21},{"not_picked":["Disarm","Wild Strike","True Grit"],"picked":"Heavy Blade","floor":27},{"not_picked":["Shockwave","Cleave","Pommel Strike"],"picked":"Demon Form+1","floor":29},{"not_picked":["Perfected Strike+1","Armaments+1","Flex","Wild Strike+1"],"picked":"SKIP","floor":30},{"not_picked":["Iron Wave+1","Immolate+1","Blood for Blood+1"],"picked":"Heavy Blade+1","floor":31},{"not_picked":["Barricade+1","Immolate+1","Double Tap"],"picked":"Brutality+1","floor":33},{"not_picked":["Havoc","Wild Strike+1","Anger+1"],"picked":"Shrug It Off","floor":35},{"not_picked":["Anger+1","Sword Boomerang+1","Flex"],"picked":"Shrug It Off","floor":39},{"not_picked":["Iron Wave+1","Dark Embrace+1","Sever Soul+1"],"picked":"Battle Trance","floor":41},{"not_picked":["Body Slam+1","Entrench","Rampage+1"],"picked":"Dropkick+1","floor":42},{"not_picked":["Blood for Blood+1","Shrug It Off","True Grit+1"],"picked":"Thunderclap+1","floor":45},{"not_picked":["Intimidate+1","Heavy Blade+1","Wild Strike+1","Reckless Charge+1"],"picked":"SKIP","floor":47},{"not_picked":["Perfected Strike+1","Headbutt+1","Blood for Blood+1","Flame Barrier"],"picked":"SKIP","floor":48}],"player_experience":409705,"relics_obtained":[{"floor":7,"key":"Mummified Hand"},{"floor":9,"key":"Question Card"},{"floor":10,"key":"Mercury Hourglass"},{"floor":13,"key":"Odd Mushroom"},{"floor":22,"key":"Orichalcum"},{"floor":24,"key":"Girya"},{"floor":24,"key":"Bottled Tornado"},{"floor":26,"key":"Meat on the Bone"},{"floor":27,"key":"Kunai"},{"floor":29,"key":"Molten Egg 2"},{"floor":31,"key":"Shuriken"},{"floor":41,"key":"Oddly Smooth Stone"},{"floor":43,"key":"War Paint"}],"event_choices":[{"damage_healed":0,"gold_gain":150,"player_choice":"AGREE","damage_taken":0,"max_hp_gain":0,"max_hp_loss":0,"event_name":"Liars Game","floor":2,"gold_loss":0,"cards_obtained":["Doubt"]},{"cards_removed":["Doubt"],"damage_healed":0,"gold_gain":0,"player_choice":"Card Removal","damage_taken":0,"max_hp_gain":0,"max_hp_loss":0,"event_name":"The Cleric","floor":4,"gold_loss":75},{"damage_healed":0,"gold_gain":30,"player_choice":"Searched \u00272\u0027 times","damage_taken":0,"max_hp_gain":0,"max_hp_loss":0,"event_name":"Dead Adventurer","floor":10,"gold_loss":0},{"damage_healed":0,"gold_gain":0,"player_choice":"Fought Mushrooms","damage_taken":0,"max_hp_gain":0,"max_hp_loss":0,"event_name":"Mushrooms","floor":13,"gold_loss":0},{"damage_healed":0,"gold_gain":0,"player_choice":"Trade","damage_taken":0,"relics_obtained":["SsserpentHead"],"max_hp_gain":0,"max_hp_loss":0,"event_name":"FaceTrader","floor":14,"gold_loss":0},{"damage_healed":0,"gold_gain":0,"player_choice":"Fight","damage_taken":0,"max_hp_gain":0,"max_hp_loss":0,"event_name":"Colosseum","floor":24,"gold_loss":0},{"damage_healed":0,"gold_gain":0,"player_choice":"Fought Nobs","damage_taken":0,"max_hp_gain":0,"max_hp_loss":0,"event_name":"Colosseum","floor":24,"gold_loss":0},{"damage_healed":0,"gold_gain":100,"player_choice":"Bet on Murderer","damage_taken":0,"max_hp_gain":0,"max_hp_loss":0,"event_name":"The Joust","floor":28,"gold_loss":50},{"cards_removed":["Defend_R"],"damage_healed":0,"gold_gain":0,"player_choice":"Card Removal","damage_taken":0,"max_hp_gain":0,"max_hp_loss":0,"event_name":"Wheel of Change","floor":37,"gold_loss":0},{"damage_healed":0,"gold_gain":0,"player_choice":"Bought 0 Potions","damage_taken":0,"max_hp_gain":0,"max_hp_loss":0,"event_name":"The Woman in Blue","floor":46,"gold_loss":0}],"is_beta":false,"boss_relics":[{"not_picked":["Runic Dome","Busted Crown"],"picked":"Sozu"},{"not_picked":["Orrery","White Beast Statue"],"picked":"Lizard Tail"}],"items_purged_floors":[19,25,36],"is_endless":false,"potions_floor_spawned":[3,5,10,11,20,24,24,27,31,33,35,41,45],"killed_by":"Awakened One","ascension_level":20}