{"path_per_floor":["M","?","?","?","?","E","R","M","T","R","M","R","E","M","R","B",null,"M","M","M","?","M","R","?","M","T","M","R","?","$","M","R","B",null,"M","M","?","$","M","R","M","?","T","$","E","R","?","M","R"],"character_chosen":"THE_SILENT","items_purchased":["Snake Skull","Footwork","Caltrops"],"gold_per_floor":[14,14,14,14,14,57,57,73,96,96,114,114,155,174,174,298,298,314,334,348,248,272,272,187,200,200,216,216,216,62,76,76,207,207,220,245,245,169,193,193,214,214,214,138,172,172,172,196,196],"floor_reached":50,"campfire_rested":7,"playtime":4659,"current_hp_per_floor":[70,70,70,70,65,37,56,56,56,56,56,56,45,43,62,27,65,58,44,25,25,15,34,34,29,29,31,50,50,50,44,63,39,65,60,62,62,62,38,57,32,32,32,32,4,23,57,57,57],"items_purged":[],"gold":196,"score":518,"play_id":"81df5b32-acb8-4289-a5b4-7fcdae7aadac","is_prod":false,"is_daily":false,"is_ascension_mode":true,"campfire_upgraded":3,"path_taken":["M","?","?","?","?","E","R","M","T","R","M","R","E","M","R","BOSS","M","?","?","?","M","R","?","M","T","M","R","?","$","M","R","BOSS","M","M","?","$","M","R","M","?","T","$","E","R","?","M","R","BOSS"],"build_version":"2018-02-15-PROD1","purchased_purges":1,"victory":false,"master_deck":["Defend_G+1","Defend_G+1","Defend_G+1","Defend_G+1","Defend_G+1","Strike_G+1","Strike_G+1","Strike_G+1","Strike_G+1","Strike_G+1","Survivor+1","Neutralize+1","After Image+1","Well Laid Plans+1","Noxious Fumes+1","Flying Knee","Bane","Glass Knife","Cloak And Dagger","Cloak And Dagger","J.A.X.","Poisoned Stab","Backflip","Backstab","Envenom","Bane+1","Footwork","Catalyst","Caltrops","Backflip+1"],"max_hp_per_floor":[70,70,70,70,65,65,65,65,65,65,65,65,65,65,65,65,65,65,65,65,65,65,65,65,65,65,65,65,65,65,65,65,65,65,65,65,65,65,65,65,65,65,65,65,65,65,57,57,57],"relics":["Ring of the Snake","Golden Idol","Ginger","Lantern","Kunai","Sozu","Blood Vial","Calipers","Snake Skull","Runic Dome","Bird Faced Urn","Dodecahedron"],"card_choices":[{"not_picked":["Night Terror","Doppelganger"],"picked":"After Image"},{"not_picked":["Dodge and Roll","Flying Knee"],"picked":"Well Laid Plans"},{"not_picked":["Crippling Poison","Sucker Punch"],"picked":"Noxious Fumes"},{"not_picked":["Predator","Infinite Blades"],"picked":"Flying Knee"},{"not_picked":["Masterful Stab","Doppelganger"],"picked":"Quick Slash"},{"not_picked":["All Out Attack","Bouncing Flask"],"picked":"Bane"},{"not_picked":["Tools of the Trade","Wraith Form"],"picked":"Glass Knife"},{"not_picked":["Deadly Poison","Backstab"],"picked":"Cloak And Dagger"},{"not_picked":["Prepared","Outmaneuver"],"picked":"Cloak And Dagger"},{"not_picked":["Skewer","Prepared"],"picked":"Poisoned Stab"},{"not_picked":["Quick Slash","Leg Sweep"],"picked":"Backflip"},{"not_picked":["Flying Knee","Acrobatics"],"picked":"Backstab"},{"not_picked":["Unload","Phantasmal Killer"],"picked":"Envenom"},{"not_picked":["Terror","Quick Slash"],"picked":"Bane"},{"not_picked":["Backflip","Prepared"],"picked":"Catalyst"},{"not_picked":["Distraction","Deflect"],"picked":"Backflip"}],"player_experience":107402,"potions_floor_usage":[13,16],"damage_taken":[{"damage":0,"enemies":"2 Louse","floor":1,"turns":5},{"damage":28,"enemies":"3 Sentries","floor":6,"turns":13},{"damage":0,"enemies":"Cultist","floor":8,"turns":4},{"damage":0,"enemies":"Small Slimes","floor":11,"turns":4},{"damage":11,"enemies":"Lagavulin","floor":13,"turns":6},{"damage":2,"enemies":"Looter","floor":14,"turns":4},{"damage":35,"enemies":"The Guardian","floor":16,"turns":10},{"damage":7,"enemies":"Shell Parasite","floor":18,"turns":6},{"damage":14,"enemies":"2 Thieves","floor":19,"turns":5},{"damage":19,"enemies":"Snecko","floor":20,"turns":6},{"damage":10,"enemies":"Snake Plant","floor":22,"turns":5},{"damage":7,"enemies":"Centurion and Healer","floor":25,"turns":6},{"damage":0,"enemies":"3 Cultists","floor":27,"turns":5},{"damage":8,"enemies":"Snake Plant","floor":31,"turns":3},{"damage":26,"enemies":"Automaton","floor":33,"turns":11},{"damage":5,"enemies":"3 Shapes","floor":35,"turns":3},{"damage":0,"enemies":"Orb Walker","floor":36,"turns":3},{"damage":26,"enemies":"3 Darklings","floor":39,"turns":4},{"damage":27,"enemies":"4 Shapes","floor":41,"turns":4},{"damage":42,"enemies":"Giant Head","floor":45,"turns":8},{"damage":5,"enemies":"Maw","floor":48,"turns":6},{"damage":76,"enemies":"Awakened One","floor":50,"turns":5}],"event_choices":[{"event_name":"Accursed Blacksmith","player_choice":"Forge","floor":2,"damage_taken":0},{"event_name":"Upgrade Shrine","player_choice":"Upgraded","floor":3,"damage_taken":0},{"event_name":"The Cleric","player_choice":"Leave","floor":4,"damage_taken":0},{"event_name":"Golden Idol","player_choice":"Lose Max HP","floor":5,"damage_taken":0},{"event_name":"Drug Dealer","player_choice":"Got JAXXED","floor":21,"damage_taken":0},{"event_name":"Addict","player_choice":"Obtained Relic","floor":24,"damage_taken":0},{"event_name":"Back to Basics","player_choice":"Simplicity","floor":29,"damage_taken":0},{"event_name":"Mysterious Sphere","player_choice":"Ignore","floor":42,"damage_taken":0},{"event_name":"The Moai Head","player_choice":"Heal","floor":47,"damage_taken":0}],"boss_relics":[{"not_picked":["Orrery","Snecko Eye"],"picked":"Sozu"},{"not_picked":["The Specimen","Astrolabe"],"picked":"Runic Dome"}],"potions_floor_spawned":[6,11,14,19,31,33,36,41,45,48],"seed_played":"-3125515376649762552","killed_by":"Awakened One","ascension_level":4,"is_trial":false}