{"path_per_floor":["M","?","M","?","?","R","E","R","T","R","M","?","$","M","R","B",null,"M","M","?","M","?"],"character_chosen":"THE_SILENT","items_purchased":["Accuracy"],"gold_per_floor":[114,114,129,129,129,129,159,159,234,234,249,249,106,121,121,221,221,236,251,201,216,216],"floor_reached":23,"campfire_rested":1,"playtime":1097,"current_hp_per_floor":[70,70,64,64,70,70,70,70,70,70,70,70,70,61,70,36,70,50,36,36,31,31],"items_purged":["Normality"],"gold":216,"score":290,"play_id":"e4aed624-a7e7-44c8-94a9-2b91503a2608","local_time":"20180313165216","daily_mods":["Diverse","Insanity","Binary"],"is_prod":false,"is_daily":true,"is_ascension_mode":false,"campfire_upgraded":3,"timestamp":1520981536,"path_taken":["M","?","M","?","?","R","E","R","T","R","?","?","?","M","R","BOSS","M","M","?","M","?","E"],"build_version":"2018-03-12v2","purchased_purges":1,"victory":false,"master_deck":["Neutralize","Heel Hook","Slice","Backstab","Footwork","Tools of the Trade","Prepared","Infinite Blades+1","Corpse Explosion","Catalyst","Eviscerate","Eviscerate","Finisher","Catalyst","Burst","Doppelganger","Heel Hook","Sucker Punch","Glass Knife","Expertise","All Out Attack","Defend_G","Eviscerate","Quick Slash","Blade Dance","Glass Knife","Dodge and Roll","Flechettes","Storm of Steel","Expertise","Blade Dance","Masterful Stab","Distraction","Dagger Spray","Reflex","Tools of the Trade","A Thousand Cuts","Eviscerate","Cloak And Dagger+1","Flechettes","PiercingWail","Choke","Acrobatics","Backstab","Phantasmal Killer","Escape Plan","Survivor","Outmaneuver","Terror","Glass Knife","Fire Breathing","Havoc","Cloak And Dagger","Tactician+1","Dagger Spray","Night Terror","Accuracy","Underhanded Strike","Infinite Blades","Reflex","Infinite Blades+1"],"max_hp_per_floor":[70,70,70,70,70,70,70,70,70,70,70,70,70,70,70,70,70,70,70,70,70,70],"relics":["Ring of the Snake","Vajra","Tough Bandages","Centennial Puzzle","Black Star"],"card_choices":[{"not_picked":["Underhanded Strike"],"picked":"Cloak And Dagger"},{"not_picked":["Dagger Spray"],"picked":"Tactician"},{"not_picked":["Deadly Poison"],"picked":"Dagger Spray"},{"not_picked":["Sucker Punch"],"picked":"Underhanded Strike"},{"not_picked":["Dodge and Roll"],"picked":"Infinite Blades"},{"not_picked":["Slice"],"picked":"Reflex"}],"player_experience":199672,"potions_floor_usage":[7,7,16,19,19],"damage_taken":[{"damage":0,"enemies":"Jaw Worm","floor":1,"turns":1},{"damage":6,"enemies":"Cultist","floor":3,"turns":4},{"damage":0,"enemies":"Lagavulin","floor":7,"turns":2},{"damage":0,"enemies":"2 Louse","floor":11,"turns":1},{"damage":9,"enemies":"2 Fungi Beasts","floor":14,"turns":2},{"damage":34,"enemies":"Hexaghost","floor":16,"turns":7},{"damage":20,"enemies":"2 Thieves","floor":18,"turns":3},{"damage":20,"enemies":"Spheric Guardian","floor":19,"turns":4},{"damage":5,"enemies":"Centurion and Healer","floor":21,"turns":5},{"damage":35,"enemies":"Slavers","floor":23,"turns":2}],"event_choices":[{"event_name":"The Lab","player_choice":"Got Potions","floor":2,"damage_taken":0},{"event_name":"Accursed Blacksmith","player_choice":"Rummage","floor":4,"damage_taken":0},{"event_name":"Wheel of Change","player_choice":"Full Heal","floor":5,"damage_taken":0},{"event_name":"Match and Keep!","player_choice":"1 cards matched","floor":12,"damage_taken":0},{"event_name":"The Joust","player_choice":"Bet on Murderer","floor":20,"damage_taken":0},{"event_name":"Duplicator","player_choice":"One dupe","floor":22,"damage_taken":0}],"boss_relics":[{"not_picked":["The Specimen","Snecko Eye"],"picked":"Black Star"}],"potions_floor_spawned":[3,11,18],"seed_played":"5990498444709922547","killed_by":"Slavers","ascension_level":0,"is_trial":false}