{"gold_per_floor":[114,114,114,114,129,129,144,144,169,169,184,199,214,244,244,344,344,359,374,389,246,261,261,291,291,316,346,361,391,406,421,421,521,521,536,551,566,581,104,134,134,134,134,434,449,464,62,77,77,77],"floor_reached":51,"playtime":7197,"items_purged":[],"score":1045,"play_id":"43d95f90-3f85-4231-9dfb-c1ecb3eaa878","local_time":"20190424012703","daily_mods":["Insanity","Hoarder","Binary"],"is_ascension_mode":false,"campfire_choices":[{"data":"Chill","floor":6,"key":"SMITH"},{"data":"Hologram","floor":8,"key":"SMITH"},{"data":"Aggregate","floor":10,"key":"SMITH"},{"data":"Storm","floor":15,"key":"SMITH"},{"data":"Seek","floor":23,"key":"SMITH"},{"data":"Seek","floor":25,"key":"SMITH"},{"floor":32,"key":"DIG"},{"floor":41,"key":"DIG"},{"floor":44,"key":"DIG"},{"floor":49,"key":"DIG"}],"neow_cost":"","seed_source_timestamp":276320356605482,"circlet_count":0,"master_deck":["Storm+1","Chill+1","Fusion","Undo","Skim","Sweeping Beam","Redo","Leap","Leap","Compile Driver","Skim","Barrage","Turbo","Aggregate+1","Static Discharge","Cold Snap","Rebound","Streamline","Redo","FTL","Leap","Beam Cell","Reinforced Body","Static Discharge","Doom and Gloom","Compile Driver","Sweeping Beam","Streamline","Ball Lightning","Conserve Battery","Leap","Loop","Turbo","Beam Cell","Sweeping Beam","Auto Shields","Gash","Hologram","Melter","Turbo","Cold Snap","Ball Lightning","Stack","Go for the Eyes","Ball Lightning","Turbo","Glacier","Rip and Tear","Leap","Self Repair","Hologram+1","Hologram","Hologram","Coolheaded","Coolheaded","Coolheaded","Heatsinks","Heatsinks","Heatsinks","Echo Form","Echo Form","Echo Form","FTL+1","FTL+1","FTL+1","Seek+1","Seek+1","Seek","Rebound","Rebound","Rebound","All For One","All For One","All For One","Machine Learning","Machine Learning","Machine Learning","Gash+1","Gash+1","Gash+1","Blizzard+1","Blizzard+1","Blizzard+1","Fission","Fission","Fission","Apotheosis","Apotheosis","Apotheosis","BootSequence","BootSequence","BootSequence","Tempest+1","Tempest+1","Tempest+1","Steam Power","Steam Power","Steam Power","Double Energy","Double Energy","Double Energy","White Noise","White Noise","White Noise","Electrodynamics","Electrodynamics","Electrodynamics"],"special_seed":18010,"relics":["Cracked Core","Lantern","Thread and Needle","Philosopher\u0027s Stone","Unceasing Top","DataDisk","Vajra","Shovel","Question Card","Fusion Hammer","Dead Branch","Orichalcum","Bottled Tornado","Gremlin Horn","Old Coin","Mummified Hand","Anchor"],"potions_floor_usage":[16,19,24,33,37,50,50,50],"damage_taken":[{"damage":0,"enemies":"Jaw Worm","floor":1,"turns":2},{"damage":0,"enemies":"2 Louse","floor":5,"turns":2},{"damage":0,"enemies":"Cultist","floor":7,"turns":2},{"damage":0,"enemies":"2 Fungi Beasts","floor":11,"turns":2},{"damage":0,"enemies":"Gremlin Gang","floor":12,"turns":2},{"damage":0,"enemies":"Red Slaver","floor":13,"turns":3},{"damage":0,"enemies":"Lagavulin","floor":14,"turns":5},{"damage":14,"enemies":"Hexaghost","floor":16,"turns":8},{"damage":5,"enemies":"2 Thieves","floor":18,"turns":3},{"damage":2,"enemies":"Chosen","floor":19,"turns":4},{"damage":6,"enemies":"3 Cultists","floor":20,"turns":5},{"damage":0,"enemies":"Snake Plant","floor":22,"turns":4},{"damage":5,"enemies":"Book of Stabbing","floor":24,"turns":4},{"damage":1,"enemies":"Gremlin Leader","floor":27,"turns":3},{"damage":3,"enemies":"Snecko","floor":28,"turns":3},{"damage":15,"enemies":"Book of Stabbing","floor":29,"turns":4},{"damage":0,"enemies":"Sentry and Sphere","floor":30,"turns":3},{"damage":0,"enemies":"Shelled Parasite and Fungi","floor":31,"turns":2},{"damage":0,"enemies":"Champ","floor":33,"turns":6},{"damage":2,"enemies":"3 Darklings","floor":35,"turns":3},{"damage":0,"enemies":"Orb Walker","floor":36,"turns":2},{"damage":14,"enemies":"Writhing Mass","floor":37,"turns":3},{"damage":0,"enemies":"Transient","floor":38,"turns":5},{"damage":0,"enemies":"Reptomancer","floor":40,"turns":6},{"damage":0,"enemies":"Jaw Worm Horde","floor":45,"turns":3},{"damage":0,"enemies":"Sphere and 2 Shapes","floor":46,"turns":3},{"damage":0,"enemies":"Maw","floor":48,"turns":1},{"damage":19,"enemies":"Time Eater","floor":50,"turns":4}],"seed_played":"779562591292708448","potions_obtained":[{"floor":1,"key":"AttackPotion"},{"floor":13,"key":"Ancient Potion"},{"floor":14,"key":"Weak Potion"},{"floor":20,"key":"EssenceOfSteel"},{"floor":24,"key":"Regen Potion"},{"floor":27,"key":"EssenceOfSteel"},{"floor":33,"key":"AttackPotion"},{"floor":35,"key":"Dexterity Potion"},{"floor":38,"key":"LiquidBronze"},{"floor":42,"key":"FearPotion"}],"is_trial":false,"path_per_floor":["M","?","?","?","M","R","M","R","T","R","M","M","M","E","R","B",null,"M","M","M","$","M","R","E","R","T","E","M","E","M","M","R","B",null,"M","M","M","M","$","E","R","?","T","R","M","M","$","M","R","B",null],"character_chosen":"DEFECT","items_purchased":["Seek","Dead Branch","Apotheosis","Mummified Hand","Double Energy","White Noise"],"campfire_rested":0,"item_purchase_floors":[21,39,39,47,47,47],"current_hp_per_floor":[75,75,75,80,80,80,80,80,80,80,80,80,80,80,80,73,80,75,80,74,74,80,80,75,75,75,80,77,76,80,80,80,80,80,80,80,66,73,73,80,80,80,80,80,80,80,80,80,80,61],"gold":77,"neow_bonus":"","is_prod":false,"is_daily":true,"chose_seed":false,"campfire_upgraded":6,"win_rate":0,"timestamp":1556090823,"path_taken":["M","?","?","?","M","R","M","R","T","R","M","?","M","E","R","BOSS","M","M","M","$","M","R","E","R","T","E","M","E","?","M","R","BOSS","M","M","M","M","$","E","R","?","T","R","M","M","$","M","R","BOSS"],"build_version":"2019-01-23","purchased_purges":0,"victory":true,"max_hp_per_floor":[75,75,75,80,80,80,80,80,80,80,80,80,80,80,80,80,80,80,80,80,80,80,80,80,80,80,80,80,80,80,80,80,80,80,80,80,80,80,80,80,80,80,80,80,80,80,80,80,80,80],"card_choices":[{"not_picked":["Cold Snap","Ball Lightning"],"picked":"SKIP","floor":1},{"not_picked":["Leap"],"picked":"Hologram","floor":5},{"not_picked":["Auto Shields","Leap"],"picked":"SKIP","floor":7},{"not_picked":["Streamline"],"picked":"Coolheaded","floor":11},{"not_picked":["Turbo","Ball Lightning"],"picked":"SKIP","floor":12},{"not_picked":["Static Discharge","Darkness"],"picked":"SKIP","floor":13},{"not_picked":["Self Repair"],"picked":"Heatsinks","floor":14},{"not_picked":["Hyperbeam"],"picked":"Echo Form","floor":16},{"not_picked":["Leap","Heatsinks+1"],"picked":"SKIP","floor":18},{"not_picked":["Cold Snap","Lockon+1"],"picked":"SKIP","floor":19},{"not_picked":["Glacier"],"picked":"FTL+1","floor":20},{"not_picked":["Recycle"],"picked":"Rebound","floor":22},{"not_picked":["Ball Lightning","Steam"],"picked":"SKIP","floor":24},{"not_picked":["Lockon","Chaos"],"picked":"SKIP","floor":27},{"not_picked":["Recycle","Storm"],"picked":"SKIP","floor":28},{"not_picked":["Recycle+1"],"picked":"All For One","floor":29},{"not_picked":["Hologram","Storm+1"],"picked":"SKIP","floor":30},{"not_picked":["Cold Snap","Streamline"],"picked":"SKIP","floor":31},{"not_picked":["Hyperbeam","Reboot"],"picked":"Machine Learning","floor":33},{"not_picked":["Static Discharge","Streamline","Rebound"],"picked":"SKIP","floor":35},{"not_picked":["Sweeping Beam","Loop+1"],"picked":"Gash+1","floor":36},{"not_picked":["Streamline+1","Force Field"],"picked":"Blizzard+1","floor":37},{"not_picked":["Hologram","Rebound"],"picked":"Fission","floor":38},{"not_picked":["Ball Lightning","Leap"],"picked":"BootSequence","floor":40},{"not_picked":["Beam Cell+1","Redo+1"],"picked":"Tempest+1","floor":45},{"not_picked":["BootSequence+1","Steam+1"],"picked":"Steam Power","floor":46},{"not_picked":["Chill","Fusion"],"picked":"Electrodynamics","floor":48}],"player_experience":457411,"relics_obtained":[{"floor":9,"key":"Lantern"},{"floor":14,"key":"Thread and Needle"},{"floor":24,"key":"Unceasing Top"},{"floor":26,"key":"DataDisk"},{"floor":27,"key":"Vajra"},{"floor":29,"key":"Shovel"},{"floor":32,"key":"Question Card"},{"floor":40,"key":"Orichalcum"},{"floor":41,"key":"Bottled Tornado"},{"floor":43,"key":"Gremlin Horn"},{"floor":44,"key":"Old Coin"},{"floor":49,"key":"Anchor"}],"event_choices":[{"damage_healed":0,"gold_gain":0,"player_choice":"Leave","damage_taken":0,"max_hp_gain":0,"max_hp_loss":0,"event_name":"The Cleric","floor":2,"gold_loss":0},{"damage_healed":0,"gold_gain":0,"player_choice":"Ignored","damage_taken":0,"max_hp_gain":0,"max_hp_loss":0,"event_name":"Liars Game","floor":3,"gold_loss":0},{"damage_healed":0,"gold_gain":0,"player_choice":"Donut","damage_taken":0,"max_hp_gain":5,"max_hp_loss":0,"event_name":"Big Fish","floor":4,"gold_loss":0},{"damage_healed":0,"gold_gain":0,"player_choice":"Got Potions","damage_taken":0,"max_hp_gain":0,"max_hp_loss":0,"event_name":"Lab","floor":42,"gold_loss":0}],"is_beta":false,"boss_relics":[{"not_picked":["Calling Bell","Busted Crown"],"picked":"Philosopher\u0027s Stone"},{"not_picked":["FrozenCore","Nuclear Battery"],"picked":"Fusion Hammer"}],"items_purged_floors":[],"is_endless":false,"potions_floor_spawned":[1,13,14,20,24,27,33,35,38,46],"ascension_level":0}