{"gold_per_floor":[116,134,149,166,166,166,191,191,191,116,134,152,152,168,168,270,270,281,281,130,147,163,163,163,179,179,191,203,215,227,274,286,402,414,443,60,72,83,46,46,56,0,0,18,31,31,46,46,46,46,46,46,46,73,73],"floor_reached":55,"playtime":6178,"items_purged":["Strike_B"],"score":671,"play_id":"71fc759b-42eb-4cf2-adc1-7b2bea80cad3","local_time":"20181123010828","is_ascension_mode":false,"campfire_choices":[{"data":"Redo","floor":6,"key":"SMITH"},{"data":"Dualcast","floor":8,"key":"SMITH"},{"floor":15,"key":"REST"},{"floor":23,"key":"RECALL"},{"floor":27,"key":"REST"},{"data":"Capacitor","floor":29,"key":"SMITH"},{"data":"Blizzard","floor":32,"key":"SMITH"},{"floor":40,"key":"REST"},{"floor":46,"key":"REST"},{"data":"Apotheosis","floor":49,"key":"SMITH"},{"data":"Double Energy","floor":52,"key":"SMITH"}],"neow_cost":"NONE","seed_source_timestamp":1230804947787239,"circlet_count":0,"master_deck":["Zap+1","Dualcast+1","Genetic Algorithm","Redo+1","Genetic Algorithm","Ball Lightning","Chill","Rebound","Machine Learning","Sunder","Blizzard+1","Stack","Cold Snap","Conserve Battery","Capacitor+1","Coolheaded+1","Barrage+1","Redo+1","Core Surge","Core Surge+1","Thunder Strike+1","White Noise+1","Cold Snap+1","Apotheosis+1","Electrodynamics","Hologram","Defragment+1","Capacitor","Turbo+1","Blizzard+1","Double Energy+1","Biased Cognition","Doubt","Leap+1"],"relics":["Cracked Core","Bronze Scales","Dodecahedron","Pandora\u0027s Box","Boot","Dream Catcher","MawBank","Symbiotic Virus","Astrolabe","Bag of Preparation","Red Mask","Molten Egg 2","Toxic Egg 2"],"potions_floor_usage":[4,31,33,41,45,50,50,50],"damage_taken":[{"damage":6,"enemies":"Jaw Worm","floor":1,"turns":2},{"damage":0,"enemies":"Cultist","floor":2,"turns":3},{"damage":0,"enemies":"2 Louse","floor":3,"turns":3},{"damage":0,"enemies":"2 Fungi Beasts","floor":4,"turns":4},{"damage":34,"enemies":"Lagavulin","floor":7,"turns":6},{"damage":14,"enemies":"Exordium Wildlife","floor":11,"turns":4},{"damage":0,"enemies":"Large Slime","floor":12,"turns":4},{"damage":0,"enemies":"3 Louse","floor":14,"turns":3},{"damage":45,"enemies":"The Guardian","floor":16,"turns":9},{"damage":0,"enemies":"Chosen","floor":18,"turns":4},{"damage":20,"enemies":"2 Thieves","floor":21,"turns":3},{"damage":0,"enemies":"Sentry and Sphere","floor":22,"turns":4},{"damage":21,"enemies":"Snake Plant","floor":25,"turns":4},{"damage":6,"enemies":"Gremlin Leader","floor":31,"turns":5},{"damage":45,"enemies":"Champ","floor":33,"turns":9},{"damage":15,"enemies":"3 Darklings","floor":35,"turns":4},{"damage":1,"enemies":"Orb Walker","floor":37,"turns":4},{"damage":18,"enemies":"Maw","floor":38,"turns":9},{"damage":0,"enemies":"3 Darklings","floor":41,"turns":3},{"damage":0,"enemies":"Sphere and 2 Shapes","floor":44,"turns":3},{"damage":23,"enemies":"Spire Growth","floor":45,"turns":6},{"damage":15,"enemies":"Maw","floor":47,"turns":8},{"damage":67,"enemies":"Awakened One","floor":50,"turns":13},{"damage":58,"enemies":"Shield and Spear","floor":54,"turns":6},{"damage":61,"enemies":"The Heart","floor":55,"turns":2}],"seed_played":"-8371748387534622002","potions_obtained":[{"floor":2,"key":"Block Potion"},{"floor":7,"key":"Dexterity Potion"},{"floor":12,"key":"Dexterity Potion"},{"floor":16,"key":"Energy Potion"},{"floor":33,"key":"SkillPotion"},{"floor":35,"key":"Energy Potion"},{"floor":44,"key":"Poison Potion"},{"floor":47,"key":"Weak Potion"}],"is_trial":false,"path_per_floor":["M","M","M","M","?","R","E","R","T","$","M","M","?","M","R","B",null,"M","?","$","M","M","R","T","M","T","R","$","R","?","E","R","B",null,"M","$","M","M","$","R","M","?","T","M","M","R","M","?","R","B",null,"R","$","E","B"],"character_chosen":"DEFECT","items_purchased":["Boot","Apotheosis","Electrodynamics","Bag of Preparation","Capacitor"],"campfire_rested":4,"item_purchase_floors":[20,36,36,36,39],"current_hp_per_floor":[69,69,69,69,69,69,35,35,35,35,21,21,46,46,68,23,75,75,75,75,55,55,55,55,34,34,56,56,56,75,69,69,24,75,60,60,59,41,41,63,63,63,63,63,40,62,47,75,75,8,75,75,75,17,0],"gold":73,"neow_bonus":"UPGRADE_CARD","is_prod":false,"is_daily":false,"chose_seed":false,"campfire_upgraded":6,"win_rate":0,"timestamp":1542953308,"path_taken":["M","M","M","M","?","R","E","R","T","$","M","?","?","M","R","BOSS","M","?","$","M","M","R","?","M","T","R","$","R","?","E","R","BOSS","M","$","M","M","$","R","M","?","T","M","M","R","M","?","R","BOSS","R","$","E","BOSS"],"build_version":"2018-11-15","purchased_purges":1,"victory":false,"max_hp_per_floor":[75,75,75,75,75,75,75,75,75,75,75,75,75,75,75,75,75,75,75,75,75,75,75,75,75,75,75,75,75,75,75,75,75,75,75,75,75,75,75,75,75,75,75,75,75,75,75,75,75,75,75,75,75,75,75],"card_choices":[{"not_picked":["Streamline","Conserve Battery"],"picked":"Genetic Algorithm","floor":1},{"not_picked":["White Noise","Leap"],"picked":"Chaos","floor":2},{"not_picked":["Doom and Gloom","Go for the Eyes"],"picked":"Redo","floor":3},{"not_picked":["Scrape","Sweeping Beam","Storm"],"picked":"SKIP","floor":4},{"not_picked":["Capacitor","Cold Snap"],"picked":"Genetic Algorithm","floor":7},{"not_picked":["Barrage","Steam Power"],"picked":"Ball Lightning","floor":11},{"not_picked":["Steam Power","Beam Cell"],"picked":"Chill","floor":12},{"not_picked":["Barrage","Sweeping Beam"],"picked":"Rebound","floor":14},{"not_picked":["Meteor Strike","Biased Cognition"],"picked":"Machine Learning","floor":16},{"not_picked":["Undo","Aggregate"],"picked":"Cold Snap","floor":18},{"not_picked":["Barrage","Ball Lightning"],"picked":"Conserve Battery","floor":21},{"not_picked":["Rebound+1","Cold Snap"],"picked":"Capacitor","floor":22},{"not_picked":["Cold Snap","Leap"],"picked":"Coolheaded+1","floor":25},{"not_picked":["Rip and Tear","Reprogram"],"picked":"Barrage+1","floor":27},{"not_picked":["Multi-Cast","Rebound"],"picked":"Redo+1","floor":31},{"not_picked":["Buffer","Creative AI"],"picked":"Core Surge","floor":33},{"not_picked":["Beam Cell+1","Stack+1"],"picked":"Cold Snap+1","floor":35},{"not_picked":["Go for the Eyes","Ball Lightning"],"picked":"Hologram","floor":37},{"not_picked":["Stack+1","Rebound"],"picked":"Defragment+1","floor":38},{"not_picked":["Sweeping Beam","Tempest"],"picked":"Turbo+1","floor":40},{"not_picked":["Stack","Sweeping Beam","Scrape"],"picked":"SKIP","floor":41},{"not_picked":["Compile Driver+1","Rebound+1"],"picked":"Blizzard+1","floor":44},{"not_picked":["Compile Driver+1","Conserve Battery","Steam+1"],"picked":"SKIP","floor":45},{"not_picked":["Barrage+1","Scrape+1"],"picked":"Double Energy","floor":46},{"not_picked":["Rip and Tear+1","Reprogram"],"picked":"Biased Cognition","floor":47},{"not_picked":["Steam+1","Hologram"],"picked":"Leap+1","floor":54}],"player_experience":361930,"relics_obtained":[{"floor":7,"key":"Dodecahedron"},{"floor":24,"key":"Dream Catcher"},{"floor":26,"key":"MawBank"},{"floor":31,"key":"Symbiotic Virus"},{"floor":43,"key":"Molten Egg 2"},{"floor":54,"key":"Toxic Egg 2"}],"event_choices":[{"cards_removed":["Chaos"],"damage_healed":0,"gold_gain":0,"player_choice":"Gave Card","damage_taken":0,"relics_obtained":["Bronze Scales"],"max_hp_gain":0,"max_hp_loss":0,"event_name":"WeMeetAgain","floor":5,"gold_loss":0},{"damage_healed":25,"gold_gain":0,"player_choice":"Banana","damage_taken":0,"max_hp_gain":0,"max_hp_loss":0,"event_name":"Big Fish","floor":13,"gold_loss":0},{"cards_removed":["Force Field"],"damage_healed":0,"gold_gain":0,"player_choice":"Elegance","damage_taken":0,"max_hp_gain":0,"max_hp_loss":0,"event_name":"Back to Basics","floor":19,"gold_loss":0},{"damage_healed":25,"gold_gain":0,"player_choice":"Heal","damage_taken":0,"max_hp_gain":0,"max_hp_loss":0,"event_name":"The Library","floor":30,"gold_loss":0},{"damage_healed":0,"gold_gain":0,"player_choice":"Paid","damage_taken":0,"relics_obtained":["Red Mask"],"max_hp_gain":0,"max_hp_loss":0,"event_name":"Tomb of Lord Red Mask","floor":42,"gold_loss":56},{"damage_healed":28,"gold_gain":0,"player_choice":"Heal","damage_taken":0,"max_hp_gain":0,"max_hp_loss":0,"event_name":"MindBloom","floor":48,"gold_loss":0,"cards_obtained":["Doubt"]}],"is_beta":false,"boss_relics":[{"not_picked":["Orrery","Coffee Dripper"],"picked":"Pandora\u0027s Box"},{"not_picked":["Calling Bell","White Beast Statue"],"picked":"Astrolabe"}],"items_purged_floors":[10],"is_endless":false,"potions_floor_spawned":[2,7,12,16,18,25,33,35,44,47],"killed_by":"The Heart","ascension_level":0}