{"path_per_floor":["M","?","$","?","M","E","R","M","T","?","M","?","?","T","R","B",null,"M","$","?","M","$"],"character_chosen":"IRONCLAD","items_purchased":["Glass Knife","Ginger","Metallicize"],"gold_per_floor":[114,114,41,291,306,366,366,381,406,406,421,371,371,396,396,521,521,540,465,465,439,102,102],"floor_reached":23,"campfire_rested":1,"playtime":748,"current_hp_per_floor":[80,80,80,80,78,35,35,38,38,38,44,44,24,24,75,26,75,73,73,37,37,37,27],"items_purged":["Normality"],"gold":102,"score":213,"play_id":"22b0a7b0-e75a-4b51-bea7-fecc540ea9bc","local_time":"20180405181330","daily_mods":["Diverse","Binary","Night Terrors"],"is_prod":false,"is_daily":true,"is_ascension_mode":false,"campfire_upgraded":1,"timestamp":1522973610,"path_taken":["M","?","$","?","M","E","R","M","T","?","?","?","?","?","R","BOSS","M","$","?","?","$","M"],"build_version":"2018-04-05","purchased_purges":1,"victory":false,"master_deck":["Strike_R","Strike_R","Strike_R","Defend_R","Defend_R","Defend_R","Defend_R","Bash","Glass Knife+1","Quick Slash","Iron Wave","Blur","Leg Sweep","Parasite","Doubt","Ghostly","Ghostly","Ghostly","Ghostly","Ghostly","Metallicize"],"max_hp_per_floor":[80,80,80,80,80,80,80,80,80,80,80,80,80,80,75,75,75,75,75,37,37,37,37],"relics":["Burning Blood","Tiny Chest","Orichalcum","Golden Idol","Pen Nib","Calling Bell","Happy Flower","Oddly Smooth Stone","Shuriken","Ginger"],"card_choices":[{"not_picked":["Slice"],"picked":"Quick Slash","floor":5},{"not_picked":["Sentinel"],"picked":"Iron Wave","floor":6},{"not_picked":["Heavy Blade"],"picked":"Blur","floor":8},{"not_picked":["Pommel Strike"],"picked":"Leg Sweep","floor":11}],"player_experience":279509,"potions_floor_usage":[23],"damage_taken":[{"damage":1,"enemies":"Jaw Worm","floor":1,"turns":6},{"damage":8,"enemies":"Cultist","floor":5,"turns":3},{"damage":49,"enemies":"3 Sentries","floor":6,"turns":9},{"damage":3,"enemies":"Small Slimes","floor":8,"turns":2},{"damage":0,"enemies":"3 Louse","floor":11,"turns":4},{"damage":55,"enemies":"The Guardian","floor":16,"turns":13},{"damage":8,"enemies":"Chosen","floor":18,"turns":6},{"damage":0,"enemies":"2 Thieves","floor":21,"turns":5},{"damage":10,"enemies":"Chosen and Byrds","floor":23,"turns":7}],"event_choices":[{"event_name":"Bonfire Elementals","player_choice":"BASIC","floor":2,"damage_taken":0},{"event_name":"Golden Shrine","player_choice":"Desecrate","floor":4,"damage_taken":0},{"event_name":"Living Wall","player_choice":"Forget","floor":10,"damage_taken":0},{"event_name":"The Cleric","player_choice":"Card Removal","floor":12,"damage_taken":0},{"event_name":"Golden Idol","player_choice":"Take Damage","floor":13,"damage_taken":0},{"event_name":"Ghosts","player_choice":"Became a Ghost","floor":20,"damage_taken":0}],"boss_relics":[{"not_picked":["Runic Pyramid","Lizard Tail"],"picked":"Calling Bell"}],"potions_floor_spawned":[6,8,18],"seed_played":"-7248569299204843606","killed_by":"Chosen and Byrds","ascension_level":0,"is_trial":false}