{"gold_per_floor":[117,132,144,158,170,197,122,132,132,163,174,174,174,201,201,305,305,321,337,355,381,1,35,35,35,109,125,158,176,202,218,218,323,323,339,339,350,350,370,403,403,403,403,423,448,448,448,477,477,477],"floor_reached":51,"playtime":5161,"items_purged":["Defend_R","Strike_R"],"score":894,"play_id":"22adc768-484e-49ed-8620-638839d2d58c","local_time":"20190428235447","is_ascension_mode":false,"campfire_choices":[{"data":"Fiend Fire","floor":15,"key":"SMITH"},{"data":"Pommel Strike","floor":24,"key":"SMITH"},{"data":"Pommel Strike","floor":32,"key":"SMITH"},{"data":"Offering","floor":46,"key":"SMITH"},{"data":"Limit Break","floor":49,"key":"SMITH"}],"neow_cost":"PERCENT_DAMAGE","seed_source_timestamp":430861246743788,"circlet_count":0,"master_deck":["Strike_R","Strike_R","Strike_R+1","Defend_R","Defend_R","Defend_R","Fiend Fire+1","Pommel Strike+1","Clothesline","Offering+1","Shockwave","Battle Trance","Rupture+1","Brutality+1","Power Through","Rupture+1","Rupture+1","Pommel Strike+1","Ghostly Armor","Limit Break+1","Heavy Blade+1","Bandage Up","Discovery","Trip","Fiend Fire+1"],"relics":["Burning Blood","Anchor","Gambling Chip","Boot","Frozen Egg 2","Champion Belt","Black Star","Red Mask","Lee\u0027s Waffle","Calipers","WingedGreaves","Letter Opener","Dead Branch","Oddly Smooth Stone","Blood Vial","FossilizedHelix","Velvet Choker","Magic Flower","Bottled Tornado","Whetstone","Strawberry","Mercury Hourglass","Happy Flower","Question Card"],"potions_floor_usage":[5,10,14,19,20,33,33,39,40,45,50],"damage_taken":[{"damage":1,"enemies":"Cultist","floor":1,"turns":3},{"damage":6,"enemies":"Jaw Worm","floor":2,"turns":2},{"damage":6,"enemies":"2 Louse","floor":3,"turns":2},{"damage":8,"enemies":"2 Fungi Beasts","floor":4,"turns":4},{"damage":11,"enemies":"Large Slime","floor":5,"turns":6},{"damage":14,"enemies":"Gremlin Nob","floor":6,"turns":3},{"damage":6,"enemies":"Exordium Wildlife","floor":8,"turns":3},{"damage":18,"enemies":"Lagavulin","floor":10,"turns":5},{"damage":0,"enemies":"2 Fungi Beasts","floor":11,"turns":3},{"damage":12,"enemies":"3 Sentries","floor":14,"turns":4},{"damage":6,"enemies":"Slime Boss","floor":16,"turns":7},{"damage":15,"enemies":"2 Thieves","floor":18,"turns":3},{"damage":12,"enemies":"3 Byrds","floor":19,"turns":5},{"damage":14,"enemies":"Snake Plant","floor":20,"turns":3},{"damage":15,"enemies":"Masked Bandits","floor":21,"turns":5},{"damage":36,"enemies":"Slavers","floor":23,"turns":6},{"damage":7,"enemies":"Snecko","floor":27,"turns":2},{"damage":7,"enemies":"Book of Stabbing","floor":28,"turns":2},{"damage":12,"enemies":"Centurion and Healer","floor":29,"turns":2},{"damage":21,"enemies":"Gremlin Leader","floor":30,"turns":4},{"damage":6,"enemies":"Snake Plant","floor":31,"turns":2},{"damage":45,"enemies":"Automaton","floor":33,"turns":5},{"damage":11,"enemies":"3 Darklings","floor":35,"turns":4},{"damage":16,"enemies":"Orb Walker","floor":37,"turns":4},{"damage":14,"enemies":"Maw","floor":39,"turns":6},{"damage":49,"enemies":"Nemesis","floor":40,"turns":5},{"damage":6,"enemies":"Jaw Worm Horde","floor":44,"turns":4},{"damage":11,"enemies":"Giant Head","floor":45,"turns":4},{"damage":7,"enemies":"Reptomancer","floor":48,"turns":3},{"damage":33,"enemies":"Time Eater","floor":50,"turns":4}],"seed_played":"7128247441927832953","potions_obtained":[{"floor":3,"key":"Ancient Potion"},{"floor":4,"key":"Dexterity Potion"},{"floor":6,"key":"Dexterity Potion"},{"floor":10,"key":"Strength Potion"},{"floor":16,"key":"Block Potion"},{"floor":18,"key":"Ancient Potion"},{"floor":19,"key":"Dexterity Potion"},{"floor":20,"key":"Weak Potion"},{"floor":23,"key":"SpeedPotion"},{"floor":28,"key":"Energy Potion"},{"floor":30,"key":"Regen Potion"},{"floor":33,"key":"Regen Potion"},{"floor":37,"key":"Swift Potion"},{"floor":44,"key":"AttackPotion"},{"floor":45,"key":"Fruit Juice"}],"is_trial":false,"path_per_floor":["M","M","M","M","M","E","$","M","T","E","M","?","?","E","R","B",null,"M","M","M","?","$","E","R","$","T","M","E","M","E","M","R","B",null,"M","?","M","?","M","E","?","?","T","M","E","R","?","E","R","B",null],"character_chosen":"IRONCLAD","items_purchased":["Rupture+1","Lee\u0027s Waffle"],"campfire_rested":0,"item_purchase_floors":[22,22],"current_hp_per_floor":[61,61,61,59,54,46,46,46,46,34,40,33,30,24,24,24,80,71,65,57,48,87,57,57,57,57,56,55,49,34,36,36,13,87,82,82,73,63,61,36,73,73,73,73,85,85,85,85,85,62],"gold":477,"neow_bonus":"THREE_RARE_CARDS","is_prod":false,"is_daily":false,"chose_seed":false,"campfire_upgraded":5,"win_rate":0,"timestamp":1556466887,"path_taken":["M","M","M","M","M","E","$","M","T","E","?","?","?","E","R","BOSS","M","M","M","?","$","E","R","$","T","M","E","M","E","M","R","BOSS","M","?","M","?","M","E","?","?","T","M","E","R","?","E","R","BOSS"],"build_version":"2019-01-23","purchased_purges":2,"victory":true,"max_hp_per_floor":[80,80,80,80,80,80,80,80,80,80,80,80,80,80,80,80,80,80,80,80,80,87,87,87,87,87,87,87,87,87,87,87,87,87,87,83,83,83,83,83,73,73,73,73,85,85,85,85,85,85],"card_choices":[{"not_picked":["Offering","Reaper"],"picked":"Fiend Fire","floor":0},{"not_picked":["Twin Strike","Hemokinesis"],"picked":"Pommel Strike","floor":1},{"not_picked":["Body Slam","True Grit","Dual Wield"],"picked":"SKIP","floor":2},{"not_picked":["Warcry","Havoc"],"picked":"Clothesline","floor":3},{"not_picked":["Headbutt","Havoc","Dual Wield"],"picked":"SKIP","floor":4},{"not_picked":["Clothesline","Dual Wield"],"picked":"Offering","floor":5},{"not_picked":["Thunderclap","Anger"],"picked":"Shockwave","floor":6},{"not_picked":["Intimidate","Warcry","Wild Strike"],"picked":"SKIP","floor":8},{"not_picked":["Inflame","Thunderclap","Intimidate"],"picked":"SKIP","floor":10},{"not_picked":["Havoc","Twin Strike"],"picked":"Battle Trance","floor":11},{"not_picked":["Fiend Fire","Infernal Blade"],"picked":"Rupture+1","floor":14},{"not_picked":["Berserk+1","Reaper"],"picked":"Brutality+1","floor":16},{"not_picked":["Sword Boomerang","Feel No Pain+1","Clothesline+1"],"picked":"SKIP","floor":18},{"not_picked":["Warcry","Headbutt","Uppercut+1"],"picked":"SKIP","floor":19},{"not_picked":["Uppercut","Rage"],"picked":"Power Through","floor":20},{"not_picked":["Feel No Pain+1","Cleave","Thunderclap"],"picked":"SKIP","floor":23},{"not_picked":["Headbutt","Evolve+1","Twin Strike"],"picked":"SKIP","floor":27},{"not_picked":["Impervious","Flame Barrier"],"picked":"Rupture+1","floor":28},{"not_picked":["Thunderclap","Whirlwind+1"],"picked":"Pommel Strike","floor":29},{"not_picked":["Sever Soul","Armaments","True Grit+1"],"picked":"SKIP","floor":30},{"not_picked":["Fire Breathing+1","Heavy Blade"],"picked":"Ghostly Armor","floor":31},{"not_picked":["Impervious","Juggernaut+1"],"picked":"Limit Break","floor":33},{"not_picked":["Headbutt","Iron Wave","Anger+1"],"picked":"SKIP","floor":35},{"not_picked":["Warcry+1","Flex+1"],"picked":"Heavy Blade","floor":37},{"not_picked":["Secret Technique","Mind Blast"],"picked":"Bandage Up","floor":38},{"not_picked":["Thinking Ahead","Dark Shackles"],"picked":"Discovery","floor":38},{"not_picked":["Good Instincts","Blind"],"picked":"Trip","floor":38},{"not_picked":["Iron Wave","Pummel+1","Warcry+1"],"picked":"SKIP","floor":39},{"not_picked":["Clothesline+1","Iron Wave","Pommel Strike"],"picked":"SKIP","floor":40},{"not_picked":["Wild Strike","Twin Strike+1","Body Slam+1"],"picked":"SKIP","floor":44},{"not_picked":["Second Wind","Brutality+1","True Grit+1"],"picked":"SKIP","floor":45},{"not_picked":["Cleave+1","True Grit+1","Iron Wave"],"picked":"SKIP","floor":48}],"player_experience":285334,"relics_obtained":[{"floor":6,"key":"Anchor"},{"floor":9,"key":"Gambling Chip"},{"floor":10,"key":"Boot"},{"floor":14,"key":"Champion Belt"},{"floor":21,"key":"Red Mask"},{"floor":23,"key":"Calipers"},{"floor":23,"key":"WingedGreaves"},{"floor":26,"key":"Letter Opener"},{"floor":28,"key":"Dead Branch"},{"floor":28,"key":"Oddly Smooth Stone"},{"floor":30,"key":"Blood Vial"},{"floor":30,"key":"FossilizedHelix"},{"floor":40,"key":"Magic Flower"},{"floor":40,"key":"Bottled Tornado"},{"floor":43,"key":"Whetstone"},{"floor":45,"key":"Strawberry"},{"floor":45,"key":"Mercury Hourglass"},{"floor":48,"key":"Happy Flower"},{"floor":48,"key":"Question Card"}],"event_choices":[{"cards_removed":["Strike_R"],"damage_healed":0,"gold_gain":0,"player_choice":"Card Removal","damage_taken":7,"max_hp_gain":0,"max_hp_loss":0,"event_name":"Golden Wing","floor":12,"gold_loss":0},{"damage_healed":0,"gold_gain":0,"player_choice":"Success","damage_taken":3,"relics_obtained":["Frozen Egg 2"],"max_hp_gain":0,"max_hp_loss":0,"event_name":"Scrap Ooze","floor":13,"gold_loss":0},{"damage_healed":0,"gold_gain":0,"player_choice":"Fought Bandits","damage_taken":0,"max_hp_gain":0,"max_hp_loss":0,"event_name":"Masked Bandits","floor":21,"gold_loss":0},{"damage_healed":0,"gold_gain":0,"player_choice":"Max HP","damage_taken":0,"max_hp_gain":0,"max_hp_loss":4,"event_name":"Winding Halls","floor":36,"gold_loss":0},{"damage_healed":0,"gold_gain":0,"player_choice":"Memory 3","damage_taken":10,"max_hp_gain":0,"max_hp_loss":0,"event_name":"SensoryStone","floor":38,"gold_loss":0},{"damage_healed":73,"gold_gain":0,"player_choice":"Heal","damage_taken":0,"max_hp_gain":0,"max_hp_loss":10,"event_name":"The Moai Head","floor":41,"gold_loss":0},{"cards_removed":["Bash"],"damage_healed":0,"gold_gain":0,"player_choice":"Removed Attack","damage_taken":0,"max_hp_gain":0,"max_hp_loss":0,"event_name":"Falling","floor":42,"gold_loss":0},{"damage_healed":0,"gold_gain":0,"player_choice":"Copied","damage_taken":0,"max_hp_gain":0,"max_hp_loss":0,"event_name":"Duplicator","floor":47,"gold_loss":0,"cards_obtained":["Fiend Fire"]}],"is_beta":false,"boss_relics":[{"not_picked":["Tiny House","Snecko Eye"],"picked":"Black Star"},{"not_picked":["Philosopher\u0027s Stone","Sozu"],"picked":"Velvet Choker"}],"items_purged_floors":[7,22],"is_endless":false,"potions_floor_spawned":[3,4,6,10,16,18,19,20,23,28,30,33,37,44,45],"ascension_level":0}