{"gold_per_floor":[17,33,33,108,121,152,14,45,100,100],"floor_reached":10,"playtime":350,"items_purged":[],"score":99,"play_id":"f77614bf-e9c2-4ca9-b419-f75e6d688421","local_time":"20180821000445","is_ascension_mode":true,"campfire_choices":[],"neow_cost":"NO_GOLD","seed_source_timestamp":39918054308185,"circlet_count":0,"master_deck":["Strike_B","Strike_B","Strike_B","Strike_B+1","Defend_B","Defend_B","Defend_B","Defend_B","Zap","Dualcast","Echo Form","Self Repair","Leap","Core Surge+1","Beam Cell","Enlightenment","Cold Snap"],"relics":["Cracked Core","Ornamental Fan","Strawberry","Blue Candle","Whetstone"],"potions_floor_usage":[6],"damage_taken":[{"damage":7,"enemies":"Jaw Worm","floor":1,"turns":3},{"damage":0,"enemies":"2 Louse","floor":2,"turns":3},{"damage":2,"enemies":"Small Slimes","floor":5,"turns":4},{"damage":35,"enemies":"3 Sentries","floor":6,"turns":8},{"damage":32,"enemies":"Gremlin Nob","floor":8,"turns":5},{"damage":18,"enemies":"3 Sentries","floor":10,"turns":4}],"seed_played":"4648577148784567835","potions_obtained":[{"floor":5,"key":"Fire Potion"}],"is_trial":false,"path_per_floor":["M","M","?","?","M","E","$","E","T"],"character_chosen":"DEFECT","items_purchased":["Beam Cell","Enlightenment"],"campfire_rested":0,"item_purchase_floors":[7,7],"current_hp_per_floor":[61,68,61,50,55,41,41,16,16,0],"gold":100,"neow_bonus":"THREE_RARE_CARDS","is_prod":false,"is_daily":false,"chose_seed":false,"campfire_upgraded":0,"win_rate":0,"timestamp":1534831485,"path_taken":["M","M","?","?","?","E","$","E","T","E"],"build_version":"2018-08-16","purchased_purges":0,"victory":false,"max_hp_per_floor":[75,75,75,75,75,82,82,82,82,82],"card_choices":[{"not_picked":["Amplify","Multi-Cast"],"picked":"Echo Form","floor":0},{"not_picked":["Steam","Compile Driver"],"picked":"Self Repair","floor":1},{"not_picked":["Compile Driver","Genetic Algorithm"],"picked":"Leap","floor":2},{"not_picked":["Stack","Darkness","Loop"],"picked":"SKIP","floor":5},{"not_picked":["Aggregate","Reinforced Body"],"picked":"Core Surge","floor":6},{"not_picked":["Aggregate","Leap"],"picked":"Cold Snap","floor":8}],"player_experience":502875,"relics_obtained":[{"floor":6,"key":"Strawberry"},{"floor":8,"key":"Blue Candle"},{"floor":9,"key":"Whetstone"}],"event_choices":[{"event_name":"Scrap Ooze","player_choice":"success","floor":3,"damage_taken":7},{"event_name":"World of Goop","player_choice":"Gather Gold","floor":4,"damage_taken":0}],"is_beta":true,"boss_relics":[],"items_purged_floors":[],"is_endless":false,"potions_floor_spawned":[5],"killed_by":"3 Sentries","ascension_level":6}