{"path_per_floor":["M","?","?","M","M","R","E","R","T","M","R","$","M","M","R","B",null,"M","?","M","$","M","R","?","M","T"],"character_chosen":"THE_SILENT","items_purchased":[],"gold_per_floor":[99,99,63,63,63,63,63,63,63,63,63,63,48,48,48,48,48,0,0,0,0,0,0,0,0,0],"floor_reached":27,"campfire_rested":2,"playtime":1040,"current_hp_per_floor":[70,56,56,56,56,56,45,45,45,43,64,64,53,53,53,46,64,55,55,29,29,21,42,42,22,29],"items_purged":[],"gold":0,"score":269,"play_id":"287b7890-f23c-404b-9bb1-6aacbf7cfa4d","is_prod":false,"is_daily":false,"is_ascension_mode":true,"campfire_upgraded":3,"path_taken":["M","?","?","M","M","R","E","R","T","?","R","?","M","M","R","BOSS","M","?","M","?","M","R","?","M","T","E"],"build_version":"2018-02-15-PROD1","purchased_purges":0,"victory":false,"master_deck":["Defend_G","Defend_G+1","Defend_G","Defend_G","Defend_G","Strike_G","Strike_G","Strike_G","Strike_G","Strike_G","Survivor+1","Neutralize+1","Escape Plan+1","Dash","Riddle With Holes","Backflip","Bouncing Flask","Catalyst+1","Night Terror","Heel Hook","Decay","Predator+1","Noxious Fumes+1","Dash"],"max_hp_per_floor":[70,70,70,70,70,70,70,70,70,70,70,70,70,70,70,70,70,70,70,70,70,70,70,70,70,77],"relics":["Ectoplasm","Snake Skull","Ginger","Sozu","Strawberry"],"card_choices":[{"not_picked":["Acrobatics","Bane"],"picked":"Escape Plan"},{"not_picked":["Flying Knee","Bane"],"picked":"Dash"},{"not_picked":["Dodge and Roll","Quick Slash"],"picked":"Riddle With Holes"},{"not_picked":["Bane","Cloak And Dagger"],"picked":"Backflip"},{"not_picked":["PiercingWail","Heel Hook"],"picked":"Bouncing Flask"},{"not_picked":["Prepared","Crippling Poison"],"picked":"Catalyst"},{"not_picked":["Phantasmal Killer","Die Die Die"],"picked":"Night Terror"},{"not_picked":["All Out Attack","Dagger Spray"],"picked":"Heel Hook"},{"not_picked":["Quick Slash","Sucker Punch"],"picked":"Predator"},{"not_picked":["Masterful Stab","Dodge and Roll"],"picked":"Noxious Fumes"},{"not_picked":["Setup","Outmaneuver"],"picked":"Dash"}],"player_experience":132041,"potions_floor_usage":[7,10,16],"damage_taken":[{"damage":0,"enemies":"Jaw Worm","floor":1,"turns":4},{"damage":0,"enemies":"Cultist","floor":4,"turns":4},{"damage":0,"enemies":"Small Slimes","floor":5,"turns":4},{"damage":11,"enemies":"Gremlin Nob","floor":7,"turns":4},{"damage":2,"enemies":"Exordium Wildlife","floor":10,"turns":4},{"damage":11,"enemies":"Looter","floor":13,"turns":2},{"damage":0,"enemies":"Red Slaver","floor":14,"turns":2},{"damage":7,"enemies":"Slime Boss","floor":16,"turns":6},{"damage":9,"enemies":"2 Thieves","floor":18,"turns":5},{"damage":26,"enemies":"Chosen","floor":20,"turns":5},{"damage":8,"enemies":"Snake Plant","floor":22,"turns":4},{"damage":20,"enemies":"Snecko","floor":25,"turns":3},{"damage":37,"enemies":"Book of Stabbing","floor":27,"turns":3}],"event_choices":[{"event_name":"Shining Light","player_choice":"Entered Light","floor":2,"damage_taken":0},{"event_name":"World of Goop","player_choice":"Left","floor":3,"damage_taken":0},{"event_name":"Forgotten Altar","player_choice":"Smashed Altar","floor":19,"damage_taken":0},{"event_name":"Addict","player_choice":"Ignored","floor":24,"damage_taken":0}],"boss_relics":[{"not_picked":["Tiny House","Velvet Choker"],"picked":"Sozu"}],"potions_floor_spawned":[5,7,14,18,22],"seed_played":"2200309435638526245","killed_by":"Book of Stabbing","ascension_level":5,"is_trial":false}