{"gold_per_floor":[115,47,63,77,87,122,122,147,201,101,101,128,103,128,128,226,226,237,211,230,210,133,133,160,160,185,205,205,235,255,255,255,354,354,371,387,402,418,428,453,453,486,486,486,503,63,89,89,89,89],"floor_reached":51,"playtime":5415,"items_purged":["Injury"],"score":966,"play_id":"85a25fdd-19fe-45c4-8467-535cab318e31","local_time":"20180627211223","is_ascension_mode":true,"campfire_choices":[{"data":"Go for the Eyes","floor":7,"key":"SMITH"},{"floor":11,"key":"REST"},{"data":"Beam Cell","floor":15,"key":"SMITH"},{"data":"Consume","floor":23,"key":"SMITH"},{"data":"Hologram","floor":25,"key":"SMITH"},{"data":"Go for the Eyes","floor":28,"key":"SMITH"},{"data":"Glacier","floor":32,"key":"SMITH"},{"floor":41,"key":"REST"},{"data":"Capacitor","floor":49,"key":"SMITH"}],"neow_cost":"NONE","seed_source_timestamp":246765349698513,"circlet_count":0,"master_deck":["Strike_B+1","Strike_B+1","Strike_B+1","Strike_B+1","Defend_B+1","Defend_B+1","Defend_B+1","Defend_B+1","Zap+1","Dualcast","Reinforced Body+1","Glacier+1","BootSequence","Redo","Go for the Eyes+1","Go for the Eyes+1","Coolheaded","Hologram+1","Beam Cell+1","Glacier","Echo Form","Capacitor+1","Consume+1","Cold Snap","Blizzard+1","Chill+1","Chill","Glacier","Capacitor+1","Apotheosis","Writhe"],"relics":["Cursed Key","Art of War","Toolbox","War Paint","Boot","Snecko Eye","Whetstone","Singing Bowl","Pen Nib","Runic Dome","Smiling Mask","Bottled Lightning","Dream Catcher","Anchor","Happy Flower"],"potions_floor_usage":[5,5,24,29,29,33,38,42,50],"damage_taken":[{"damage":0,"enemies":"Cultist","floor":1,"turns":4},{"damage":3,"enemies":"2 Louse","floor":3,"turns":2},{"damage":0,"enemies":"Jaw Worm","floor":4,"turns":4},{"damage":7,"enemies":"Gremlin Gang","floor":5,"turns":7},{"damage":3,"enemies":"Lagavulin","floor":6,"turns":10},{"damage":17,"enemies":"Gremlin Nob","floor":8,"turns":7},{"damage":0,"enemies":"3 Sentries","floor":12,"turns":13},{"damage":6,"enemies":"Lagavulin","floor":14,"turns":6},{"damage":42,"enemies":"Slime Boss","floor":16,"turns":21},{"damage":0,"enemies":"Shell Parasite","floor":18,"turns":9},{"damage":0,"enemies":"2 Thieves","floor":19,"turns":5},{"damage":0,"enemies":"Centurion and Healer","floor":20,"turns":9},{"damage":4,"enemies":"Book of Stabbing","floor":24,"turns":9},{"damage":14,"enemies":"Snake Plant","floor":27,"turns":7},{"damage":0,"enemies":"Gremlin Leader","floor":29,"turns":11},{"damage":7,"enemies":"Cultist and Chosen","floor":30,"turns":13},{"damage":22,"enemies":"Automaton","floor":33,"turns":20},{"damage":17,"enemies":"3 Shapes","floor":35,"turns":7},{"damage":21,"enemies":"3 Darklings","floor":36,"turns":11},{"damage":0,"enemies":"Maw","floor":37,"turns":10},{"damage":0,"enemies":"Spire Growth","floor":38,"turns":9},{"damage":3,"enemies":"Sphere and 2 Shapes","floor":39,"turns":8},{"damage":8,"enemies":"Nemesis","floor":40,"turns":9},{"damage":22,"enemies":"2 Orb Walkers","floor":42,"turns":7},{"damage":5,"enemies":"3 Darklings","floor":45,"turns":6},{"damage":0,"enemies":"Giant Head","floor":47,"turns":9},{"damage":43,"enemies":"Time Eater","floor":50,"turns":13}],"seed_played":"6641235585353975415","potions_obtained":[{"floor":1,"key":"Swift Potion"},{"floor":4,"key":"Strength Potion"},{"floor":12,"key":"Strength Potion"},{"floor":14,"key":"Strength Potion"},{"floor":21,"key":"EssenceOfSteel"},{"floor":24,"key":"FairyPotion"},{"floor":30,"key":"Poison Potion"},{"floor":33,"key":"Regen Potion"},{"floor":36,"key":"Ancient Potion"},{"floor":40,"key":"Poison Potion"},{"floor":45,"key":"AttackPotion"}],"is_trial":false,"path_per_floor":["M","$","M","M","M","E","R","E","T","$","R","E","$","E","R","B",null,"M","M","M","?","$","R","E","R","T","M","R","E","M","?","R","B",null,"M","M","M","M","M","E","R","E","T","?","M","$","E","?","R","B"],"character_chosen":"DEFECT","items_purchased":["Glacier","Coolheaded","Beam Cell","Consume","Glacier","Capacitor","Anchor","Apotheosis"],"campfire_rested":2,"item_purchase_floors":[2,10,13,22,46,46,46,46],"current_hp_per_floor":[75,75,72,72,65,62,62,45,45,45,67,67,67,61,61,19,75,75,75,75,75,75,75,71,71,71,59,59,61,56,56,56,36,83,68,49,49,66,63,57,84,62,62,62,57,57,59,82,82,39],"gold":89,"neow_bonus":"BOSS_RELIC","is_prod":false,"is_daily":false,"chose_seed":false,"campfire_upgraded":7,"win_rate":0,"timestamp":1530155543,"path_taken":["M","$","M","M","?","E","R","E","T","$","R","E","$","E","R","BOSS","M","M","M","?","$","R","E","R","T","?","R","E","M","?","R","BOSS","M","M","M","M","M","E","R","E","T","?","M","$","E","?","R","BOSS"],"build_version":"2018-06-26","purchased_purges":1,"victory":true,"max_hp_per_floor":[75,75,75,75,75,75,75,75,75,75,75,75,75,75,75,75,75,75,75,75,75,75,75,75,75,75,77,77,79,81,81,81,83,83,85,87,87,89,89,91,91,91,91,91,91,91,93,93,93,93],"card_choices":[{"not_picked":["Darkness","Steam"],"picked":"Reinforced Body","floor":1},{"not_picked":["Turbo","Tempest"],"picked":"BootSequence","floor":3},{"not_picked":["Self Repair","Gash"],"picked":"Redo","floor":4},{"not_picked":["Streamline","Genetic Algorithm","Steam"],"picked":"SKIP","floor":5},{"not_picked":["Doom and Gloom","Turbo"],"picked":"Go for the Eyes","floor":6},{"not_picked":["Undo","Steam Power"],"picked":"Go for the Eyes","floor":8},{"not_picked":["Scrape","Gash"],"picked":"Hologram","floor":12},{"not_picked":["Leap","BootSequence"],"picked":"Glacier","floor":14},{"not_picked":["Reboot","Biased Cognition"],"picked":"Echo Form","floor":16},{"not_picked":["Coolheaded","Loop+1","Hello World"],"picked":"SKIP","floor":18},{"not_picked":["Sweeping Beam","Beam Cell"],"picked":"Capacitor+1","floor":19},{"not_picked":["Melter","Stack","Turbo"],"picked":"SKIP","floor":20},{"not_picked":["Rebound+1","Steam Power","Turbo+1"],"picked":"SKIP","floor":24},{"not_picked":["Stack","Rebound","Fusion"],"picked":"Singing Bowl","floor":27},{"not_picked":["Gash","Auto Shields","Force Field"],"picked":"Singing Bowl","floor":29},{"not_picked":["Beam Cell","Force Field","Sweeping Beam+1"],"picked":"Singing Bowl","floor":30},{"not_picked":["Biased Cognition","Multi-Cast","Machine Learning"],"picked":"Singing Bowl","floor":33},{"not_picked":["Go for the Eyes","Storm","Leap+1"],"picked":"Singing Bowl","floor":35},{"not_picked":["Stack","Scrape+1","Ball Lightning"],"picked":"Singing Bowl","floor":36},{"not_picked":["Beam Cell+1","Fusion+1"],"picked":"Cold Snap","floor":37},{"not_picked":["Redo","Beam Cell+1","Barrage+1"],"picked":"Singing Bowl","floor":38},{"not_picked":["Streamline+1","Lockon"],"picked":"Blizzard+1","floor":39},{"not_picked":["Multi-Cast","Lockon","Auto Shields"],"picked":"Singing Bowl","floor":40},{"not_picked":["Go for the Eyes","FTL+1"],"picked":"Chill+1","floor":42},{"not_picked":["Barrage+1","Hologram"],"picked":"Chill","floor":45},{"not_picked":["Stack","Hologram+1","Darkness"],"picked":"Singing Bowl","floor":47}],"player_experience":407946,"relics_obtained":[{"floor":6,"key":"Art of War"},{"floor":8,"key":"Toolbox"},{"floor":12,"key":"War Paint"},{"floor":14,"key":"Boot"},{"floor":24,"key":"Whetstone"},{"floor":26,"key":"Singing Bowl"},{"floor":29,"key":"Pen Nib"},{"floor":40,"key":"Smiling Mask"},{"floor":42,"key":"Bottled Lightning"},{"floor":43,"key":"Dream Catcher"},{"floor":47,"key":"Happy Flower"}],"event_choices":[{"event_name":"The Woman in Blue","player_choice":"Bought 1 Potion","floor":21,"damage_taken":0},{"event_name":"Back to Basics","player_choice":"Simplicity","floor":31,"damage_taken":0},{"event_name":"Fountain of Cleansing","player_choice":"Removed Curse","floor":44,"damage_taken":0},{"event_name":"Winding Halls","player_choice":"Writhe","floor":48,"damage_taken":0}],"boss_relics":[{"not_picked":["Philosopher\u0027s Stone","Tiny House"],"picked":"Snecko Eye"},{"not_picked":["Lizard Tail","Eternal Feather"],"picked":"Runic Dome"}],"items_purged_floors":[10],"is_endless":false,"potions_floor_spawned":[1,4,12,14,24,27,30,33,36,37,40,45,47],"ascension_level":2}