{"gold_per_floor":[118,128,47,66,66,99,99,129,129,129,155,13,13,42,42,141,141,156,6,6,24,38,67,67,125,151,185,89,89,108,138,138,234,234,246,346,70,70,87,118,118,135,161,210,226,226,240,275,275,275],"floor_reached":50,"playtime":3882,"items_purged":["Strike_G","Strike_G","Defend_G"],"score":827,"play_id":"48046869-4aee-477b-90af-ac4802f53ee0","local_time":"20180810001649","is_ascension_mode":true,"campfire_choices":[{"data":"Infinite Blades","floor":7,"key":"SMITH"},{"data":"Neutralize","floor":10,"key":"SMITH"},{"data":"Blade Dance","floor":13,"key":"SMITH"},{"data":"Finisher","floor":15,"key":"SMITH"},{"data":"Prepared","floor":24,"key":"SMITH"},{"data":"Ghostly","floor":29,"key":"SMITH"},{"data":"Ghostly","floor":32,"key":"SMITH"},{"data":"Storm of Steel","floor":41,"key":"SMITH"},{"data":"Blade Dance","floor":46,"key":"SMITH"},{"data":"Acrobatics","floor":49,"key":"SMITH"}],"neow_cost":"","seed_source_timestamp":1133861984195816,"circlet_count":0,"master_deck":["Defend_G+1","Defend_G","Defend_G+1","Defend_G","Strike_G+1","Strike_G+1","Strike_G+1","Survivor","Neutralize+1","Backflip","Infinite Blades+1","Accuracy+1","Blade Dance+1","Finisher+1","Infinite Blades+1","Accuracy+1","Blade Dance+1","Ghostly+1","Ghostly","Ghostly","Ghostly","Ghostly+1","Acrobatics","Prepared+1","Footwork+1","Well Laid Plans+1","Acrobatics+1","Footwork+1","Cloak And Dagger+1","Storm of Steel+1","Madness","Madness","Blade Dance+1"],"relics":["Ring of the Snake","Mercury Hourglass","Frozen Egg 2","Question Card","Whetstone","Blue Candle","Coffee Dripper","Vajra","Tiny Chest","Ancient Tea Set","Mummified Hand","Blood Vial","Philosopher\u0027s Stone","Oddly Smooth Stone","War Paint","Boot","Snake Skull","Happy Flower"],"potions_floor_usage":[8,22,25,27,33,33,42,50],"damage_taken":[{"damage":4,"enemies":"2 Louse","floor":1,"turns":3},{"damage":7,"enemies":"Small Slimes","floor":2,"turns":4},{"damage":6,"enemies":"Cultist","floor":4,"turns":5},{"damage":8,"enemies":"Lagavulin","floor":6,"turns":6},{"damage":3,"enemies":"3 Sentries","floor":8,"turns":4},{"damage":6,"enemies":"Gremlin Nob","floor":11,"turns":3},{"damage":6,"enemies":"3 Sentries","floor":14,"turns":3},{"damage":0,"enemies":"Slime Boss","floor":16,"turns":3},{"damage":7,"enemies":"Shell Parasite","floor":18,"turns":3},{"damage":2,"enemies":"Chosen","floor":21,"turns":3},{"damage":0,"enemies":"Centurion and Healer","floor":22,"turns":4},{"damage":1,"enemies":"Gremlin Leader","floor":23,"turns":6},{"damage":0,"enemies":"Slavers","floor":25,"turns":5},{"damage":0,"enemies":"Book of Stabbing","floor":27,"turns":5},{"damage":0,"enemies":"3 Cultists","floor":30,"turns":4},{"damage":0,"enemies":"Slavers","floor":31,"turns":5},{"damage":13,"enemies":"Collector","floor":33,"turns":6},{"damage":0,"enemies":"3 Shapes","floor":35,"turns":3},{"damage":2,"enemies":"Flame Bruiser 1 Orb","floor":39,"turns":4},{"damage":1,"enemies":"Nemesis","floor":40,"turns":5},{"damage":10,"enemies":"Spire Growth","floor":42,"turns":4},{"damage":2,"enemies":"3 Darklings","floor":45,"turns":4},{"damage":1,"enemies":"4 Shapes","floor":47,"turns":5},{"damage":13,"enemies":"2 Orb Walkers","floor":48,"turns":3},{"damage":18,"enemies":"Awakened One","floor":50,"turns":1}],"seed_played":"8419950521820232701","potions_obtained":[{"floor":6,"key":"Fire Potion"},{"floor":8,"key":"Energy Potion"},{"floor":11,"key":"Block Potion"},{"floor":16,"key":"Poison Potion"},{"floor":22,"key":"GhostInAJar"},{"floor":23,"key":"Dexterity Potion"},{"floor":30,"key":"Swift Potion"},{"floor":31,"key":"Fire Potion"},{"floor":35,"key":"Weak Potion"},{"floor":39,"key":"GhostInAJar"},{"floor":47,"key":"LiquidBronze"},{"floor":48,"key":"Energy Potion"}],"is_trial":false,"path_per_floor":["M","M","$","M","?","E","R","E","T","R","E","$","R","E","R","B",null,"M","$","?","M","M","E","R","E","T","E","$","R","M","E","R","B",null,"M","?","$","?","M","E","R","M","T","T","M","R","M","E","R"],"character_chosen":"THE_SILENT","items_purchased":["Accuracy","Infinite Blades+1","Blade Dance","Well Laid Plans+1","Acrobatics","Oddly Smooth Stone"],"campfire_rested":0,"item_purchase_floors":[3,12,19,28,28,37],"current_hp_per_floor":[66,59,59,53,39,31,31,28,28,28,22,22,22,16,16,16,70,63,63,35,33,33,32,32,32,32,32,32,32,32,32,32,21,35,35,35,35,31,31,32,32,24,24,24,24,24,25,14,14,0],"gold":275,"neow_bonus":"","is_prod":false,"is_daily":false,"chose_seed":false,"campfire_upgraded":10,"win_rate":0,"timestamp":1533831409,"path_taken":["M","M","$","M","?","E","R","E","T","R","E","$","R","E","R","BOSS","M","$","?","M","M","E","R","E","T","E","$","R","M","E","R","BOSS","M","?","$","?","M","E","R","M","T","?","M","R","M","E","R","BOSS"],"build_version":"2018-08-02","purchased_purges":3,"victory":false,"max_hp_per_floor":[70,70,70,70,70,70,70,70,70,70,70,70,70,70,70,70,70,70,70,35,35,35,35,35,35,35,35,35,35,35,35,35,35,35,35,35,35,35,35,35,35,35,35,35,35,35,35,35,35,35],"card_choices":[{"not_picked":["Dodge and Roll","Poisoned Stab"],"picked":"Backflip","floor":1},{"not_picked":["Setup","Bane"],"picked":"Infinite Blades","floor":2},{"not_picked":["Expertise","Caltrops"],"picked":"Blade Dance","floor":4},{"not_picked":["Bane","Quick Slash","Bouncing Flask"],"picked":"SKIP","floor":6},{"not_picked":["Poisoned Stab","Bane","Deadly Poison"],"picked":"SKIP","floor":8},{"not_picked":["Calculated Gamble","Deadly Poison","Doppelganger"],"picked":"Finisher","floor":11},{"not_picked":["Sucker Punch","Blade Dance","Bane"],"picked":"Accuracy+1","floor":14},{"not_picked":["Dagger Spray","Riddle With Holes","Underhanded Strike","Sucker Punch"],"picked":"SKIP","floor":18},{"not_picked":["Quick Slash+1","Finisher","Dagger Spray"],"picked":"Acrobatics","floor":21},{"not_picked":["Cloak And Dagger+1","Acrobatics","Footwork+1"],"picked":"Prepared","floor":22},{"not_picked":["Choke","Riddle With Holes","Infinite Blades+1","Poisoned Stab+1"],"picked":"SKIP","floor":23},{"not_picked":["Masterful Stab+1","Grand Finale","Noxious Fumes+1"],"picked":"Footwork+1","floor":25},{"not_picked":["Deflect","Sucker Punch","Dodge and Roll","Deadly Poison"],"picked":"SKIP","floor":27},{"not_picked":["Flechettes","Deadly Poison","Predator"],"picked":"Footwork+1","floor":30},{"not_picked":["Distraction+1","Escape Plan","Sucker Punch"],"picked":"Cloak And Dagger+1","floor":31},{"not_picked":["Unload","Tools of the Trade+1","Adrenaline"],"picked":"Storm of Steel","floor":33},{"not_picked":["Blur","Infinite Blades+1","Quick Slash","Sucker Punch+1"],"picked":"SKIP","floor":35},{"not_picked":["Underhanded Strike","Blade Dance","Deflect","Well Laid Plans+1"],"picked":"SKIP","floor":39},{"not_picked":["Adrenaline","All Out Attack","Leg Sweep+1"],"picked":"Blade Dance+1","floor":40},{"not_picked":["Cloak And Dagger+1","Poisoned Stab","Reflex+1","Acrobatics+1"],"picked":"SKIP","floor":42},{"not_picked":["Expertise","Eviscerate+1","Dash+1","PiercingWail"],"picked":"SKIP","floor":45},{"not_picked":["Outmaneuver+1","Well Laid Plans+1","Terror","Sucker Punch"],"picked":"SKIP","floor":47},{"not_picked":["Bouncing Flask","Heel Hook+1","Dagger Spray","Leg Sweep"],"picked":"SKIP","floor":48}],"player_experience":252697,"relics_obtained":[{"floor":6,"key":"Mercury Hourglass"},{"floor":8,"key":"Frozen Egg 2"},{"floor":9,"key":"Question Card"},{"floor":11,"key":"Whetstone"},{"floor":14,"key":"Blue Candle"},{"floor":23,"key":"Vajra"},{"floor":25,"key":"Tiny Chest"},{"floor":26,"key":"Ancient Tea Set"},{"floor":27,"key":"Mummified Hand"},{"floor":31,"key":"Blood Vial"},{"floor":40,"key":"War Paint"},{"floor":43,"key":"Boot"},{"floor":44,"key":"Snake Skull"},{"floor":48,"key":"Happy Flower"}],"event_choices":[{"event_name":"Shining Light","player_choice":"Entered Light","floor":5,"damage_taken":0},{"event_name":"Ghosts","player_choice":"Became a Ghost","floor":20,"damage_taken":0},{"event_name":"Golden Shrine","player_choice":"Pray","floor":36,"damage_taken":0},{"event_name":"Winding Halls","player_choice":"Embrace Madness","floor":38,"damage_taken":0}],"is_beta":false,"boss_relics":[{"not_picked":["Calling Bell","Busted Crown"],"picked":"Coffee Dripper"},{"not_picked":["Eternal Feather","White Beast Statue"],"picked":"Philosopher\u0027s Stone"}],"items_purged_floors":[12,19,37],"is_endless":false,"potions_floor_spawned":[6,8,11,16,22,23,30,31,35,39,47,48],"killed_by":"Awakened One","ascension_level":2}