{"path_per_floor":["M","?","T","M","?","R","E","R","T","R","$","M","$","?","R","B",null,"M","?","M","M","?","R","?","E","T","M","M","$","R","E","R","B",null,"M","?","$","M","M","E","R","?","T","M","$","M","M","M","R","B"],"character_chosen":"THE_SILENT","items_purchased":["Footwork","Cloak And Dagger","Prepared","Infinite Blades","Reflex","Underhanded Strike","Infinite Blades"],"gold_per_floor":[109,109,109,129,129,129,154,154,154,154,44,56,31,31,31,133,133,144,144,159,173,88,88,88,113,113,127,141,22,22,48,48,147,147,161,161,39,58,76,102,102,102,149,167,28,41,53,73,73,73],"floor_reached":51,"campfire_rested":3,"playtime":4644,"current_hp_per_floor":[70,70,84,82,82,82,52,52,52,52,52,52,52,84,84,81,84,84,84,83,83,83,83,83,82,82,82,62,62,62,44,69,68,84,80,80,80,68,50,25,50,50,50,50,50,50,45,45,70,34],"items_purged":["Defend_G","Strike_G"],"gold":73,"play_id":"c1d2fc23-c68f-48c8-98aa-ac967a328abb","is_prod":false,"is_daily":false,"is_ascension_mode":false,"campfire_upgraded":6,"path_taken":["M","?","?","?","?","R","E","R","T","R","$","?","?","?","R","BOSS","M","?","?","M","?","R","?","E","T","M","M","$","R","E","R","BOSS","M","?","$","M","M","E","R","?","T","?","$","M","?","M","R","BOSS"],"build_version":"2018-02-01-BETA1","purchased_purges":2,"victory":true,"master_deck":["Defend_G","Defend_G","Defend_G","Strike_G","Survivor","Neutralize+1","Acrobatics+1","Quick Slash","Burst","Concentrate+1","Acrobatics","Footwork","Cloak And Dagger+1","Cloak And Dagger","Tools of the Trade","PiercingWail+1","Outmaneuver+1","Bullet Time+1","Footwork+1","Writhe","Underhanded Strike+1","Adrenaline","Dagger Throw","Prepared","Infinite Blades+1","Accuracy+1","Expertise+1","Reflex","Underhanded Strike","Eviscerate+1","Reflex","Concentrate+1","Infinite Blades","Escape Plan","Cloak And Dagger+1","Escape Plan+1"],"max_hp_per_floor":[70,70,84,84,84,84,84,84,84,84,84,84,84,84,84,84,84,84,84,84,84,84,84,84,84,84,84,84,84,84,84,84,84,84,84,84,84,84,84,84,84,84,84,84,84,84,84,84,84,84],"relics":["Ring of the Snake","Shuriken","Torii","Astrolabe","Tough Bandages","Bronze Scales","Nloth\u0027s Gift","Bag of Preparation","Vajra","Ninja Scroll","Question Card","Orichalcum","Lantern"],"card_choices":[{"not_picked":["Deflect","Masterful Stab"],"picked":"Acrobatics"},{"not_picked":["Poisoned Stab","Riddle With Holes"],"picked":"Concentrate"},{"not_picked":["Flying Knee","Caltrops"],"picked":"Acrobatics"},{"not_picked":["Finisher","Backstab"],"picked":"Cloak And Dagger"},{"not_picked":["Corpse Explosion","Burst"],"picked":"Tools of the Trade"},{"not_picked":["Slice","Cloak And Dagger"],"picked":"Footwork"},{"not_picked":["Well Laid Plans","Choke"],"picked":"Underhanded Strike"},{"not_picked":["Acrobatics","PiercingWail"],"picked":"Adrenaline"},{"not_picked":["Slice","PiercingWail"],"picked":"Dagger Throw"},{"not_picked":["Dagger Throw","Cloak And Dagger"],"picked":"Accuracy"},{"not_picked":["Backflip","Outmaneuver","PiercingWail"],"picked":"Expertise"},{"not_picked":["Tools of the Trade","Infinite Blades","Flying Knee"],"picked":"Eviscerate"},{"not_picked":["A Thousand Cuts","Quick Slash","Slice"],"picked":"Reflex"},{"not_picked":["Deflect","Leg Sweep","Setup"],"picked":"Concentrate"},{"not_picked":["Flying Knee","Predator","Cloak And Dagger"],"picked":"Escape Plan"},{"not_picked":["PiercingWail","Burst","Doppelganger"],"picked":"Cloak And Dagger"},{"not_picked":["Prepared","Flying Knee","Skewer"],"picked":"Escape Plan"}],"player_experience":127997,"potions_floor_usage":[16,28,31,33,38,39,40,47,50],"damage_taken":[{"damage":0,"enemies":"Small Slimes","floor":1,"turns":3},{"damage":2,"enemies":"Blue Slaver","floor":4,"turns":6},{"damage":30,"enemies":"3 Sentries","floor":7,"turns":15},{"damage":0,"enemies":"Cultist","floor":12,"turns":3},{"damage":3,"enemies":"The Guardian","floor":16,"turns":8},{"damage":0,"enemies":"Shell Parasite","floor":18,"turns":6},{"damage":1,"enemies":"Chosen","floor":20,"turns":7},{"damage":0,"enemies":"Centurion and Healer","floor":21,"turns":9},{"damage":1,"enemies":"Book of Stabbing","floor":25,"turns":6},{"damage":0,"enemies":"Cultist and Chosen","floor":27,"turns":5},{"damage":20,"enemies":"Chosen and Byrds","floor":28,"turns":7},{"damage":18,"enemies":"Slavers","floor":31,"turns":6},{"damage":16,"enemies":"Automaton","floor":33,"turns":9},{"damage":4,"enemies":"3 Shapes","floor":35,"turns":4},{"damage":18,"enemies":"3 Darklings","floor":38,"turns":6},{"damage":18,"enemies":"Spire Growth","floor":39,"turns":4},{"damage":25,"enemies":"2 Orb Walkers","floor":40,"turns":4},{"damage":0,"enemies":"Maw","floor":44,"turns":5},{"damage":0,"enemies":"4 Shapes","floor":46,"turns":5},{"damage":11,"enemies":"Sphere and 2 Shapes","floor":47,"turns":4},{"damage":0,"enemies":"Flame Bruiser 2 Orb","floor":48,"turns":7},{"damage":36,"enemies":"Donu and Deca","floor":50,"turns":7}],"event_choices":[{"event_name":"Match and Keep!","player_choice":"2 cards matched","floor":2,"damage_taken":0},{"event_name":"Living Wall","player_choice":"Forget","floor":5,"damage_taken":0},{"event_name":"Wheel of Change","player_choice":"Full Heal","floor":14,"damage_taken":0},{"event_name":"The Mausoleum","player_choice":"Yes","floor":19,"damage_taken":0},{"event_name":"Addict","player_choice":"Obtained Relic","floor":22,"damage_taken":0},{"event_name":"N\u0027loth","player_choice":"Traded a Mango","floor":24,"damage_taken":0},{"event_name":"Tomb of Lord Red Mask","player_choice":"Ignored","floor":36,"damage_taken":0},{"event_name":"Upgrade Shrine","player_choice":"Upgraded","floor":42,"damage_taken":0}],"boss_relics":[{"not_picked":["Runic Pyramid","Snecko Eye"],"picked":"Astrolabe"},{"not_picked":["White Beast Statue","The Specimen"],"picked":"Question Card"}],"potions_floor_spawned":[7,12,18,20,21,31,33,38,46,47],"seed_played":"-832417993526514866","ascension_level":0,"is_trial":false}