{"gold_per_floor":[110,122,122,13,33,33,48,19,42,42,42,72,72,72,72,148,148,148,103,23,23,23,23,23,23,23,23,23,23,23,23,23,23],"floor_reached":33,"playtime":1012,"items_purged":[],"score":477,"play_id":"67ed0590-6063-42ec-a6a6-eb3333b97171","local_time":"20190202000035","is_ascension_mode":true,"campfire_choices":[{"data":"Dash","floor":6,"key":"SMITH"},{"data":"Neutralize","floor":10,"key":"SMITH"},{"data":"Dodge and Roll","floor":15,"key":"SMITH"},{"floor":23,"key":"REST"},{"data":"Sucker Punch","floor":25,"key":"SMITH"},{"data":"Die Die Die","floor":27,"key":"SMITH"},{"floor":32,"key":"REST"}],"neow_cost":"NONE","seed_source_timestamp":106957968766733,"circlet_count":0,"master_deck":["AscendersBane","Defend_G","Defend_G","Defend_G","Defend_G","Defend_G","Strike_G","Strike_G","Strike_G","Strike_G","Survivor","Neutralize+1","All Out Attack","Dash+1","Dagger Spray","Blur","Deflect","Dodge and Roll+1","Sucker Punch+1","Die Die Die+1","Backflip","RitualDagger","Heel Hook","Dodge and Roll"],"relics":["Ring of the Snake","NeowsBlessing","FaceOfCleric","Bronze Scales","Vajra","Anchor","Ectoplasm","Du-Vu Doll","Lantern"],"potions_floor_usage":[7,7,16,33,33],"damage_taken":[{"damage":0,"enemies":"Cultist","floor":1,"turns":1},{"damage":0,"enemies":"2 Louse","floor":2,"turns":1},{"damage":0,"enemies":"Small Slimes","floor":5,"turns":1},{"damage":15,"enemies":"3 Louse","floor":7,"turns":2},{"damage":6,"enemies":"3 Sentries","floor":12,"turns":6},{"damage":25,"enemies":"Hexaghost","floor":16,"turns":13},{"damage":5,"enemies":"Shell Parasite","floor":18,"turns":6},{"damage":4,"enemies":"2 Thieves","floor":19,"turns":3},{"damage":13,"enemies":"Centurion and Healer","floor":21,"turns":9},{"damage":0,"enemies":"Snake Plant","floor":24,"turns":4},{"damage":10,"enemies":"Sentry and Sphere","floor":28,"turns":5},{"damage":0,"enemies":"Chosen and Byrds","floor":29,"turns":5},{"damage":1,"enemies":"Gremlin Leader","floor":30,"turns":4},{"damage":73,"enemies":"Automaton","floor":33,"turns":12}],"seed_played":"7491132319172856197","potions_obtained":[{"floor":5,"key":"SteroidPotion"},{"floor":7,"key":"EssenceOfSteel"},{"floor":19,"key":"Block Potion"},{"floor":24,"key":"PowerPotion"}],"is_trial":false,"path_per_floor":["M","M","?","$","M","R","M","$","T","R","$","E","T","?","R","B",null,"M","M","$","M","?","R","M","R","T","R","M","M","E","?","R","B"],"character_chosen":"THE_SILENT","items_purchased":["Dagger Spray","SkillPotion","Dodge and Roll","GhostInAJar"],"campfire_rested":2,"item_purchase_floors":[4,4,8,20],"current_hp_per_floor":[59,59,59,59,60,60,46,46,46,46,46,41,41,41,41,17,57,53,50,50,38,32,53,54,54,54,54,45,46,46,24,48,0],"gold":23,"neow_bonus":"THREE_ENEMY_KILL","is_prod":false,"is_daily":false,"chose_seed":false,"campfire_upgraded":5,"win_rate":0,"timestamp":1549065635,"path_taken":["M","?","?","$","?","R","M","?","T","R","$","E","?","?","R","BOSS","M","M","$","M","?","R","M","R","T","R","M","M","E","?","R","BOSS"],"build_version":"2019-01-23","purchased_purges":0,"victory":false,"max_hp_per_floor":[66,66,66,66,67,67,68,68,68,68,68,69,69,69,69,70,70,71,72,72,73,73,73,74,74,74,74,75,76,77,82,82,82],"card_choices":[{"not_picked":["Prepared","Outmaneuver"],"picked":"All Out Attack","floor":1},{"not_picked":["Blade Dance","Heel Hook"],"picked":"Dash","floor":2},{"not_picked":["Tactician","Dagger Throw"],"picked":"Blur","floor":5},{"not_picked":["Slice","Deadly Poison"],"picked":"Deflect","floor":7},{"not_picked":["Distraction","Quick Slash"],"picked":"Sucker Punch","floor":12},{"not_picked":["Unload","After Image"],"picked":"Die Die Die","floor":16},{"not_picked":["Poisoned Stab","Setup"],"picked":"Backflip","floor":18},{"not_picked":["Endless Agony","Eviscerate","Setup"],"picked":"SKIP","floor":19},{"not_picked":["Eviscerate","Terror","Bouncing Flask+1"],"picked":"SKIP","floor":21},{"not_picked":["Deadly Poison","Underhanded Strike","All Out Attack"],"picked":"SKIP","floor":24},{"not_picked":["Dagger Spray","Noxious Fumes","Prepared"],"picked":"SKIP","floor":28},{"not_picked":["Bane","Catalyst"],"picked":"Heel Hook","floor":29},{"not_picked":["Storm of Steel","Bane"],"picked":"Dodge and Roll","floor":30}],"player_experience":518007,"relics_obtained":[{"floor":9,"key":"Bronze Scales"},{"floor":12,"key":"Vajra"},{"floor":13,"key":"Anchor"},{"floor":26,"key":"Du-Vu Doll"},{"floor":30,"key":"Lantern"}],"event_choices":[{"damage_healed":0,"gold_gain":0,"player_choice":"Trade","damage_taken":0,"relics_obtained":["FaceOfCleric"],"max_hp_gain":0,"max_hp_loss":0,"event_name":"FaceTrader","floor":3,"gold_loss":0},{"cards_removed":["Strike_G"],"damage_healed":0,"gold_gain":0,"player_choice":"Card Removal","damage_taken":0,"max_hp_gain":0,"max_hp_loss":0,"event_name":"Wheel of Change","floor":14,"gold_loss":0},{"damage_healed":0,"gold_gain":0,"player_choice":"Joined the Cult","damage_taken":6,"max_hp_gain":0,"max_hp_loss":0,"event_name":"Nest","floor":22,"gold_loss":0,"cards_obtained":["RitualDagger"]},{"damage_healed":0,"gold_gain":0,"player_choice":"Shed Blood","damage_taken":27,"max_hp_gain":5,"max_hp_loss":0,"event_name":"Forgotten Altar","floor":31,"gold_loss":0}],"is_beta":false,"boss_relics":[{"not_picked":["Runic Dome","Pandora\u0027s Box"],"picked":"Ectoplasm"}],"items_purged_floors":[],"is_endless":false,"potions_floor_spawned":[5,7,19,21,24,29],"killed_by":"Automaton","ascension_level":16}