{"gold_per_floor":[110,35,47,62,81,113,113,188,188,188],"floor_reached":10,"playtime":751,"items_purged":["Decay"],"score":82,"play_id":"4ff9a8ba-522f-44c6-b1cc-5b420a148a17","local_time":"20190106104753","is_ascension_mode":true,"campfire_choices":[{"data":"Zap","floor":7,"key":"SMITH"}],"neow_cost":"CURSE","seed_source_timestamp":1258118936248423,"circlet_count":0,"master_deck":["Strike_B","Strike_B","Defend_B","Defend_B","Defend_B","Defend_B","Zap+1","Dualcast","Doom and Gloom","Conserve Battery","Steam Power","Consume","Ball Lightning","Defragment"],"relics":["Cracked Core","PreservedInsect","Darkstone Periapt"],"potions_floor_usage":[6,10],"damage_taken":[{"damage":4,"enemies":"Jaw Worm","floor":1,"turns":4},{"damage":0,"enemies":"2 Louse","floor":3,"turns":2},{"damage":0,"enemies":"Cultist","floor":4,"turns":3},{"damage":20,"enemies":"Large Slime","floor":5,"turns":5},{"damage":29,"enemies":"Gremlin Nob","floor":6,"turns":4},{"damage":11,"enemies":"Lagavulin","floor":10,"turns":4}],"seed_played":"8906212184784350921","potions_obtained":[{"floor":3,"key":"GamblersBrew"},{"floor":6,"key":"EssenceOfSteel"}],"is_trial":false,"path_per_floor":["M","$","M","M","M","E","R","?","T","E"],"character_chosen":"DEFECT","items_purchased":[],"campfire_rested":0,"item_purchase_floors":[],"current_hp_per_floor":[71,71,71,71,51,22,22,11,11,0],"gold":188,"neow_bonus":"TRANSFORM_TWO_CARDS","is_prod":false,"is_daily":false,"chose_seed":false,"campfire_upgraded":1,"win_rate":0,"timestamp":1546742873,"path_taken":["M","$","M","M","M","E","R","?","T","E"],"build_version":"2019-01-03v4","purchased_purges":1,"victory":false,"max_hp_per_floor":[75,75,75,75,75,75,75,75,75,75],"card_choices":[{"not_picked":["Streamline","Lockon"],"picked":"Steam Power","floor":1},{"not_picked":["Hologram","Rebound","Hello World"],"picked":"SKIP","floor":3},{"not_picked":["Sweeping Beam","Gash"],"picked":"Consume","floor":4},{"not_picked":["Rebound","Static Discharge"],"picked":"Ball Lightning","floor":5},{"not_picked":["Hologram","Scrape"],"picked":"Defragment","floor":6}],"player_experience":277300,"relics_obtained":[{"floor":6,"key":"PreservedInsect"},{"floor":9,"key":"Darkstone Periapt"}],"event_choices":[{"damage_healed":0,"gold_gain":75,"player_choice":"Gather Gold","damage_taken":11,"max_hp_gain":0,"max_hp_loss":0,"event_name":"World of Goop","floor":8,"gold_loss":0}],"is_beta":false,"boss_relics":[],"items_purged_floors":[2],"is_endless":false,"potions_floor_spawned":[3,6],"killed_by":"Lagavulin","ascension_level":4}