{"gold_per_floor":[116,14,27,27,46,46,79,79,79,94,110,126,126,151,151,241,241,256,256,256,270,270,270],"floor_reached":23,"playtime":635,"items_purged":[],"score":367,"play_id":"558fbb03-73db-43d4-b1ba-7357fc110560","local_time":"20190426184204","is_ascension_mode":true,"campfire_choices":[{"data":"Melter","floor":6,"key":"SMITH"},{"floor":13,"key":"REST"},{"floor":15,"key":"REST"}],"neow_cost":"NONE","seed_source_timestamp":2925996390623191,"circlet_count":0,"master_deck":["AscendersBane","Strike_B","Strike_B","Strike_B","Strike_B","Defend_B+1","Defend_B","Defend_B+1","Defend_B","Zap","Dualcast","Gash","Ball Lightning","Melter+1","Storm","Heatsinks","Force Field","Echo Form","FTL","Self Repair","Gash","Creative AI","Leap","Ghostly","Ghostly","Ghostly","Self Repair"],"relics":["Cracked Core","Kunai","Bloody Idol","War Paint","Philosopher\u0027s Stone","Pantograph"],"potions_floor_usage":[18,23],"damage_taken":[{"damage":0,"enemies":"Small Slimes","floor":1,"turns":2},{"damage":0,"enemies":"Jaw Worm","floor":3,"turns":3},{"damage":1,"enemies":"Cultist","floor":5,"turns":3},{"damage":40,"enemies":"3 Sentries","floor":7,"turns":5},{"damage":3,"enemies":"Looter","floor":10,"turns":3},{"damage":25,"enemies":"Exordium Wildlife","floor":11,"turns":4},{"damage":10,"enemies":"2 Fungi Beasts","floor":12,"turns":3},{"damage":1,"enemies":"Red Slaver","floor":14,"turns":3},{"damage":18,"enemies":"Hexaghost","floor":16,"turns":8},{"damage":52,"enemies":"3 Byrds","floor":18,"turns":6},{"damage":0,"enemies":"Spheric Guardian","floor":21,"turns":1},{"damage":26,"enemies":"Book of Stabbing","floor":23,"turns":4}],"seed_played":"991055886076574675","potions_obtained":[{"floor":3,"key":"EssenceOfSteel"},{"floor":10,"key":"FairyPotion"},{"floor":12,"key":"SteroidPotion"},{"floor":21,"key":"Block Potion"}],"is_trial":false,"path_per_floor":["M","$","M","?","M","R","E","?","T","M","M","M","R","M","R","B",null,"M","?","?","M","T","E"],"character_chosen":"DEFECT","items_purchased":["Ball Lightning","Melter"],"campfire_rested":2,"item_purchase_floors":[2,2],"current_hp_per_floor":[71,71,71,71,70,70,30,30,30,27,2,7,28,34,55,44,64,19,19,19,24,24,0],"gold":270,"neow_bonus":"TEN_PERCENT_HP_BONUS","is_prod":false,"is_daily":false,"chose_seed":false,"campfire_upgraded":1,"win_rate":0,"timestamp":1556300524,"path_taken":["M","$","M","?","M","R","E","?","T","M","M","M","R","M","R","BOSS","M","?","?","M","?","E"],"build_version":"2019-01-23","purchased_purges":0,"victory":false,"max_hp_per_floor":[78,78,78,78,78,78,78,71,71,71,71,71,71,71,71,71,71,71,71,35,35,35,35],"card_choices":[{"not_picked":["Hologram","Go for the Eyes"],"picked":"Gash","floor":1},{"not_picked":["Force Field","Compile Driver"],"picked":"Storm","floor":3},{"not_picked":["Go for the Eyes","Darkness"],"picked":"Heatsinks","floor":5},{"not_picked":["Turbo","Streamline"],"picked":"Force Field","floor":7},{"not_picked":["Gash","Cold Snap"],"picked":"Echo Form","floor":10},{"not_picked":["Streamline","Hologram"],"picked":"FTL","floor":11},{"not_picked":["Undo","Stack"],"picked":"Self Repair","floor":12},{"not_picked":["Coolheaded","Hologram"],"picked":"Gash","floor":14},{"not_picked":["Echo Form","Seek"],"picked":"Creative AI","floor":16},{"not_picked":["Turbo","Barrage"],"picked":"Leap","floor":18},{"not_picked":["Blizzard","Rebound"],"picked":"Self Repair","floor":21}],"player_experience":219552,"relics_obtained":[{"floor":7,"key":"Kunai"},{"floor":9,"key":"War Paint"},{"floor":22,"key":"Pantograph"}],"event_choices":[{"damage_healed":0,"gold_gain":0,"player_choice":"Ignored","damage_taken":0,"max_hp_gain":0,"max_hp_loss":0,"event_name":"Liars Game","floor":4,"gold_loss":0},{"damage_healed":0,"gold_gain":0,"player_choice":"Lose Max HP","damage_taken":0,"relics_obtained":["Golden Idol"],"max_hp_gain":0,"max_hp_loss":7,"event_name":"Golden Idol","floor":8,"gold_loss":0},{"damage_healed":0,"gold_gain":0,"player_choice":"Gave Idol","damage_taken":0,"relics_obtained":["Bloody Idol"],"max_hp_gain":0,"max_hp_loss":0,"event_name":"Forgotten Altar","floor":19,"relics_lost":["Golden Idol"],"gold_loss":0},{"damage_healed":0,"gold_gain":0,"player_choice":"Became a Ghost","damage_taken":0,"max_hp_gain":0,"max_hp_loss":36,"event_name":"Ghosts","floor":20,"gold_loss":0,"cards_obtained":["Ghostly","Ghostly","Ghostly"]}],"is_beta":false,"boss_relics":[{"not_picked":["Astrolabe","Pandora\u0027s Box"],"picked":"Philosopher\u0027s Stone"}],"items_purged_floors":[],"is_endless":false,"potions_floor_spawned":[3,10,11,12,16,21],"killed_by":"Book of Stabbing","ascension_level":18}