{"gold_per_floor":[116,132,151,4,27,56,56,89,89,89,108,108,108,33,33,111,111,87,67,85,85],"floor_reached":21,"playtime":833,"items_purged":["Entrench"],"score":355,"play_id":"ddb76121-876c-4a45-bc42-09d7c1be2702","local_time":"20190424113513","is_ascension_mode":true,"campfire_choices":[{"data":"Rampage","floor":7,"key":"SMITH"},{"floor":10,"key":"REST"},{"data":"Secret Weapon","floor":12,"key":"SMITH"},{"floor":15,"key":"REST"}],"neow_cost":"PERCENT_DAMAGE","seed_source_timestamp":3192007606091865,"circlet_count":0,"master_deck":["AscendersBane","Strike_R","Strike_R","Strike_R","Strike_R","Defend_R","Defend_R","Defend_R","Defend_R","Bash","Panache","Secret Weapon+1","Rampage+1","Clash","Headbutt","Good Instincts","Ghostly Armor","Headbutt+1","Ghostly Armor+1"],"relics":["Burning Blood","Bag of Preparation","Strawberry","Ice Cream","Ornamental Fan","Runic Pyramid"],"potions_floor_usage":[6,8,8,20],"damage_taken":[{"damage":1,"enemies":"Cultist","floor":1,"turns":4},{"damage":10,"enemies":"2 Louse","floor":2,"turns":2},{"damage":2,"enemies":"Jaw Worm","floor":3,"turns":3},{"damage":30,"enemies":"3 Sentries","floor":6,"turns":8},{"damage":28,"enemies":"Gremlin Nob","floor":8,"turns":5},{"damage":18,"enemies":"Exordium Thugs","floor":11,"turns":4},{"damage":34,"enemies":"The Guardian","floor":16,"turns":8},{"damage":20,"enemies":"2 Thieves","floor":18,"turns":4},{"damage":29,"enemies":"3 Byrds","floor":20,"turns":6},{"damage":37,"enemies":"Snecko","floor":21,"turns":4}],"seed_played":"7036705357866146647","potions_obtained":[{"floor":1,"key":"Weak Potion"},{"floor":3,"key":"SteroidPotion"},{"floor":6,"key":"Ancient Potion"},{"floor":19,"key":"SkillPotion"}],"is_trial":false,"path_per_floor":["M","M","M","$","T","E","R","E","T","R","M","R","?","$","R","B",null,"M","?","M","M"],"character_chosen":"IRONCLAD","items_purchased":["Good Instincts","SpeedPotion"],"campfire_rested":2,"item_purchase_floors":[4,4],"current_hp_per_floor":[55,51,55,55,55,38,38,16,16,40,28,28,28,28,52,24,68,54,54,31,0],"gold":85,"neow_bonus":"RANDOM_COLORLESS_2","is_prod":false,"is_daily":false,"chose_seed":false,"campfire_upgraded":2,"win_rate":0,"timestamp":1556102113,"path_taken":["M","?","M","$","?","E","R","E","T","R","?","R","?","$","R","BOSS","M","?","M","?"],"build_version":"2019-01-23","purchased_purges":1,"victory":false,"max_hp_per_floor":[75,75,75,75,75,82,82,82,82,82,82,82,82,82,82,82,82,82,82,82,82],"card_choices":[{"not_picked":["Havoc","Clothesline"],"picked":"Rampage","floor":1},{"not_picked":["Wild Strike","Cleave"],"picked":"Clash","floor":2},{"not_picked":["Armaments","Iron Wave"],"picked":"Headbutt","floor":3},{"not_picked":["Clothesline","Feel No Pain"],"picked":"Ghostly Armor","floor":6},{"not_picked":["Disarm","Fire Breathing","Perfected Strike"],"picked":"SKIP","floor":8},{"not_picked":["Wild Strike","Heavy Blade","Thunderclap"],"picked":"SKIP","floor":11},{"not_picked":["Sword Boomerang","Body Slam"],"picked":"Headbutt+1","floor":18},{"not_picked":["Warcry","Clothesline"],"picked":"Ghostly Armor+1","floor":20}],"player_experience":641420,"relics_obtained":[{"floor":5,"key":"Bag of Preparation"},{"floor":6,"key":"Strawberry"},{"floor":8,"key":"Ice Cream"},{"floor":9,"key":"Ornamental Fan"}],"event_choices":[{"damage_healed":0,"gold_gain":0,"cards_transformed":["Strike_R"],"player_choice":"Transformed","damage_taken":0,"max_hp_gain":0,"max_hp_loss":0,"event_name":"Transmorgrifier","floor":13,"gold_loss":0,"cards_obtained":["Entrench"]},{"damage_healed":0,"gold_gain":0,"player_choice":"Bought 1 Potion","damage_taken":0,"max_hp_gain":0,"max_hp_loss":0,"event_name":"The Woman in Blue","floor":19,"gold_loss":0}],"is_beta":false,"boss_relics":[{"not_picked":["Calling Bell","Mark of Pain"],"picked":"Runic Pyramid"}],"items_purged_floors":[14],"is_endless":false,"potions_floor_spawned":[1,3,6],"killed_by":"Snecko","ascension_level":18}