{"gold_per_floor":[117,117,117,135,149,180,180,207,261,276,13,29,29,44,44,119,119,135,50,50,50,50,50,64,81,126,138,138],"floor_reached":28,"playtime":863,"items_purged":[],"score":426,"play_id":"fb2e6ef8-b8a7-4aaa-9325-57a6058e666e","local_time":"20190422171235","is_ascension_mode":true,"campfire_choices":[{"data":"Machine Learning","floor":15,"key":"SMITH"},{"data":"Loop","floor":23,"key":"SMITH"}],"neow_cost":"NONE","seed_source_timestamp":3039413614995635,"circlet_count":0,"master_deck":["AscendersBane","Strike_B","Strike_B","Strike_B","Strike_B","Defend_B","Defend_B","Defend_B","Defend_B","Zap","Dualcast","Machine Learning+1","Conserve Battery","Cold Snap+1","Cold Snap+1","Barrage+1","Undo","Go for the Eyes+1","Streamline+1","Core Surge+1","Cold Snap+1","Loop+1","Coolheaded+1","Coolheaded","Skim+1"],"relics":["Cracked Core","Molten Egg 2","Omamori","Lantern","Potion Belt","Bottled Lightning","Philosopher\u0027s Stone","Question Card","Ancient Tea Set"],"potions_floor_usage":[25,25,27],"damage_taken":[{"damage":4,"enemies":"Small Slimes","floor":1,"turns":3},{"damage":3,"enemies":"2 Louse","floor":4,"turns":4},{"damage":0,"enemies":"Jaw Worm","floor":5,"turns":3},{"damage":26,"enemies":"Lagavulin","floor":6,"turns":8},{"damage":14,"enemies":"Gremlin Nob","floor":8,"turns":4},{"damage":2,"enemies":"3 Louse","floor":10,"turns":4},{"damage":0,"enemies":"Large Slime","floor":12,"turns":3},{"damage":0,"enemies":"Exordium Wildlife","floor":14,"turns":3},{"damage":7,"enemies":"The Guardian","floor":16,"turns":11},{"damage":14,"enemies":"Chosen","floor":18,"turns":4},{"damage":11,"enemies":"Shell Parasite","floor":24,"turns":4},{"damage":14,"enemies":"Snecko","floor":25,"turns":5},{"damage":17,"enemies":"Sentry and Sphere","floor":27,"turns":5},{"damage":6,"enemies":"Slavers","floor":28,"turns":1}],"seed_played":"4567831312948886030","potions_obtained":[{"floor":5,"key":"Block Potion"},{"floor":8,"key":"Poison Potion"},{"floor":14,"key":"Ancient Potion"},{"floor":16,"key":"Explosive Potion"},{"floor":18,"key":"Swift Potion"}],"is_trial":false,"path_per_floor":["M","?","?","M","M","E","?","E","T","M","$","M","$","M","R","B",null,"M","?","?","$","?","R","M","M","T","M","E"],"character_chosen":"DEFECT","items_purchased":["Bottled Lightning"],"campfire_rested":0,"item_purchase_floors":[11],"current_hp_per_floor":[60,42,65,62,62,36,36,22,22,20,20,20,20,20,20,13,57,43,43,43,43,43,43,32,18,18,1,0],"gold":138,"neow_bonus":"ONE_RANDOM_RARE_CARD","is_prod":false,"is_daily":false,"chose_seed":false,"campfire_upgraded":2,"win_rate":0,"timestamp":1555949555,"path_taken":["M","?","?","M","M","E","?","E","T","M","$","M","?","M","R","BOSS","M","?","?","?","?","R","M","M","T","M","E"],"build_version":"2019-01-23","purchased_purges":0,"victory":false,"max_hp_per_floor":[71,71,71,71,71,71,71,71,71,71,71,71,71,71,71,71,71,71,71,71,71,71,71,71,71,71,71,71],"card_choices":[{"not_picked":["Beam Cell","Stack"],"picked":"Conserve Battery","floor":1},{"not_picked":["Barrage+1","Reprogram"],"picked":"Cold Snap+1","floor":4},{"not_picked":["Hologram","Ball Lightning+1"],"picked":"Cold Snap+1","floor":5},{"not_picked":["Rebound+1","Sweeping Beam+1"],"picked":"Barrage+1","floor":6},{"not_picked":["Machine Learning","Lockon+1"],"picked":"Undo","floor":8},{"not_picked":["Gash+1","Steam Power"],"picked":"Go for the Eyes+1","floor":10},{"not_picked":["Hologram","Leap","Undo"],"picked":"SKIP","floor":12},{"not_picked":["Blizzard+1","Go for the Eyes+1"],"picked":"Streamline+1","floor":14},{"not_picked":["Thunder Strike+1","Buffer"],"picked":"Core Surge+1","floor":16},{"not_picked":["Leap+1","Turbo"],"picked":"Cold Snap+1","floor":18},{"not_picked":["Gash+1","Rip and Tear+1","Beam Cell+1"],"picked":"Coolheaded+1","floor":24},{"not_picked":["Doom and Gloom+1","Ball Lightning+1","Storm"],"picked":"Coolheaded","floor":25},{"not_picked":["Streamline+1","Ball Lightning+1","Fusion"],"picked":"Skim+1","floor":27}],"player_experience":623593,"relics_obtained":[{"floor":6,"key":"Omamori"},{"floor":8,"key":"Lantern"},{"floor":9,"key":"Potion Belt"},{"floor":26,"key":"Ancient Tea Set"}],"event_choices":[{"damage_healed":0,"gold_gain":0,"player_choice":"Success","damage_taken":18,"relics_obtained":["Molten Egg 2"],"max_hp_gain":0,"max_hp_loss":0,"event_name":"Scrap Ooze","floor":2,"gold_loss":0},{"damage_healed":23,"gold_gain":0,"player_choice":"Banana","damage_taken":0,"max_hp_gain":0,"max_hp_loss":0,"event_name":"Big Fish","floor":3,"gold_loss":0},{"damage_healed":0,"gold_gain":0,"player_choice":"Ignored","damage_taken":0,"max_hp_gain":0,"max_hp_loss":0,"event_name":"Golden Idol","floor":7,"gold_loss":0},{"damage_healed":0,"gold_gain":0,"player_choice":"Obtained Relic","damage_taken":0,"relics_obtained":["Question Card"],"max_hp_gain":0,"max_hp_loss":0,"event_name":"Addict","floor":19,"gold_loss":85},{"damage_healed":0,"gold_gain":0,"player_choice":"Read","damage_taken":0,"max_hp_gain":0,"max_hp_loss":0,"event_name":"The Library","floor":20,"gold_loss":0,"cards_obtained":["Loop"]},{"damage_healed":0,"gold_gain":0,"player_choice":"Ignored","damage_taken":0,"max_hp_gain":0,"max_hp_loss":0,"event_name":"Ghosts","floor":22,"gold_loss":0}],"is_beta":false,"boss_relics":[{"not_picked":["Empty Cage","Lizard Tail"],"picked":"Philosopher\u0027s Stone"}],"items_purged_floors":[],"is_endless":false,"potions_floor_spawned":[5,8,14,16,18],"killed_by":"Slavers","ascension_level":17}