{"path_per_floor":["M","?","M","?","M","E","M","?","T","M","R","E","M"],"character_chosen":"DEFECT","items_purchased":[],"gold_per_floor":[113,113,123,123,138,170,187,187,212,222,222,252,270,270],"floor_reached":14,"campfire_rested":1,"playtime":389,"current_hp_per_floor":[67,67,66,66,55,27,17,17,17,11,33,19,15,0],"items_purged":[],"gold":270,"score":102,"play_id":"2ce9871a-d5f1-41ae-8c85-57f4a9afee59","local_time":"20180426191214","is_prod":false,"is_daily":false,"chose_seed":false,"is_ascension_mode":false,"campfire_upgraded":0,"timestamp":1524791534,"path_taken":["M","?","M","?","?","E","M","?","T","M","R","E","M","M"],"build_version":"2018-04-26","seed_source_timestamp":84713106592665,"purchased_purges":0,"victory":false,"master_deck":["Strike_B","Strike_B","Strike_B","Defend_B","Defend_B","Defend_B","Defend_B","Zap","Dualcast","Thunder Strike","Streamline+1","Rebound+1","Ball Lightning","Capacitor","Tempest","Nova","Impulse","Ball Lightning"],"max_hp_per_floor":[75,75,75,75,75,75,75,75,75,75,75,75,75,75],"relics":["Cracked Core","Bag of Preparation","Oddly Smooth Stone","Vajra"],"card_choices":[{"not_picked":["Melter","Stack"],"picked":"Streamline","floor":1},{"not_picked":["Go for the Eyes","Auto Shields"],"picked":"Rebound","floor":3},{"not_picked":["Sweeping Beam","Capacitor"],"picked":"Ball Lightning","floor":5},{"not_picked":["Hello World","Defragment"],"picked":"Capacitor","floor":6},{"not_picked":["Impulse","Double Energy"],"picked":"Tempest","floor":7},{"not_picked":["Hello World","Go for the Eyes"],"picked":"Impulse","floor":10},{"not_picked":["Allocate","Darkness"],"picked":"Ball Lightning","floor":12}],"player_experience":336690,"potions_floor_usage":[12],"damage_taken":[{"damage":8,"enemies":"Small Slimes","floor":1,"turns":3},{"damage":1,"enemies":"Cultist","floor":3,"turns":3},{"damage":11,"enemies":"Jaw Worm","floor":5,"turns":2},{"damage":28,"enemies":"Gremlin Nob","floor":6,"turns":4},{"damage":10,"enemies":"Looter","floor":7,"turns":3},{"damage":6,"enemies":"Exordium Thugs","floor":10,"turns":3},{"damage":26,"enemies":"3 Sentries","floor":12,"turns":5},{"damage":4,"enemies":"Gremlin Gang","floor":13,"turns":3},{"damage":26,"enemies":"Exordium Wildlife","floor":14,"turns":2}],"event_choices":[{"event_name":"Accursed Blacksmith","player_choice":"Forge","floor":2,"damage_taken":0},{"event_name":"Upgrade Shrine","player_choice":"Upgraded","floor":4,"damage_taken":0},{"event_name":"Transmorgrifier","player_choice":"Transform","floor":8,"damage_taken":0}],"boss_relics":[],"potions_floor_spawned":[5,7,10],"seed_played":"-8365663828652061120","killed_by":"Exordium Wildlife","ascension_level":0,"is_trial":false}