{"path_per_floor":["M","?","?","M","$","E","R","E","T","E","R","M","R","E","R","B",null,"M","T","?","?","$","E","R","E","T","E","M","E","R","M","R","B",null,"M","$","?","T","$","E","M","E","T","?","$","E","T","E","R","B"],"character_chosen":"THE_SILENT","items_purchased":["Riddle With Holes","Shuriken","Infinite Blades","Dramatic Entrance","Molten Egg 2","Choke"],"gold_per_floor":[114,114,114,129,54,84,84,114,114,144,144,159,159,189,189,289,289,304,304,304,229,159,189,189,219,219,249,264,294,294,309,309,409,409,424,174,493,518,85,115,130,160,185,185,145,175,200,230,230,230],"floor_reached":51,"campfire_rested":4,"playtime":1762,"current_hp_per_floor":[70,63,56,56,56,32,53,49,55,18,40,41,63,51,73,52,82,79,85,91,91,91,94,94,90,96,98,98,97,97,94,94,83,106,106,106,106,112,112,103,104,104,110,100,100,108,108,105,105,95],"items_purged":["Defend_G"],"gold":230,"score":1261,"play_id":"c2b6a8da-9e07-4d43-9b6a-2543d34f472c","local_time":"20180424185232","daily_mods":["Heirloom","Cursed Run","Elite Swarm"],"is_prod":false,"is_daily":true,"chose_seed":false,"is_ascension_mode":false,"campfire_upgraded":4,"timestamp":1524617552,"path_taken":["M","?","?","M","$","E","R","E","T","E","R","M","R","E","R","BOSS","M","?","?","?","$","E","R","E","T","E","M","E","R","M","R","BOSS","M","$","?","?","$","E","M","E","T","?","?","E","?","E","R","BOSS"],"build_version":"2018-04-19","seed_source_timestamp":0,"purchased_purges":2,"victory":true,"master_deck":["Defend_G","Defend_G","Strike_G+1","Strike_G","Survivor+1","Neutralize+1","All Out Attack","Sucker Punch","Tactician+1","Venomology+1","Pain","Die Die Die","Adrenaline+1","Parasite","Wraith Form v2+1","Quick Slash+1","Injury","Writhe","Riddle With Holes","Envenom","Injury","Die Die Die","Die Die Die","Predator+1","Decay","Tools of the Trade","Bullet Time+1","Burst+1","Dagger Throw+1","Bouncing Flask+1","Decay","Infinite Blades","Dramatic Entrance","Glass Knife+1","Adrenaline","Doubt","Jack Of All Trades","Secret Weapon","Mind Blast+1","Choke+1","Adrenaline","Wraith Form v2+1"],"max_hp_per_floor":[70,70,70,70,70,70,70,70,76,76,76,76,76,76,76,82,82,82,88,94,94,94,94,94,94,100,100,100,100,100,100,100,106,106,106,106,106,112,112,112,112,112,118,118,118,118,118,118,118,118],"relics":["Cursed Key","Darkstone Periapt","Du-Vu Doll","Bird Faced Urn","Peace Pipe","Blood Vial","Gremlin Horn","Mummified Hand","Whetstone","Orichalcum","Snecko Eye","Gambling Chip","Anchor","Meat on the Bone","Tough Bandages","Letter Opener","War Paint","Regal Pillow","Astrolabe","Shuriken","Old Coin","Juzu Bracelet","Molten Egg 2","Kunai","Bag of Marbles","Omamori","Snake Skull","Singing Bowl","Oddly Smooth Stone"],"card_choices":[{"not_picked":["Flying Knee","Endless Agony"],"picked":"All Out Attack","floor":1},{"not_picked":["Expertise","Crippling Poison"],"picked":"Sucker Punch","floor":4},{"not_picked":["A Thousand Cuts","Doppelganger"],"picked":"Tactician","floor":6},{"not_picked":["Phantasmal Killer","Corpse Explosion"],"picked":"Venomology","floor":8},{"not_picked":["Burst","Envenom"],"picked":"Die Die Die","floor":10},{"not_picked":["Unload","Die Die Die"],"picked":"Adrenaline","floor":14},{"not_picked":["Phantasmal Killer","Night Terror"],"picked":"Wraith Form v2","floor":16},{"not_picked":["Dodge and Roll","Backflip"],"picked":"Quick Slash","floor":18},{"not_picked":["Grand Finale","After Image"],"picked":"Envenom","floor":25},{"not_picked":["Tools of the Trade","Grand Finale"],"picked":"Die Die Die","floor":27},{"not_picked":["Envenom","Tactician"],"picked":"Die Die Die","floor":29},{"not_picked":["Malaise","Underhanded Strike"],"picked":"Predator","floor":31},{"not_picked":["Corpse Explosion","Grand Finale"],"picked":"Tools of the Trade","floor":33},{"not_picked":["Expertise","Dagger Throw"],"picked":"Bouncing Flask","floor":37},{"not_picked":["Phantasmal Killer","Grand Finale"],"picked":"Glass Knife","floor":40},{"not_picked":["Die Die Die","A Thousand Cuts"],"picked":"Adrenaline","floor":42},{"not_picked":["Secret Technique","Panacea"],"picked":"Jack Of All Trades","floor":44},{"not_picked":["Madness","Swift Strike"],"picked":"Secret Weapon","floor":44},{"not_picked":["Madness","Dramatic Entrance"],"picked":"Mind Blast","floor":44},{"not_picked":["Burst","Die Die Die"],"picked":"Adrenaline","floor":46},{"not_picked":["Night Terror","Envenom"],"picked":"Wraith Form v2","floor":48}],"player_experience":328469,"potions_floor_usage":[8,10,14,16,18,25,25,27,28,33,33,40,41,42],"damage_taken":[{"damage":0,"enemies":"Cultist","floor":1,"turns":4},{"damage":0,"enemies":"Small Slimes","floor":4,"turns":4},{"damage":24,"enemies":"Gremlin Nob","floor":6,"turns":6},{"damage":6,"enemies":"3 Sentries","floor":8,"turns":6},{"damage":39,"enemies":"Gremlin Nob","floor":10,"turns":5},{"damage":1,"enemies":"Jaw Worm","floor":12,"turns":2},{"damage":14,"enemies":"Lagavulin","floor":14,"turns":7},{"damage":29,"enemies":"The Guardian","floor":16,"turns":14},{"damage":3,"enemies":"2 Thieves","floor":18,"turns":4},{"damage":0,"enemies":"Gremlin Leader","floor":23,"turns":5},{"damage":4,"enemies":"Book of Stabbing","floor":25,"turns":4},{"damage":2,"enemies":"Slavers","floor":27,"turns":2},{"damage":2,"enemies":"Spheric Guardian","floor":28,"turns":2},{"damage":3,"enemies":"Book of Stabbing","floor":29,"turns":3},{"damage":9,"enemies":"Centurion and Healer","floor":31,"turns":3},{"damage":23,"enemies":"Automaton","floor":33,"turns":6},{"damage":0,"enemies":"Orb Walker","floor":35,"turns":2},{"damage":0,"enemies":"Mysterious Sphere","floor":37,"turns":2},{"damage":13,"enemies":"Giant Head","floor":40,"turns":6},{"damage":5,"enemies":"3 Darklings","floor":41,"turns":2},{"damage":2,"enemies":"2 Orb Walkers","floor":42,"turns":2},{"damage":0,"enemies":"Nemesis","floor":46,"turns":3},{"damage":5,"enemies":"2 Orb Walkers","floor":48,"turns":2},{"damage":18,"enemies":"Awakened One","floor":50,"turns":7}],"event_choices":[{"event_name":"Scrap Ooze","player_choice":"success","floor":2,"damage_taken":7},{"event_name":"Golden Wing","player_choice":"Card Removal","floor":3,"damage_taken":0},{"event_name":"The Mausoleum","player_choice":"Yes","floor":20,"damage_taken":0},{"event_name":"Beggar","player_choice":"Gave Gold","floor":21,"damage_taken":0},{"event_name":"Mysterious Sphere","player_choice":"Fight","floor":37,"damage_taken":0},{"event_name":"SensoryStone","player_choice":"Memory 3","floor":44,"damage_taken":0}],"boss_relics":[{"not_picked":["Velvet Choker","Orrery"],"picked":"Snecko Eye"},{"not_picked":["Runic Dome","Tiny House"],"picked":"Astrolabe"}],"potions_floor_spawned":[1,6,8,14,16,25,28,31,35,37,40],"seed_played":"-2659894328139620276","ascension_level":0,"is_trial":false}