{"gold_per_floor":[148,168,186,186,186,215,215,215,215,233,248,258,285,301,301,404,404,414,428,80,80,91,125,125,125,125,171,186,220,233,251,251,347,347,367,384,38,58,0,32,49,79,104,104,104,133,133,184,184,184],"floor_reached":51,"playtime":2675,"items_purged":["Strike_B"],"score":1040,"play_id":"41a8548b-cfce-4717-a2da-036338451ecc","local_time":"20180628195538","is_ascension_mode":true,"campfire_choices":[{"floor":8,"key":"REST"},{"data":"Hologram","floor":15,"key":"SMITH"},{"data":"Seek","floor":25,"key":"SMITH"},{"data":"Self Repair","floor":32,"key":"SMITH"},{"data":"Secret Weapon","floor":44,"key":"SMITH"},{"data":"Buffer","floor":49,"key":"SMITH"}],"neow_cost":"NONE","seed_source_timestamp":331299189114612,"circlet_count":0,"master_deck":["Strike_B+1","Strike_B","Defend_B","Defend_B","Defend_B","Defend_B","Zap","Dualcast","Hologram+1","Ball Lightning","Rip and Tear","Capacitor","Self Repair","Leap","Go for the Eyes","Skim","Glacier","Seek+1","Undo","Streamline","Mind Blast+1","Glacier","Hologram","Rainbow","Self Repair+1","Sunder+1","Buffer+1","Streamline+1","Hologram+1","Meteor Strike+1","Secret Weapon+1","Mind Blast+1"],"relics":["Cracked Core","Tiny Chest","Ornamental Fan","Potion Belt","Anchor","Omamori","Pear","Snecko Eye","Whetstone","Matryoshka","Bag of Preparation","DataDisk","Molten Egg 2","Bag of Marbles","Vajra","Pen Nib","Sozu","Red Mask","Dead Branch","Bronze Scales","Juzu Bracelet","Cables","Incense Burner"],"potions_floor_usage":[2,6,13,16,23,31,33,33,42],"damage_taken":[{"damage":0,"enemies":"Cultist","floor":1,"turns":3},{"damage":0,"enemies":"2 Louse","floor":2,"turns":3},{"damage":0,"enemies":"Small Slimes","floor":3,"turns":3},{"damage":8,"enemies":"Lagavulin","floor":6,"turns":5},{"damage":3,"enemies":"Blue Slaver","floor":10,"turns":2},{"damage":0,"enemies":"2 Fungi Beasts","floor":11,"turns":3},{"damage":0,"enemies":"Red Slaver","floor":12,"turns":3},{"damage":23,"enemies":"3 Sentries","floor":13,"turns":6},{"damage":3,"enemies":"Lots of Slimes","floor":14,"turns":4},{"damage":34,"enemies":"The Guardian","floor":16,"turns":15},{"damage":15,"enemies":"2 Thieves","floor":18,"turns":4},{"damage":0,"enemies":"Spheric Guardian","floor":19,"turns":3},{"damage":10,"enemies":"Snake Plant","floor":22,"turns":6},{"damage":38,"enemies":"Book of Stabbing","floor":23,"turns":8},{"damage":18,"enemies":"Sentry and Sphere","floor":28,"turns":5},{"damage":13,"enemies":"Gremlin Leader","floor":29,"turns":7},{"damage":0,"enemies":"Centurion and Healer","floor":30,"turns":8},{"damage":1,"enemies":"Slaver and Parasite","floor":31,"turns":5},{"damage":12,"enemies":"Automaton","floor":33,"turns":10},{"damage":0,"enemies":"3 Darklings","floor":35,"turns":5},{"damage":0,"enemies":"Orb Walker","floor":36,"turns":3},{"damage":13,"enemies":"Transient","floor":38,"turns":5},{"damage":0,"enemies":"2 Orb Walkers","floor":40,"turns":3},{"damage":0,"enemies":"Sphere and 2 Shapes","floor":41,"turns":1},{"damage":14,"enemies":"Nemesis","floor":42,"turns":5},{"damage":5,"enemies":"2 Orb Walkers","floor":46,"turns":3},{"damage":10,"floor":48,"turns":4},{"damage":0,"enemies":"Awakened One","floor":50,"turns":8}],"seed_played":"728382444849693175","potions_obtained":[{"floor":1,"key":"AttackPotion"},{"floor":3,"key":"Dexterity Potion"},{"floor":10,"key":"Strength Potion"},{"floor":11,"key":"Regen Potion"},{"floor":13,"key":"Regen Potion"},{"floor":29,"key":"Energy Potion"},{"floor":30,"key":"LiquidBronze"},{"floor":31,"key":"AttackPotion"},{"floor":33,"key":"Weak Potion"}],"is_trial":false,"path_per_floor":["M","M","M","T","?","E","?","R","T","M","M","M","E","M","R","B",null,"M","M","$","?","M","E","?","R","T","T","M","E","M","M","R","B",null,"M","M","$","M","?","E","M","E","T","R","?","E","$","?","R","B"],"character_chosen":"DEFECT","items_purchased":["Streamline","Mind Blast","Whetstone","Meteor Strike+1","Secret Weapon"],"campfire_rested":1,"item_purchase_floors":[20,20,20,37,37],"current_hp_per_floor":[75,75,75,75,57,49,42,64,64,61,68,75,69,66,66,54,85,77,77,77,77,74,58,58,58,58,58,40,34,48,61,61,56,85,85,85,85,79,79,85,85,85,85,85,75,85,85,75,75,85],"gold":184,"neow_bonus":"RANDOM_COMMON_RELIC","is_prod":false,"is_daily":false,"chose_seed":false,"campfire_upgraded":5,"win_rate":0,"timestamp":1530237338,"path_taken":["M","M","M","?","?","E","?","R","T","?","?","?","E","M","R","BOSS","M","M","$","?","M","E","?","R","T","?","?","E","M","?","R","BOSS","M","?","$","M","?","E","M","E","T","R","?","E","?","?","R","BOSS"],"build_version":"2018-06-28","purchased_purges":1,"victory":true,"max_hp_per_floor":[75,75,75,75,75,75,75,75,75,75,75,75,85,85,85,85,85,85,85,85,85,85,85,85,85,85,85,85,85,85,85,85,85,85,85,85,85,85,85,85,85,85,85,85,85,85,85,85,85,85],"card_choices":[{"not_picked":["Lockon","Static Discharge"],"picked":"Hologram","floor":1},{"not_picked":["Beam Cell","Stack"],"picked":"Ball Lightning","floor":2},{"not_picked":["Rebound","Steam"],"picked":"Rip and Tear","floor":3},{"not_picked":["Hello World","Stack"],"picked":"Capacitor","floor":6},{"not_picked":["Rebound","Gash"],"picked":"Self Repair","floor":10},{"not_picked":["Consume","Streamline"],"picked":"Leap","floor":11},{"not_picked":["Reprogram","Chaos"],"picked":"Go for the Eyes","floor":12},{"not_picked":["Lockon","Blizzard"],"picked":"Skim","floor":13},{"not_picked":["FTL","Gash"],"picked":"Glacier","floor":14},{"not_picked":["Core Surge","Meteor Strike"],"picked":"Seek","floor":16},{"not_picked":["Beam Cell","Steam","Leap"],"picked":"SKIP","floor":18},{"not_picked":["Redo","Coolheaded"],"picked":"Undo","floor":19},{"not_picked":["Turbo+1","Sweeping Beam+1"],"picked":"Hologram","floor":22},{"not_picked":["Steam","Reinforced Body"],"picked":"Rainbow","floor":23},{"not_picked":["Redo","White Noise"],"picked":"Self Repair","floor":28},{"not_picked":["Leap","Go for the Eyes+1","Compile Driver+1"],"picked":"SKIP","floor":29},{"not_picked":["Cold Snap+1","Hello World"],"picked":"Sunder+1","floor":30},{"not_picked":["Beam Cell+1","Cold Snap+1","Barrage+1"],"picked":"SKIP","floor":31},{"not_picked":["Reboot","Fission"],"picked":"Buffer","floor":33},{"not_picked":["Beam Cell+1","Redo+1"],"picked":"Streamline+1","floor":35},{"not_picked":["Leap+1","Ball Lightning+1"],"picked":"Hologram+1","floor":36},{"not_picked":["Barrage+1","Hello World+1","FTL+1"],"picked":"SKIP","floor":38},{"not_picked":["Tempest","Go for the Eyes+1","Beam Cell+1"],"picked":"SKIP","floor":40},{"not_picked":["Coolheaded+1","Cold Snap+1","Gash+1"],"picked":"SKIP","floor":41},{"not_picked":["Cold Snap+1","Multi-Cast","Recycle"],"picked":"SKIP","floor":42},{"not_picked":["Cold Snap+1","Multi-Cast","Recycle"],"picked":"SKIP","floor":42},{"not_picked":["Secret Technique","Dark Shackles"],"picked":"Mind Blast+1","floor":45},{"not_picked":["Melter+1","Cold Snap+1","Barrage+1"],"picked":"SKIP","floor":46}],"player_experience":416362,"relics_obtained":[{"floor":4,"key":"Ornamental Fan"},{"floor":6,"key":"Anchor"},{"floor":9,"key":"Omamori"},{"floor":13,"key":"Pear"},{"floor":23,"key":"Matryoshka"},{"floor":26,"key":"DataDisk"},{"floor":26,"key":"Molten Egg 2"},{"floor":27,"key":"Bag of Marbles"},{"floor":27,"key":"Vajra"},{"floor":29,"key":"Pen Nib"},{"floor":40,"key":"Dead Branch"},{"floor":42,"key":"Bronze Scales"},{"floor":43,"key":"Juzu Bracelet"},{"floor":46,"key":"Cables"},{"floor":48,"key":"Incense Burner"}],"event_choices":[{"event_name":"Scrap Ooze","player_choice":"success","floor":5,"damage_taken":18},{"event_name":"Golden Wing","player_choice":"Card Removal","floor":7,"damage_taken":0},{"event_name":"The Library","player_choice":"Read","floor":21,"damage_taken":0},{"event_name":"The Mausoleum","player_choice":"Yes","floor":24,"damage_taken":0},{"event_name":"Tomb of Lord Red Mask","player_choice":"Paid","floor":39,"damage_taken":0},{"event_name":"SensoryStone","player_choice":"Memory 3","floor":45,"damage_taken":0},{"event_name":"Mysterious Sphere","player_choice":"Fight","floor":48,"damage_taken":0}],"boss_relics":[{"not_picked":["Fusion Hammer","Tiny House"],"picked":"Snecko Eye"},{"not_picked":["Cursed Key","Astrolabe"],"picked":"Sozu"}],"items_purged_floors":[20],"is_endless":false,"potions_floor_spawned":[1,3,10,11,13,29,30,31,33,35,38,46],"ascension_level":3}