{"gold_per_floor":[119,134,149,164,178,213,213,247,273,273,290,324,338,136,136,236,236,250,239,253,253,263,263,274,292,292,292,292,292,309,309,309,309],"floor_reached":33,"playtime":1564,"items_purged":[],"score":398,"play_id":"b1762347-a2cc-4ac5-944a-ee5321c2be98","local_time":"20180701174954","is_ascension_mode":true,"campfire_choices":[{"floor":7.0,"key":"REST"},{"floor":10.0,"key":"DIG"},{"floor":15.0,"key":"DIG"},{"floor":23.0,"key":"REST"},{"floor":27,"key":"DIG"},{"floor":32,"key":"DIG"}],"neow_cost":"","seed_source_timestamp":0,"circlet_count":0,"master_deck":["Strike_R","Strike_R","Strike_R","Strike_R","Strike_R","Defend_R","Defend_R","Defend_R","Pommel Strike","Shockwave","Double Tap","Battle Trance","Shrug It Off","Flex","Perfected Strike","Pommel Strike","Wild Strike","Shrug It Off","Offering","Perfected Strike","Perfected Strike","Brutality"],"special_seed":17713,"relics":["Burning Blood","Strawberry","Shovel","Ancient Tea Set","Singing Bowl","Boot","Oddly Smooth Stone","Happy Flower","Mark of Pain","Dodecahedron","Bottled Flame","Unceasing Top"],"potions_floor_usage":[25,30,30,33],"damage_taken":[{"damage":18.0,"enemies":"Jaw Worm","floor":1.0,"turns":6.0},{"damage":1.0,"enemies":"Cultist","floor":2.0,"turns":3.0},{"damage":14.0,"enemies":"2 Louse","floor":3.0,"turns":4.0},{"damage":13.0,"enemies":"Gremlin Gang","floor":4.0,"turns":6.0},{"damage":9.0,"enemies":"Blue Slaver","floor":5.0,"turns":3.0},{"damage":27.0,"enemies":"Lagavulin","floor":6.0,"turns":6.0},{"damage":0.0,"enemies":"3 Sentries","floor":8.0,"turns":10.0},{"damage":13.0,"enemies":"Lots of Slimes","floor":11.0,"turns":5.0},{"damage":25.0,"enemies":"Lagavulin","floor":12.0,"turns":5.0},{"damage":1.0,"enemies":"3 Louse","floor":13.0,"turns":4.0},{"damage":43.0,"enemies":"The Guardian","floor":16.0,"turns":9.0},{"damage":21.0,"enemies":"Chosen","floor":18.0,"turns":5.0},{"damage":15.0,"enemies":"2 Thieves","floor":19.0,"turns":4.0},{"damage":22.0,"enemies":"Sentry and Sphere","floor":20.0,"turns":5.0},{"damage":11.0,"enemies":"Slaver and Parasite","floor":22.0,"turns":4.0},{"damage":4.0,"enemies":"Centurion and Healer","floor":24.0,"turns":2.0},{"damage":5,"enemies":"Snecko","floor":25,"turns":3},{"damage":11,"enemies":"Sentry and Sphere","floor":30,"turns":4},{"damage":84,"enemies":"Automaton","floor":33,"turns":6}],"seed_played":"-8851648875795215677","potions_obtained":[{"floor":3.0,"key":"LiquidBronze"},{"floor":5.0,"key":"Fire Potion"},{"floor":6.0,"key":"EssenceOfSteel"},{"floor":11.0,"key":"SkillPotion"},{"floor":13.0,"key":"AttackPotion"},{"floor":16.0,"key":"SkillPotion"},{"floor":18.0,"key":"EssenceOfSteel"},{"floor":24.0,"key":"BloodPotion"},{"floor":25,"key":"SkillPotion"},{"floor":28,"key":"Strength Potion"},{"floor":28,"key":"SpeedPotion"}],"is_trial":false,"path_per_floor":["M","M","M","M","M","E","R","E","T","R","M","E","M","$","R","B",null,"M","M","M","?","M","R","M","M","T","R","?","?","M","?","R"],"character_chosen":"IRONCLAD","items_purchased":["Oddly Smooth Stone","Shrug It Off"],"campfire_rested":2,"item_purchase_floors":[],"current_hp_per_floor":[68,73,65,58,55,41,67,73,73,73,66,47,52,52,52,15,69,56,49,33,33,30,57,61,73,73,73,73,73,70,70,70,0],"gold":309,"neow_bonus":"","is_prod":false,"is_daily":false,"chose_seed":false,"campfire_upgraded":0,"win_rate":0,"timestamp":1530488994,"path_taken":["M","M","M","M","M","E","R","E","T","R","M","E","M","$","R","BOSS","M","M","M","?","M","R","?","M","T","R","?","?","?","?","R","BOSS"],"build_version":"2018-06-29","purchased_purges":0,"victory":false,"max_hp_per_floor":[80,80,80,80,80,87,87,87,87,87,87,87,87,87,87,87,87,89,91,91,91,93,93,95,97,97,97,97,97,99,99,99,99],"card_choices":[{"not_picked":["Spot Weakness","Body Slam"],"picked":"Pommel Strike","floor":1.0},{"not_picked":["Clothesline","Sword Boomerang"],"picked":"Shockwave","floor":2.0},{"not_picked":["Flex","Feel No Pain"],"picked":"Double Tap","floor":3.0},{"not_picked":["Warcry","Entrench"],"picked":"Battle Trance","floor":4.0},{"not_picked":["Body Slam","Heavy Blade"],"picked":"Shrug It Off","floor":5.0},{"not_picked":["Juggernaut","Clothesline"],"picked":"Flex","floor":6.0},{"not_picked":["Flame Barrier","Hemokinesis","Cleave"],"picked":"SKIP","floor":8.0},{"not_picked":["True Grit","Rampage"],"picked":"Perfected Strike","floor":11.0},{"not_picked":["Hemokinesis","Sword Boomerang"],"picked":"Pommel Strike","floor":12.0},{"not_picked":["Inflame","Body Slam"],"picked":"Wild Strike","floor":13.0},{"not_picked":["Demon Form","Barricade"],"picked":"Offering","floor":16.0},{"not_picked":["Anger","Body Slam","Thunderclap"],"picked":"Singing Bowl","floor":18.0},{"not_picked":["Second Wind","Rupture+1","Pummel"],"picked":"Singing Bowl","floor":19.0},{"not_picked":["Havoc+1","Shrug It Off"],"picked":"Perfected Strike","floor":20.0},{"not_picked":["Combust","Metallicize","Cleave"],"picked":"Singing Bowl","floor":22.0},{"not_picked":["Armaments","Anger+1","Warcry"],"picked":"Singing Bowl","floor":24.0},{"not_picked":["Headbutt","Cleave+1","Thunderclap"],"picked":"Singing Bowl","floor":25},{"not_picked":["Headbutt","Disarm","Rupture"],"picked":"Singing Bowl","floor":30}],"player_experience":421612,"relics_obtained":[{"floor":6.0,"key":"Strawberry"},{"floor":8.0,"key":"Shovel"},{"floor":9.0,"key":"Ancient Tea Set"},{"floor":10.0,"key":"Singing Bowl"},{"floor":12.0,"key":"Boot"},{"floor":15.0,"key":"Happy Flower"},{"floor":26,"key":"Dodecahedron"},{"floor":27,"key":"Bottled Flame"},{"floor":32,"key":"Unceasing Top"}],"event_choices":[{"event_name":"Duplicator","player_choice":"One dupe","floor":21.0,"damage_taken":0.0},{"event_name":"The Lab","player_choice":"Got Potions","floor":28,"damage_taken":0},{"event_name":"Purifier","player_choice":"One Purge","floor":29,"damage_taken":0},{"event_name":"Transmorgrifier","player_choice":"Transform","floor":31,"damage_taken":0}],"boss_relics":[{"not_picked":["Runic Dome","Astrolabe"],"picked":"Mark of Pain"}],"items_purged_floors":[],"is_endless":false,"potions_floor_spawned":[3,5,6,11,13,16,18,24,25],"killed_by":"Automaton","ascension_level":5}