{"gold_per_floor":[117,117,41,52,127,127,141,141,141,167,167,195,243,259,259,355,355,355,355,355,355,263,263,263,263,263,29,29,29,29,29,29,29],"floor_reached":33,"playtime":1239,"items_purged":[],"score":544,"play_id":"61a4c00d-6fa2-4774-b48f-0e356a2de9cd","local_time":"20190116224154","is_ascension_mode":true,"campfire_choices":[{"data":"Body Slam","floor":6.0,"key":"SMITH"},{"floor":8.0,"key":"REST"},{"data":"Wild Strike","floor":11.0,"key":"SMITH"},{"data":"True Grit","floor":15.0,"key":"SMITH"},{"data":"Flame Barrier","floor":30.0,"key":"SMITH"},{"data":"Whirlwind","floor":32.0,"key":"SMITH"}],"neow_cost":"NONE","seed_source_timestamp":0,"circlet_count":0,"master_deck":["AscendersBane","Strike_R","Strike_R","Strike_R","Strike_R","Strike_R","Defend_R","Defend_R+1","Defend_R","Defend_R+1","Bash","Wild Strike+1","Twin Strike","True Grit+1","Body Slam+1","Flame Barrier+1","Battle Trance","Cleave","Impervious","Pommel Strike","Armaments+1","Whirlwind+1","Good Instincts","True Grit","Pummel","Impervious","Dark Shackles","Offering","Battle Trance"],"special_seed":0,"relics":["Burning Blood","Ancient Tea Set","Red Skull","Strawberry","Omamori","Art of War","Ectoplasm","Paper Frog","Vajra","Incense Burner","Anchor"],"potions_floor_usage":[33,33],"damage_taken":[{"damage":14.0,"enemies":"Cultist","floor":1.0,"turns":5.0},{"damage":0.0,"enemies":"Small Slimes","floor":4.0,"turns":4.0},{"damage":2.0,"enemies":"Jaw Worm","floor":7.0,"turns":2.0},{"damage":12.0,"enemies":"3 Sentries","floor":10.0,"turns":10.0},{"damage":40.0,"enemies":"Lagavulin","floor":12.0,"turns":4.0},{"damage":3.0,"enemies":"Large Slime","floor":14.0,"turns":4.0},{"damage":22.0,"enemies":"The Guardian","floor":16.0,"turns":8.0},{"damage":22.0,"enemies":"Spheric Guardian","floor":18.0,"turns":4.0},{"damage":16.0,"enemies":"Shell Parasite","floor":20.0,"turns":3.0},{"damage":13.0,"enemies":"Snake Plant","floor":21.0,"turns":3.0},{"damage":5.0,"enemies":"Gremlin Leader","floor":23.0,"turns":5.0},{"damage":0.0,"enemies":"Centurion and Healer","floor":24.0,"turns":5.0},{"damage":19.0,"enemies":"Slavers","floor":25.0,"turns":4.0},{"damage":0.0,"enemies":"Cultist and Chosen","floor":28.0,"turns":3.0},{"damage":0.0,"enemies":"Book of Stabbing","floor":29.0,"turns":4.0},{"damage":6.0,"enemies":"Snake Plant","floor":31.0,"turns":1.0},{"damage":75,"enemies":"Collector","floor":33,"turns":7}],"seed_played":"-2601603088100205391","potions_obtained":[{"floor":7.0,"key":"AttackPotion"},{"floor":12.0,"key":"BloodPotion"},{"floor":14.0,"key":"AttackPotion"},{"floor":20.0,"key":"Ancient Potion"},{"floor":21.0,"key":"Strength Potion"},{"floor":23.0,"key":"SteroidPotion"}],"is_trial":false,"path_per_floor":["M","?","$","M","?","R","M","R","T","E","R","E","T","M","R","B",null,"M","$","M","M","$","E","M","E","T","$","M","E","R","M","R","B"],"character_chosen":"IRONCLAD","items_purchased":["Twin Strike","True Grit","Good Instincts","Impervious","Dark Shackles"],"campfire_rested":1,"item_purchase_floors":[3,3,22,27,27],"current_hp_per_floor":[64,48,48,54,43,43,47,71,71,72,72,38,38,41,41,25,72,56,56,46,39,39,40,46,33,33,33,39,45,45,45,45,0],"gold":29,"neow_bonus":"RANDOM_COMMON_RELIC","is_prod":false,"is_daily":false,"chose_seed":false,"campfire_upgraded":5,"win_rate":0,"timestamp":1547678514,"path_taken":["M","?","$","M","?","R","M","R","T","E","R","E","?","M","R","BOSS","M","$","M","M","$","E","M","E","T","$","M","E","R","M","R","BOSS"],"build_version":"2019-01-10","purchased_purges":0,"victory":false,"max_hp_per_floor":[80,80,80,80,80,80,80,80,80,87,87,87,87,87,87,87,87,87,87,87,87,87,87,87,87,87,87,87,87,87,87,87,87],"card_choices":[{"not_picked":["Iron Wave","Flex"],"picked":"Wild Strike","floor":1.0},{"not_picked":["Warcry","Disarm"],"picked":"Body Slam","floor":4.0},{"not_picked":["True Grit","Armaments"],"picked":"Flame Barrier","floor":7.0},{"not_picked":["Disarm","Rampage"],"picked":"Battle Trance","floor":10.0},{"not_picked":["Whirlwind","Havoc","Bludgeon"],"picked":"SKIP","floor":12.0},{"not_picked":["Sever Soul","Flex"],"picked":"Cleave","floor":14.0},{"not_picked":["Feed","Barricade"],"picked":"Impervious","floor":16.0},{"not_picked":["Clothesline","Evolve"],"picked":"Pommel Strike","floor":18.0},{"not_picked":["Heavy Blade","Searing Blow"],"picked":"Armaments+1","floor":20.0},{"not_picked":["Heavy Blade","Clash"],"picked":"Whirlwind","floor":21.0},{"not_picked":["Wild Strike","Twin Strike","Evolve"],"picked":"SKIP","floor":23.0},{"not_picked":["Sword Boomerang","Cleave"],"picked":"True Grit","floor":24.0},{"not_picked":["Havoc","Flame Barrier+1"],"picked":"Pummel","floor":25.0},{"not_picked":["Disarm+1","Corruption+1","Wild Strike"],"picked":"SKIP","floor":28.0},{"not_picked":["Flame Barrier","Exhume"],"picked":"Offering","floor":29.0},{"not_picked":["True Grit","Warcry"],"picked":"Battle Trance","floor":31.0}],"player_experience":376919,"relics_obtained":[{"floor":9.0,"key":"Red Skull"},{"floor":10.0,"key":"Strawberry"},{"floor":12.0,"key":"Omamori"},{"floor":13.0,"key":"Art of War"},{"floor":23.0,"key":"Paper Frog"},{"floor":25.0,"key":"Vajra"},{"floor":26.0,"key":"Incense Burner"},{"floor":29.0,"key":"Anchor"}],"event_choices":[{"damage_healed":0.0,"max_hp_gain":0.0,"max_hp_loss":0.0,"gold_gain":0.0,"event_name":"Shining Light","player_choice":"Entered Light","floor":2.0,"gold_loss":0.0,"damage_taken":16.0,"cards_upgraded":["Defend_R","Defend_R"]},{"damage_healed":0.0,"max_hp_gain":0.0,"max_hp_loss":0.0,"gold_gain":75.0,"event_name":"World of Goop","player_choice":"Gather Gold","floor":5.0,"gold_loss":0.0,"damage_taken":11.0}],"is_beta":false,"boss_relics":[{"not_picked":["Runic Pyramid","Runic Cube"],"picked":"Ectoplasm"}],"items_purged_floors":[],"is_endless":false,"potions_floor_spawned":[7,12,14,20,21,23],"killed_by":"Collector","ascension_level":12}