{"path_per_floor":["M","?","M","M","?","E","R","E","T","R","T","R","E","M","R","B",null,"M","?","M","?","M","E","$","?","T","M","R","$","M","E","R","B",null,"M","M","?","T","$","R","E","?","T","E","?","R","E","$","R","B"],"character_chosen":"IRONCLAD","items_purchased":["Lantern","Heavy Blade","Inflame","Shrug It Off","Pear","Double Tap","Apotheosis"],"gold_per_floor":[112,112,125,136,136,166,166,194,274,274,321,321,348,360,360,464,464,484,484,501,501,511,545,170,170,170,190,490,132,146,177,177,282,282,295,315,315,315,111,111,139,139,139,165,165,165,198,21,51,51],"floor_reached":51,"campfire_rested":1,"playtime":2625,"current_hp_per_floor":[78,62,68,74,74,67,67,49,49,73,73,73,75,77,77,67,77,79,79,71,56,36,15,15,15,15,21,21,31,43,56,56,39,62,70,74,74,74,74,74,76,76,76,76,66,66,78,78,78,70],"items_purged":["Writhe","Defend_R","Writhe"],"gold":51,"score":1011,"play_id":"fa744352-ae8e-4b0e-98eb-df1149ad8870","is_prod":false,"is_daily":false,"is_ascension_mode":true,"campfire_upgraded":3,"path_taken":["M","?","M","?","?","E","R","E","T","R","?","R","E","M","R","BOSS","M","?","M","?","?","E","$","?","T","M","R","?","M","E","R","BOSS","M","M","?","?","$","R","E","?","T","E","?","R","E","$","R","BOSS"],"build_version":"2018-02-22-PROD2","purchased_purges":4,"victory":true,"master_deck":["Defend_R","Defend_R","Defend_R","Bash+1","Shrug It Off","Body Slam+1","Offering+1","Rupture","Body Slam+1","Demon Form","Limit Break","Cleave","Bite","Bite","Bite","Bite","Bite","Heavy Blade","Inflame","Shrug It Off","Shrug It Off","Ghostly Armor+1","Double Tap","Offering+1","Decay","Bloodletting+1","Madness","Madness","Apotheosis"],"max_hp_per_floor":[80,80,80,80,80,80,80,80,80,80,80,80,80,80,80,80,80,80,80,80,56,56,56,56,56,56,56,56,66,66,68,68,70,70,72,74,74,74,74,74,76,76,76,76,76,76,78,78,78,78],"relics":["Burning Blood","Anchor","Torii","Bottled Lightning","Toolbox","Ancient Tea Set","Gremlin Horn","Philosopher\u0027s Stone","Mummified Hand","Shovel","Lantern","Girya","Old Coin","Pear","Singing Bowl","Bag of Preparation","Cursed Key","Charon\u0027s Ashes","Letter Opener","Bronze Scales","Magic Flower","Meat on the Bone","Calipers","Centennial Puzzle","Tiny Chest"],"card_choices":[{"not_picked":["Cleave","Iron Wave"],"picked":"Perfected Strike"},{"not_picked":["Clash","Disarm"],"picked":"Shrug It Off"},{"not_picked":["Flex","Havoc"],"picked":"Body Slam"},{"not_picked":["Second Wind","Bloodletting"],"picked":"Offering"},{"not_picked":["Second Wind","Headbutt"],"picked":"Rupture"},{"not_picked":["Pommel Strike","Twin Strike"],"picked":"Body Slam"},{"not_picked":["Disarm","Cleave"],"picked":"Demon Form"},{"not_picked":["Reaper","Brutality"],"picked":"Limit Break"},{"not_picked":["Flame Barrier","Entrench"],"picked":"Cleave"},{"not_picked":["Clash","Clothesline"],"picked":"Shrug It Off"},{"not_picked":["Armaments","Entrench"],"picked":"Ghostly Armor"},{"not_picked":["Armaments","Feel No Pain"],"picked":"Bloodletting"}],"player_experience":146984,"potions_floor_usage":[6,16,31,33,33,50],"damage_taken":[{"damage":0,"enemies":"2 Louse","floor":1,"turns":2},{"damage":0,"enemies":"Small Slimes","floor":3,"turns":3},{"damage":0,"enemies":"Jaw Worm","floor":4,"turns":3},{"damage":13,"enemies":"3 Sentries","floor":6,"turns":8},{"damage":24,"enemies":"Lagavulin","floor":8,"turns":5},{"damage":4,"enemies":"Gremlin Nob","floor":13,"turns":1},{"damage":4,"enemies":"Red Slaver","floor":14,"turns":2},{"damage":16,"enemies":"Slime Boss","floor":16,"turns":7},{"damage":4,"enemies":"2 Thieves","floor":18,"turns":3},{"damage":18,"enemies":"Chosen","floor":20,"turns":3},{"damage":36,"enemies":"Snecko","floor":22,"turns":4},{"damage":41,"enemies":"Book of Stabbing","floor":23,"turns":4},{"damage":4,"enemies":"Snake Plant","floor":27,"turns":2},{"damage":4,"enemies":"Cultist and Chosen","floor":30,"turns":3},{"damage":5,"enemies":"Slavers","floor":31,"turns":3},{"damage":50,"enemies":"Automaton","floor":33,"turns":7},{"damage":4,"enemies":"Orb Walker","floor":35,"turns":1},{"damage":4,"enemies":"3 Shapes","floor":36,"turns":1},{"damage":4,"enemies":"Nemesis","floor":41,"turns":1},{"damage":8,"enemies":"2 Orb Walkers","floor":44,"turns":1},{"damage":8,"enemies":"Giant Head","floor":47,"turns":3},{"damage":25,"enemies":"Donu and Deca","floor":50,"turns":7}],"event_choices":[{"event_name":"Shining Light","player_choice":"Entered Light","floor":2,"damage_taken":0},{"event_name":"Liars Game","player_choice":"disagreed","floor":5,"damage_taken":0},{"event_name":"The Mausoleum","player_choice":"Yes","floor":19,"damage_taken":0},{"event_name":"Vampires","player_choice":"Became a vampire","floor":21,"damage_taken":0},{"event_name":"Back to Basics","player_choice":"Elegance","floor":25,"damage_taken":0},{"event_name":"Tomb of Lord Red Mask","player_choice":"Ignored","floor":37,"damage_taken":0},{"event_name":"Duplicator","player_choice":"One dupe","floor":42,"damage_taken":0},{"event_name":"Winding Halls","player_choice":"Embrace Madness","floor":45,"damage_taken":0}],"boss_relics":[{"not_picked":["Astrolabe","Velvet Choker"],"picked":"Philosopher\u0027s Stone"},{"not_picked":["Lizard Tail","Runic Pyramid"],"picked":"Cursed Key"}],"potions_floor_spawned":[3,4,20,23,27,30,31,35,41,44],"seed_played":"8355425736012445043","ascension_level":7,"is_trial":false}