{"path_per_floor":["M","M","M","M","?","E","?","E","T","E","M","E","M","?","R","B",null,"M","?","M","?","$","R","E","R","T","E","R","$","M","E","R","B",null,"M","?","?","$","M","E","M","E","T","E","R","E","M","$","R","B"],"character_chosen":"THE_SILENT","items_purchased":["Toolbox","Backstab","Infinite Blades","Accuracy","Backflip","Ornamental Fan","Terror","Dark Shackles","Madness"],"gold_per_floor":[114,129,144,159,159,189,189,219,219,249,264,294,309,384,384,484,484,499,499,514,514,74,74,104,104,104,134,134,64,79,109,109,209,209,224,224,235,134,149,179,194,224,524,554,554,584,599,112,112,112],"floor_reached":51,"campfire_rested":1,"playtime":5969,"current_hp_per_floor":[70,70,70,69,69,53,39,17,23,20,20,20,20,9,31,33,82,80,80,76,82,82,88,76,86,92,91,94,94,94,94,104,100,128,130,136,129,129,130,134,138,134,140,146,153,153,142,142,155,153],"items_purged":["Strike_G","Strike_G","Strike_G"],"gold":112,"score":1151,"play_id":"49012cba-b342-4299-a58c-f8fc114ff927","local_time":"20180325183128","daily_mods":["Heirloom","Cursed Run","Elite Swarm"],"is_prod":false,"is_daily":true,"is_ascension_mode":false,"campfire_upgraded":0,"timestamp":1521995488,"path_taken":["M","M","M","M","?","E","?","E","T","E","M","E","M","?","R","BOSS","M","?","M","?","$","R","E","R","T","E","R","$","?","E","R","BOSS","M","?","?","$","M","E","M","E","T","E","R","E","M","$","R","BOSS"],"build_version":"2018-03-22v2","purchased_purges":4,"victory":true,"master_deck":["Defend_G+1","Defend_G+1","Defend_G+1","Defend_G+1","Defend_G+1","Strike_G+1","Survivor","Neutralize","Blur+1","Malaise","Wraith Form","Prepared","Adrenaline","Die Die Die+1","Clumsy","Adrenaline","Die Die Die","Dash","Pain","Tools of the Trade","Skewer+1","Leg Sweep","Decay","Backstab+1","Infinite Blades","Tools of the Trade","Parasite","Storm of Steel+1","Accuracy","Noxious Fumes","Die Die Die","Regret","Doppelganger+1","Normality","Decay","Clumsy","Writhe","PiercingWail+1","Backflip+1","Blade Dance+1","Footwork","Bullet Time+1","Writhe","Adrenaline+1","Terror+1","Dark Shackles+1","Madness+1","Doubt"],"max_hp_per_floor":[70,70,70,70,70,70,70,70,76,76,76,76,76,76,76,82,82,82,82,82,88,88,88,88,88,94,94,94,94,94,94,104,110,128,130,136,136,136,136,138,138,138,144,146,153,153,155,155,155,161],"relics":["Cursed Key","Darkstone Periapt","Du-Vu Doll","Girya","Dead Branch","Shovel","Bronze Scales","Orichalcum","Vajra","Eternal Feather","Toolbox","Dodecahedron","Oddly Smooth Stone","Whetstone","Bird Faced Urn","Toxic Egg 2","Singing Bowl","Ancient Tea Set","Pear","Calling Bell","Bag of Preparation","The Courier","Dream Catcher","Ginger","Blood Vial","Kunai","Old Coin","Pantograph","Strawberry","Art of War","Ornamental Fan","Torii"],"card_choices":[{"not_picked":["Deflect","Eviscerate"],"picked":"Blur","floor":1},{"not_picked":["Dagger Throw","Poisoned Stab"],"picked":"Malaise","floor":2},{"not_picked":["Choke","Dodge and Roll"],"picked":"Wraith Form","floor":3},{"not_picked":["Predator","Endless Agony"],"picked":"Prepared","floor":4},{"not_picked":["Venomology","Bullet Time"],"picked":"Adrenaline","floor":6},{"not_picked":["Corpse Explosion","Phantasmal Killer"],"picked":"Die Die Die","floor":8},{"not_picked":["Night Terror","After Image"],"picked":"Adrenaline","floor":10},{"not_picked":["Storm of Steel","Bullet Time"],"picked":"Die Die Die","floor":12},{"not_picked":["Dagger Spray","Quick Slash"],"picked":"Dash","floor":13},{"not_picked":["Envenom","Bullet Time"],"picked":"Tools of the Trade","floor":16},{"not_picked":["Bane","Accuracy"],"picked":"Skewer","floor":18},{"not_picked":["Prepared","Deadly Poison"],"picked":"Leg Sweep","floor":20},{"not_picked":["Corpse Explosion","Storm of Steel"],"picked":"Tools of the Trade","floor":24},{"not_picked":["Unload","Envenom"],"picked":"Storm of Steel","floor":27},{"not_picked":["Flying Knee","Deflect"],"picked":"Noxious Fumes","floor":30},{"not_picked":["Wraith Form","Envenom"],"picked":"Die Die Die","floor":31},{"not_picked":["Night Terror","Grand Finale"],"picked":"Doppelganger","floor":33},{"not_picked":["Bane","Choke"],"picked":"PiercingWail","floor":37},{"not_picked":["Crippling Poison","Deadly Poison"],"picked":"Blade Dance","floor":39},{"not_picked":["Flying Knee","Slice"],"picked":"Footwork","floor":41},{"not_picked":["A Thousand Cuts","Doppelganger"],"picked":"Bullet Time","floor":42},{"not_picked":["Burst","Tools of the Trade"],"picked":"Adrenaline","floor":46}],"player_experience":189668,"potions_floor_usage":[6,8,13,16,24,27,31,31,41,50,50],"damage_taken":[{"damage":0,"enemies":"Jaw Worm","floor":1,"turns":5},{"damage":0,"enemies":"Cultist","floor":2,"turns":4},{"damage":0,"enemies":"2 Louse","floor":3,"turns":5},{"damage":1,"enemies":"Blue Slaver","floor":4,"turns":5},{"damage":16,"enemies":"3 Sentries","floor":6,"turns":14},{"damage":37,"enemies":"Gremlin Nob","floor":8,"turns":8},{"damage":3,"enemies":"3 Sentries","floor":10,"turns":5},{"damage":0,"enemies":"3 Louse","floor":11,"turns":1},{"damage":0,"enemies":"Lagavulin","floor":12,"turns":5},{"damage":0,"enemies":"Exordium Thugs","floor":13,"turns":3},{"damage":4,"enemies":"Slime Boss","floor":16,"turns":8},{"damage":2,"enemies":"Spheric Guardian","floor":18,"turns":3},{"damage":4,"enemies":"3 Byrds","floor":20,"turns":2},{"damage":12,"enemies":"Book of Stabbing","floor":24,"turns":3},{"damage":3,"enemies":"Slavers","floor":27,"turns":3},{"damage":0,"enemies":"Snake Plant","floor":30,"turns":2},{"damage":0,"enemies":"Gremlin Leader","floor":31,"turns":6},{"damage":12,"enemies":"Collector","floor":33,"turns":4},{"damage":0,"enemies":"Orb Walker","floor":35,"turns":1},{"damage":9,"enemies":"Mysterious Sphere","floor":37,"turns":2},{"damage":3,"enemies":"3 Darklings","floor":39,"turns":2},{"damage":0,"enemies":"2 Orb Walkers","floor":40,"turns":2},{"damage":1,"enemies":"4 Shapes","floor":41,"turns":5},{"damage":10,"enemies":"Giant Head","floor":42,"turns":4},{"damage":0,"enemies":"2 Orb Walkers","floor":44,"turns":1},{"damage":2,"enemies":"Giant Head","floor":46,"turns":5},{"damage":17,"enemies":"Maw","floor":47,"turns":4},{"damage":17,"enemies":"Awakened One","floor":50,"turns":11}],"event_choices":[{"event_name":"Purifier","player_choice":"One Purge","floor":5,"damage_taken":0},{"event_name":"Shining Light","player_choice":"Entered Light","floor":7,"damage_taken":0},{"event_name":"World of Goop","player_choice":"Gather Gold","floor":14,"damage_taken":0},{"event_name":"Back to Basics","player_choice":"Simplicity","floor":19,"damage_taken":0},{"event_name":"Forgotten Altar","player_choice":"Smashed Altar","floor":21,"damage_taken":0},{"event_name":"Winding Halls","player_choice":"Writhe","floor":36,"damage_taken":0},{"event_name":"Mysterious Sphere","player_choice":"Fight","floor":37,"damage_taken":0}],"boss_relics":[{"not_picked":["White Beast Statue","Lizard Tail"],"picked":"Eternal Feather"},{"not_picked":["Pandora\u0027s Box","Runic Dome"],"picked":"Calling Bell"}],"potions_floor_spawned":[1,4,8,11,12,16,18,27,30,40,41,42,46],"seed_played":"-458385073084776932","ascension_level":0,"is_trial":false}