{"path_per_floor":["M","?","M","?","?","R","E","R","T","M","M","E","M","M","R","B",null,"M","M","M","?","?","R","E","?","T","R","T","R","M","E","R"],"character_chosen":"IRONCLAD","items_purchased":[],"gold_per_floor":[117,117,132,102,102,102,127,127,201,214,233,268,282,300,300,403,433,445,461,476,476,401,401,430,430,430,430,455,455,468,503,503],"floor_reached":33,"campfire_rested":2,"playtime":3279,"current_hp_per_floor":[80,85,78,78,78,78,50,50,50,56,62,54,60,59,84,48,90,90,89,66,66,66,66,51,51,51,51,51,51,57,32,75],"items_purged":[],"gold":503,"score":320,"play_id":"00c340f7-2cc5-4837-95e4-fd394dcf46e6","is_prod":false,"is_daily":false,"is_ascension_mode":false,"campfire_upgraded":3,"path_taken":["M","?","M","?","?","R","E","R","T","?","M","E","M","M","R","BOSS","M","M","M","?","?","R","E","?","T","R","?","R","M","E","R","BOSS"],"build_version":"2018-02-15-PROD1","purchased_purges":0,"victory":false,"master_deck":["Strike_R+1","Strike_R+1","Strike_R+1","Strike_R+1","Strike_R+1","Defend_R+1","Defend_R+1","Defend_R+1","Bash","Iron Wave+1","Perfected Strike+1","Rupture","Infernal Blade","Pommel Strike","Pommel Strike","Cleave","Blood for Blood","Feed","Warcry","Perfected Strike+1","Offering","Hemokinesis","Twin Strike","Twin Strike"],"max_hp_per_floor":[80,85,85,85,85,85,85,85,85,85,85,85,85,85,85,85,90,90,90,90,90,90,90,93,93,93,93,93,93,96,96,96],"relics":["Burning Blood","Orichalcum","Shuriken","Ancient Tea Set","Tiny House","Peace Pipe","Girya","Regal Pillow","Anchor"],"card_choices":[{"not_picked":["Warcry","Twin Strike"],"picked":"Iron Wave"},{"not_picked":["Headbutt","Sword Boomerang"],"picked":"Perfected Strike"},{"not_picked":["Flex","Whirlwind"],"picked":"Rupture"},{"not_picked":["Impervious","Flame Barrier"],"picked":"Infernal Blade"},{"not_picked":["Anger","Feel No Pain"],"picked":"Pommel Strike"},{"not_picked":["Battle Trance","Anger"],"picked":"Pommel Strike"},{"not_picked":["Armaments","True Grit"],"picked":"Cleave"},{"not_picked":["Inflame","Cleave"],"picked":"Blood for Blood"},{"not_picked":["Brutality","Offering"],"picked":"Feed"},{"not_picked":["Dual Wield","Pummel"],"picked":"Warcry"},{"not_picked":["Second Wind","Cleave"],"picked":"Perfected Strike"},{"not_picked":["Warcry","Body Slam"],"picked":"Offering"},{"not_picked":["Flame Barrier","Anger"],"picked":"Hemokinesis"},{"not_picked":["Warcry","Juggernaut"],"picked":"Twin Strike"},{"not_picked":["Bloodletting","Body Slam"],"picked":"Twin Strike"}],"player_experience":0,"potions_floor_usage":[16,16,19,19,31,33],"damage_taken":[{"damage":0,"enemies":"Small Slimes","floor":1,"turns":3},{"damage":13,"enemies":"Jaw Worm","floor":3,"turns":3},{"damage":34,"enemies":"3 Sentries","floor":7,"turns":10},{"damage":0,"enemies":"Cultist","floor":10,"turns":2},{"damage":0,"enemies":"Large Slime","floor":11,"turns":4},{"damage":14,"enemies":"Gremlin Nob","floor":12,"turns":4},{"damage":0,"enemies":"Gremlin Gang","floor":13,"turns":4},{"damage":7,"enemies":"3 Louse","floor":14,"turns":3},{"damage":42,"enemies":"The Guardian","floor":16,"turns":6},{"damage":4,"enemies":"Chosen","floor":18,"turns":3},{"damage":7,"enemies":"2 Thieves","floor":19,"turns":3},{"damage":29,"enemies":"Cultist and Chosen","floor":20,"turns":5},{"damage":24,"enemies":"Slavers","floor":24,"turns":3},{"damage":3,"enemies":"3 Cultists","floor":30,"turns":4},{"damage":31,"enemies":"Book of Stabbing","floor":31,"turns":4},{"damage":80,"enemies":"Champ","floor":33,"turns":7}],"event_choices":[{"event_name":"Big Fish","player_choice":"Donut","floor":2,"damage_taken":0},{"event_name":"The Woman in Blue","player_choice":"Bought 2 Potions","floor":4,"damage_taken":0},{"event_name":"The Lab","player_choice":"Got Potions","floor":5,"damage_taken":0},{"event_name":"Vampires","player_choice":"Ignored","floor":21,"damage_taken":0},{"event_name":"Beggar","player_choice":"Gave Gold","floor":22,"damage_taken":0},{"event_name":"Back to Basics","player_choice":"Simplicity","floor":25,"damage_taken":0}],"boss_relics":[{"not_picked":["White Beast Statue","Runic Cube"],"picked":"Tiny House"}],"potions_floor_spawned":[3,7,16,19,24,30],"seed_played":"6310534718630399572","killed_by":"Champ","ascension_level":0,"is_trial":false}