{"path_per_floor":["M","?","M","?","M","E","M","R","T","M","E","$","R","M","R","B",null,"M","?","M","M","$","E","R"],"character_chosen":"IRONCLAD","items_purchased":["Dual Wield","Matryoshka","Mummified Hand"],"gold_per_floor":[109,109,128,128,141,472,482,482,482,492,523,150,150,161,161,258,258,271,271,291,308,52,79,79],"floor_reached":25,"campfire_rested":1,"playtime":2853,"current_hp_per_floor":[80,80,75,59,65,46,50,50,50,54,28,28,28,30,54,46,80,70,70,41,52,52,59,59],"items_purged":["Defend_R"],"gold":79,"play_id":"55658488-e71c-4de7-ad63-9d07b670ccfa","is_prod":false,"is_daily":false,"campfire_rituals":0,"campfire_upgraded":3,"is_hardmode":false,"path_taken":["M","?","M","?","M","E","M","R","T","M","E","$","R","M","R","BOSS","M","?","?","M","$","E","R","M"],"build_version":"2018-01-11-PROD2","purchased_purges":1,"victory":false,"master_deck":["Strike_R","Strike_R","Strike_R","Strike_R","Defend_R","Defend_R","Defend_R","Bash","Pommel Strike","Spot Weakness","Body Slam","Rage","Disarm","Metallicize","Shrug It Off","Dual Wield","Impervious","Injury"],"max_hp_per_floor":[80,80,80,80,80,80,80,80,80,80,80,80,80,80,80,80,80,80,80,80,80,80,80,80],"relics":["Black Blood","Old Coin","Gambling Chip","Art of War","Matryoshka","Mummified Hand","Dream Catcher"],"campfire_meditates":0,"card_choices":[{"not_picked":["Reckless Charge","Clothesline"],"picked":"Pommel Strike"},{"not_picked":["Carnage","True Grit"],"picked":"Spot Weakness"},{"not_picked":["Reckless Charge","Warcry"],"picked":"Body Slam"},{"not_picked":["Rupture","Shockwave"],"picked":"Rage"},{"not_picked":["Wild Strike","Spot Weakness"],"picked":"Disarm"},{"not_picked":["Pommel Strike","Rage"],"picked":"Metallicize"},{"not_picked":["Iron Wave","Evolve"],"picked":"Shrug It Off"},{"not_picked":["Dark Embrace","Offering"],"picked":"Impervious"}],"player_experience":218525,"potions_floor_usage":[6,6,6,11,14,21],"damage_taken":[{"damage":5,"enemies":"Jaw Worm","floor":1,"turns":4},{"damage":11,"enemies":"Blue Slaver","floor":3,"turns":6},{"damage":0,"enemies":"Cultist","floor":5,"turns":3},{"damage":25,"enemies":"3 Sentries","floor":6,"turns":5},{"damage":2,"enemies":"Looter","floor":7,"turns":3},{"damage":2,"enemies":"3 Louse","floor":10,"turns":4},{"damage":32,"enemies":"Gremlin Nob","floor":11,"turns":5},{"damage":4,"enemies":"Exordium Thugs","floor":14,"turns":6},{"damage":14,"enemies":"Hexaghost","floor":16,"turns":14},{"damage":20,"enemies":"Shell Parasite","floor":18,"turns":4},{"damage":39,"enemies":"3 Byrds","floor":20,"turns":8},{"damage":14,"enemies":"Snake Plant","floor":21,"turns":8},{"damage":3,"enemies":"Book of Stabbing","floor":23,"turns":5},{"damage":70,"enemies":"3 Cultists","floor":25,"turns":6}],"event_choices":[{"event_name":"The Lab","player_choice":"Got Potions","floor":2,"damage_taken":0},{"event_name":"Shining Light","player_choice":"Entered Light","floor":4,"damage_taken":0},{"event_name":"Accursed Blacksmith","player_choice":"Forge","floor":19,"damage_taken":0}],"boss_relics":[{"not_picked":["Snecko Eye","Pandora\u0027s Box"],"picked":"Black Blood"}],"potions_floor_spawned":[5,7,10,11,14,16,23],"seed_played":"-4707758358771197472","killed_by":"3 Cultists","is_trial":false}