{"path_per_floor":["M","?","M","M","?","E","R","E","T","E","M","E","$","E","R","B",null,"M","?","?","M","M","E","$","E","T","?","R","E","M","E","R","B",null,"M","$","M","?","?","E","?","E","T","R","E","M","M","E","R","B"],"character_chosen":"THE_SILENT","items_purchased":["Strawberry","Orichalcum","Well Laid Plans","Underhanded Strike"],"gold_per_floor":[114,114,133,152,152,190,190,228,303,341,360,398,98,136,136,261,261,216,216,131,131,131,131,26,26,26,26,26,26,26,26,26,26,26,26,26,26,26,26,26,26,26,26,26,26,26,26,26,26,26],"floor_reached":51,"campfire_rested":3,"playtime":2629,"current_hp_per_floor":[68,51,51,50,25,25,43,35,35,14,12,12,19,19,37,28,59,54,54,54,54,54,53,52,50,50,49,48,47,46,35,35,30,42,41,40,39,37,27,27,35,34,33,32,31,30,28,17,26,26],"items_purged":[],"gold":26,"score":1279,"play_id":"5b4cc56b-95bf-47e2-8328-9d69fb6d3ea2","local_time":"20180513180946","daily_mods":["Insanity","Elite Swarm","Terminal"],"is_prod":false,"is_daily":true,"chose_seed":false,"is_ascension_mode":false,"campfire_upgraded":1,"timestamp":1526256586,"path_taken":["M","?","M","M","?","E","R","E","T","E","M","E","$","E","R","BOSS","M","?","?","M","M","E","$","E","T","?","R","E","M","E","R","BOSS","M","$","M","?","?","E","?","E","T","R","E","M","M","E","R","BOSS"],"build_version":"2018-05-10","seed_source_timestamp":0,"purchased_purges":0,"victory":true,"master_deck":["Flying Knee","Survivor","Accuracy","Dagger Throw","Predator","Bullet Time","Malaise","Night Terror","Underhanded Strike","Dash","Infinite Blades","Terror","Dagger Throw","Bullet Time","Survivor","Concentrate","Dash","Phantasmal Killer","Phantasmal Killer","Envenom","Venomology","Dagger Throw","Choke","Expertise","Bullet Time","Wraith Form v2","Prepared","Bouncing Flask","Footwork","Wraith Form v2","Dodge and Roll","Blur","Reflex","Expertise","Unload","Slice","Noxious Fumes","Infinite Blades+1","Infinite Blades","Riddle With Holes","Predator","Cloak And Dagger","Dagger Spray","Terror","Bane","Leg Sweep","Leg Sweep","Endless Agony","Die Die Die","Bullet Time","Glass Knife","Quick Slash","Burst","Bullet Time","Tactician","Bane+1","Infinite Blades","Quick Slash","Storm of Steel","Well Laid Plans","Underhanded Strike","Adrenaline","Wraith Form v2","Terror","Unload","Phantasmal Killer+1","Dash+1","Bullet Time+1","Slice+1","Cloak And Dagger","Endless Agony+1","Deep Breath","Finesse","Jack Of All Trades","Adrenaline","Bullet Time","Adrenaline","Cloak And Dagger+1","Adrenaline"],"max_hp_per_floor":[68,67,66,65,64,63,62,61,60,59,58,57,63,62,61,60,59,58,57,56,55,54,53,52,51,50,49,48,47,46,45,44,43,42,41,40,39,38,37,36,35,34,33,32,31,30,31,30,29,28],"relics":["Ring of the Snake","Golden Idol","Juzu Bracelet","Art of War","Shuriken","Letter Opener","Paper Crane","Tough Bandages","Strawberry","Orichalcum","Centennial Puzzle","Ectoplasm","Bronze Scales","Meat on the Bone","Omamori","Mercury Hourglass","Kunai","Shovel","Anchor","Astrolabe","Gambling Chip","Sundial","Lantern","Singing Bowl","Oddly Smooth Stone","Bottled Flame","Bag of Preparation"],"card_choices":[{"not_picked":["Dodge and Roll","Terror"],"picked":"Leg Sweep","floor":3},{"not_picked":["Prepared","Blur"],"picked":"Endless Agony","floor":4},{"not_picked":["Grand Finale","Envenom"],"picked":"Die Die Die","floor":6},{"not_picked":["Tools of the Trade","Grand Finale"],"picked":"Bullet Time","floor":8},{"not_picked":["Tools of the Trade","Die Die Die"],"picked":"Glass Knife","floor":10},{"not_picked":["Deadly Poison","PiercingWail"],"picked":"Quick Slash","floor":11},{"not_picked":["A Thousand Cuts","Storm of Steel"],"picked":"Burst","floor":12},{"not_picked":["Corpse Explosion","Venomology"],"picked":"Bullet Time","floor":14},{"not_picked":["Unload","Glass Knife"],"picked":"Tactician","floor":16},{"not_picked":["PiercingWail","Bouncing Flask"],"picked":"Bane","floor":18},{"not_picked":["Underhanded Strike","Finisher"],"picked":"Infinite Blades","floor":21},{"not_picked":["Dodge and Roll","Prepared"],"picked":"Quick Slash","floor":22},{"not_picked":["Doppelganger","Tools of the Trade"],"picked":"Storm of Steel","floor":23},{"not_picked":["Glass Knife","Storm of Steel"],"picked":"Adrenaline","floor":25},{"not_picked":["Venomology","A Thousand Cuts"],"picked":"Wraith Form v2","floor":29},{"not_picked":["Poisoned Stab","Underhanded Strike"],"picked":"Terror","floor":30},{"not_picked":["Grand Finale","Doppelganger"],"picked":"Unload","floor":31},{"not_picked":["Dagger Spray","Bane"],"picked":"Slice","floor":35},{"not_picked":["Poisoned Stab","Slice"],"picked":"Cloak And Dagger","floor":37},{"not_picked":["Dagger Throw","Flying Knee"],"picked":"Endless Agony","floor":38},{"not_picked":["Purity","Transmutation"],"picked":"Deep Breath","floor":39},{"not_picked":["Panacea","Transmutation"],"picked":"Finesse","floor":39},{"not_picked":["Madness","Purity"],"picked":"Jack Of All Trades","floor":39},{"not_picked":["Phantasmal Killer","A Thousand Cuts"],"picked":"Adrenaline","floor":40},{"not_picked":["Envenom","Night Terror"],"picked":"Bullet Time","floor":42},{"not_picked":["Doppelganger","After Image"],"picked":"Adrenaline","floor":45},{"not_picked":["Caltrops","Prepared"],"picked":"Cloak And Dagger","floor":46},{"not_picked":["Doppelganger","Venomology"],"picked":"Adrenaline","floor":48}],"player_experience":364951,"potions_floor_usage":[8,8,8,11,12,14,22,23,30,33,35,40,46,48,50],"damage_taken":[{"damage":0,"enemies":"Small Slimes","floor":1,"turns":2},{"damage":0,"enemies":"Jaw Worm","floor":3,"turns":4},{"damage":1,"enemies":"Cultist","floor":4,"turns":3},{"damage":0,"enemies":"Gremlin Nob","floor":6,"turns":4},{"damage":8,"enemies":"Lagavulin","floor":8,"turns":4},{"damage":21,"enemies":"Gremlin Nob","floor":10,"turns":5},{"damage":2,"enemies":"Large Slime","floor":11,"turns":4},{"damage":0,"enemies":"3 Sentries","floor":12,"turns":4},{"damage":0,"enemies":"Lagavulin","floor":14,"turns":5},{"damage":9,"enemies":"The Guardian","floor":16,"turns":10},{"damage":5,"enemies":"2 Thieves","floor":18,"turns":4},{"damage":0,"enemies":"Chosen","floor":21,"turns":3},{"damage":0,"enemies":"Snake Plant","floor":22,"turns":4},{"damage":0,"enemies":"Gremlin Leader","floor":23,"turns":5},{"damage":2,"enemies":"Slavers","floor":25,"turns":3},{"damage":0,"enemies":"Gremlin Leader","floor":29,"turns":5},{"damage":0,"enemies":"Centurion and Healer","floor":30,"turns":4},{"damage":11,"enemies":"Book of Stabbing","floor":31,"turns":4},{"damage":5,"enemies":"Collector","floor":33,"turns":7},{"damage":0,"enemies":"3 Darklings","floor":35,"turns":4},{"damage":0,"enemies":"3 Shapes","floor":37,"turns":3},{"damage":2,"enemies":"Mysterious Sphere","floor":38,"turns":4},{"damage":0,"enemies":"Giant Head","floor":40,"turns":5},{"damage":1,"enemies":"2 Orb Walkers","floor":42,"turns":3},{"damage":0,"enemies":"Giant Head","floor":45,"turns":6},{"damage":0,"enemies":"Sphere and 2 Shapes","floor":46,"turns":3},{"damage":16,"enemies":"Maw","floor":47,"turns":5},{"damage":23,"enemies":"Nemesis","floor":48,"turns":5},{"damage":0,"enemies":"Donu and Deca","floor":50,"turns":6}],"event_choices":[{"event_name":"Golden Idol","player_choice":"Take Damage","floor":2,"damage_taken":0},{"event_name":"Scrap Ooze","player_choice":"success","floor":5,"damage_taken":25},{"event_name":"Back to Basics","player_choice":"Elegance","floor":19,"damage_taken":0},{"event_name":"Addict","player_choice":"Obtained Relic","floor":20,"damage_taken":0},{"event_name":"Vampires","player_choice":"Ignored","floor":27,"damage_taken":0},{"event_name":"Mysterious Sphere","player_choice":"Fight","floor":38,"damage_taken":0},{"event_name":"SensoryStone","player_choice":"Memory 3","floor":39,"damage_taken":0},{"event_name":"Winding Halls","player_choice":"Writhe","floor":41,"damage_taken":0}],"boss_relics":[{"not_picked":["Lizard Tail","Runic Pyramid"],"picked":"Ectoplasm"},{"not_picked":["Tiny House","White Beast Statue"],"picked":"Astrolabe"}],"potions_floor_spawned":[3,6,10,12,14,16,23,25,29,30,33,37,42,48],"seed_played":"-8602145227359355025","ascension_level":0,"is_trial":false}