{"gold_per_floor":[114,127,202,202,216,248,248,261,261,291,305,305,380,413,413,510,510],"floor_reached":17,"playtime":1217,"items_purged":[],"score":253,"play_id":"ae145a75-a91c-46b6-8c6d-2790e1307438","local_time":"20190404001048","is_ascension_mode":true,"campfire_choices":[{"data":"True Grit","floor":7,"key":"SMITH"},{"data":"Fiend Fire","floor":15,"key":"SMITH"}],"neow_cost":"NONE","seed_source_timestamp":0,"circlet_count":0,"master_deck":["Strike_R","Strike_R","Strike_R","Defend_R","Defend_R","Defend_R","Defend_R","Bash+1","Thunderclap","Clothesline","Metallicize","True Grit+1","Fiend Fire+1","Anger","Sentinel+1","Impervious+1"],"special_seed":0,"relics":["Burning Blood","Omamori","Centennial Puzzle","Toxic Egg 2","Pear","Empty Cage"],"potions_floor_usage":[16,16],"damage_taken":[{"damage":0.0,"enemies":"Small Slimes","floor":1.0,"turns":3.0},{"damage":3.0,"enemies":"2 Louse","floor":2.0,"turns":3.0},{"damage":7.0,"enemies":"Jaw Worm","floor":5.0,"turns":4.0},{"damage":36.0,"enemies":"Lagavulin","floor":6.0,"turns":7.0},{"damage":7,"enemies":"Exordium Thugs","floor":8,"turns":5},{"damage":20,"enemies":"Gremlin Nob","floor":10,"turns":4},{"damage":11,"enemies":"3 Louse","floor":11,"turns":3},{"damage":26,"enemies":"3 Sentries","floor":14,"turns":8},{"damage":41,"enemies":"Slime Boss","floor":16,"turns":12}],"seed_played":"-3758827496696301944","potions_obtained":[{"floor":1.0,"key":"GamblersBrew"},{"floor":5.0,"key":"SpeedPotion"},{"floor":8,"key":"Ancient Potion"}],"is_trial":false,"path_per_floor":["M","M","?","?","M","E","R","M","T","E","M","?","T","E","R","B",null],"character_chosen":"IRONCLAD","items_purchased":[],"campfire_rested":0,"item_purchase_floors":[],"current_hp_per_floor":[86,88,77,77,76,46,46,45,45,31,26,55,55,45,45,10,76],"gold":510,"neow_bonus":"TEN_PERCENT_HP_BONUS","is_prod":false,"is_daily":false,"chose_seed":false,"campfire_upgraded":2,"win_rate":0,"timestamp":1554354648,"path_taken":["M","M","?","?","M","E","R","M","T","E","M","?","?","E","R","BOSS"],"build_version":"2019-01-23","purchased_purges":0,"victory":false,"max_hp_per_floor":[88,88,88,88,88,88,88,88,88,88,88,88,88,98,98,98,98],"card_choices":[{"not_picked":["Heavy Blade","Iron Wave"],"picked":"Thunderclap","floor":1.0},{"not_picked":["Body Slam","Heavy Blade"],"picked":"Clothesline","floor":2.0},{"not_picked":["Pummel","Reckless Charge"],"picked":"Metallicize","floor":5.0},{"not_picked":["Flex","Clash"],"picked":"True Grit","floor":6},{"not_picked":["Heavy Blade","Thunderclap","Metallicize"],"picked":"SKIP","floor":8},{"not_picked":["Rupture","Shrug It Off"],"picked":"Fiend Fire","floor":10},{"not_picked":["Clash","Fire Breathing"],"picked":"Anger","floor":11},{"not_picked":["Pommel Strike","Reaper"],"picked":"Sentinel+1","floor":14},{"not_picked":["Berserk","Limit Break+1"],"picked":"Impervious+1","floor":16}],"player_experience":589180,"relics_obtained":[{"floor":6,"key":"Omamori"},{"floor":9,"key":"Centennial Puzzle"},{"floor":10,"key":"Toxic Egg 2"},{"floor":14,"key":"Pear"}],"event_choices":[{"damage_healed":0.0,"max_hp_gain":0.0,"max_hp_loss":0.0,"gold_gain":75.0,"event_name":"World of Goop","player_choice":"Gather Gold","floor":3.0,"gold_loss":0.0,"damage_taken":11.0},{"damage_healed":0.0,"max_hp_gain":0.0,"max_hp_loss":0.0,"gold_gain":0.0,"event_name":"Living Wall","player_choice":"Grow","floor":4.0,"gold_loss":0.0,"damage_taken":0.0,"cards_upgraded":["Bash"]},{"damage_healed":29,"gold_gain":0,"player_choice":"Banana","damage_taken":0,"max_hp_gain":0,"max_hp_loss":0,"event_name":"Big Fish","floor":12,"gold_loss":0}],"is_beta":false,"boss_relics":[{"not_picked":["Coffee Dripper","Black Blood"],"picked":"Empty Cage"}],"items_purged_floors":[],"is_endless":false,"potions_floor_spawned":[1,5,8,10],"ascension_level":6}