{"path_per_floor":["M","$","M","?","M","E","M","E","T","M","R","M","M","$","R","B",null,"M","?","M","M"],"character_chosen":"THE_SILENT","items_purchased":["Noxious Fumes","Oddly Smooth Stone"],"gold_per_floor":[112,3,17,17,34,68,82,116,139,149,149,164,179,24,24,123,123,138,138,158,170,170],"floor_reached":22,"campfire_rested":2,"playtime":845,"current_hp_per_floor":[63,63,63,63,63,66,58,26,26,6,27,22,9,9,30,26,59,49,33,23,18,0],"items_purged":["Strike_G"],"gold":170,"score":315,"play_id":"6d447a37-54af-4285-8ecc-3d443352ba76","local_time":"20180412152830","is_prod":false,"is_daily":false,"chose_seed":false,"is_ascension_mode":true,"campfire_upgraded":0,"timestamp":1523568510,"path_taken":["M","?","?","?","?","E","M","E","T","M","R","?","?","?","R","BOSS","M","?","M","?","M"],"build_version":"2018-04-11","seed_source_timestamp":77916019901120,"purchased_purges":1,"victory":false,"master_deck":["Defend_G","Defend_G","Defend_G","Defend_G","Defend_G","Strike_G","Strike_G","Strike_G","Strike_G","Survivor","Neutralize","Poisoned Stab","Noxious Fumes+1","Deadly Poison","Endless Agony","Tools of the Trade","Endless Agony","Poisoned Stab","Bullet Time","Poisoned Stab","Poisoned Stab","Dash","Dash","Crippling Poison","Dagger Spray+1","Footwork+1","Malaise+1"],"max_hp_per_floor":[70,70,70,70,70,70,70,70,70,70,70,70,70,70,70,70,70,70,70,70,70,70],"relics":["Ring of the Snake","NeowsBlessing","Bronze Scales","Omamori","Pen Nib","Oddly Smooth Stone","Orrery","Enchiridion"],"card_choices":[{"not_picked":["Dodge and Roll","Slice"],"picked":"Poisoned Stab","floor":1},{"not_picked":["Malaise","Flying Knee"],"picked":"Deadly Poison","floor":3},{"not_picked":["Deadly Poison","Dagger Throw"],"picked":"Endless Agony","floor":5},{"not_picked":["Flying Knee","Setup"],"picked":"Tools of the Trade","floor":6},{"not_picked":["All Out Attack","Deadly Poison"],"picked":"Endless Agony","floor":7},{"not_picked":["Cloak And Dagger","Acrobatics"],"picked":"Poisoned Stab","floor":8},{"not_picked":["Wraith Form v2","Doppelganger"],"picked":"Bullet Time","floor":16},{"not_picked":["Outmaneuver","Deadly Poison"],"picked":"Poisoned Stab","floor":17},{"not_picked":["Deadly Poison","Prepared"],"picked":"Poisoned Stab","floor":17},{"not_picked":["Heel Hook","Masterful Stab"],"picked":"Dash","floor":17},{"not_picked":["Dodge and Roll","Slice"],"picked":"Dash","floor":17},{"not_picked":["Poisoned Stab","Prepared"],"picked":"Crippling Poison","floor":17},{"not_picked":["Acrobatics","Deflect"],"picked":"Dagger Spray","floor":18},{"not_picked":["Infinite Blades","Dash"],"picked":"Footwork","floor":20},{"not_picked":["Underhanded Strike","Acrobatics"],"picked":"Malaise","floor":21}],"player_experience":300404,"potions_floor_usage":[6,8,12,21],"damage_taken":[{"damage":0,"enemies":"Cultist","floor":1,"turns":1},{"damage":0,"enemies":"Jaw Worm","floor":3,"turns":1},{"damage":0,"enemies":"Small Slimes","floor":5,"turns":1},{"damage":12,"enemies":"Lagavulin","floor":6,"turns":6},{"damage":8,"enemies":"Exordium Wildlife","floor":7,"turns":4},{"damage":32,"enemies":"Gremlin Nob","floor":8,"turns":4},{"damage":20,"enemies":"Lots of Slimes","floor":10,"turns":3},{"damage":5,"enemies":"Gremlin Gang","floor":12,"turns":3},{"damage":13,"enemies":"3 Louse","floor":13,"turns":3},{"damage":4,"enemies":"The Guardian","floor":16,"turns":8},{"damage":10,"enemies":"3 Byrds","floor":18,"turns":3},{"damage":10,"enemies":"Spheric Guardian","floor":20,"turns":4},{"damage":5,"enemies":"Snake Plant","floor":21,"turns":4},{"damage":21,"enemies":"Slaver and Parasite","floor":22,"turns":5}],"event_choices":[{"event_name":"Upgrade Shrine","player_choice":"Upgraded","floor":4,"damage_taken":0},{"event_name":"Cursed Tome","player_choice":"Obtained Book","floor":19,"damage_taken":0}],"boss_relics":[{"not_picked":["Philosopher\u0027s Stone","Eternal Feather"],"picked":"Orrery"}],"potions_floor_spawned":[5,7,10,20],"seed_played":"4705824969248239484","killed_by":"Slaver and Parasite","ascension_level":9,"is_trial":false}