{"gold_per_floor":[119,119,137,137,62,100,125,165,219,219,253,278,345,360,360,360],"floor_reached":16,"playtime":959,"items_purged":["Defend_R"],"score":138,"play_id":"41af54b7-cede-477e-b69d-bc4d1db97984","local_time":"20190109173513","is_ascension_mode":true,"campfire_choices":[{"floor":10,"key":"REST"},{"floor":15,"key":"REST"}],"neow_cost":"TEN_PERCENT_HP_LOSS","seed_source_timestamp":1296638213623143,"circlet_count":0,"master_deck":["Strike_R","Strike_R","Strike_R","Strike_R","Strike_R","Defend_R","Defend_R","Defend_R","Limit Break","Clothesline","Heavy Blade","Battle Trance","Cleave","Headbutt","Anger","Blood for Blood"],"relics":["Burning Blood","Golden Idol","The Courier","Vajra","Boot","Lantern"],"potions_floor_usage":[8,11,12,16],"damage_taken":[{"damage":0,"enemies":"2 Louse","floor":1,"turns":3},{"damage":5,"enemies":"Jaw Worm","floor":3,"turns":4},{"damage":36,"enemies":"Gremlin Nob","floor":6,"turns":5},{"damage":1,"enemies":"Small Slimes","floor":7,"turns":3},{"damage":25,"enemies":"3 Sentries","floor":8,"turns":5},{"damage":25,"enemies":"Lagavulin","floor":11,"turns":4},{"damage":10,"enemies":"Exordium Wildlife","floor":12,"turns":3},{"damage":8,"enemies":"Large Slime","floor":14,"turns":4},{"damage":40,"enemies":"The Guardian","floor":16,"turns":7}],"seed_played":"-1962737029167253910","potions_obtained":[{"floor":3,"key":"Strength Potion"},{"floor":6,"key":"Explosive Potion"},{"floor":11,"key":"FearPotion"},{"floor":14,"key":"Poison Potion"}],"is_trial":false,"path_per_floor":["M","?","M","?","$","E","M","E","T","R","E","M","?","M","R","B"],"character_chosen":"IRONCLAD","items_purchased":[],"campfire_rested":2,"item_purchase_floors":[],"current_hp_per_floor":[72,72,72,67,67,37,42,23,23,43,24,20,20,18,38,0],"gold":360,"neow_bonus":"THREE_RARE_CARDS","is_prod":false,"is_daily":false,"chose_seed":false,"campfire_upgraded":0,"win_rate":0,"timestamp":1547055313,"path_taken":["M","?","M","?","$","E","M","E","T","R","E","M","?","M","R","BOSS"],"build_version":"2019-01-03v4","purchased_purges":1,"victory":false,"max_hp_per_floor":[72,72,72,67,67,67,67,67,67,67,67,67,67,67,67,67],"card_choices":[{"not_picked":["Bludgeon","Dark Embrace"],"picked":"Limit Break","floor":0},{"not_picked":["True Grit","Perfected Strike"],"picked":"Clothesline","floor":1},{"not_picked":["Sever Soul","Flame Barrier"],"picked":"Heavy Blade","floor":3},{"not_picked":["Exhume","Sever Soul"],"picked":"Battle Trance","floor":6},{"not_picked":["Twin Strike","Headbutt"],"picked":"Cleave","floor":7},{"not_picked":["Offering","Rupture","Intimidate"],"picked":"SKIP","floor":8},{"not_picked":["Twin Strike","Warcry"],"picked":"Headbutt","floor":11},{"not_picked":["Havoc","Warcry"],"picked":"Anger","floor":12},{"not_picked":["Rupture","Uppercut"],"picked":"Blood for Blood","floor":14}],"player_experience":117678,"relics_obtained":[{"floor":6,"key":"The Courier"},{"floor":8,"key":"Vajra"},{"floor":9,"key":"Boot"},{"floor":11,"key":"Lantern"}],"event_choices":[{"cards_removed":["Bash"],"damage_healed":0,"gold_gain":0,"player_choice":"Forget","damage_taken":0,"max_hp_gain":0,"max_hp_loss":0,"event_name":"Living Wall","floor":2,"gold_loss":0},{"damage_healed":0,"gold_gain":0,"player_choice":"Lose Max HP","damage_taken":0,"relics_obtained":["Golden Idol"],"max_hp_gain":0,"max_hp_loss":5,"event_name":"Golden Idol","floor":4,"gold_loss":0},{"damage_healed":0,"gold_gain":67,"player_choice":"Gained Gold","damage_taken":0,"max_hp_gain":0,"max_hp_loss":0,"event_name":"Golden Wing","floor":13,"gold_loss":0}],"is_beta":false,"boss_relics":[],"items_purged_floors":[5],"is_endless":false,"potions_floor_spawned":[3,6,11,14],"killed_by":"The Guardian","ascension_level":3}