{"path_per_floor":["M","?","M","?","?","R","E","M","T","M","R","M","R","$","R","B",null,"M","M","$","?","$","R","M","R","T","M","?","M","?","M","R","B",null,"M","$","?","$","M","R","$","R","T","?","T","M","R","M","R"],"character_chosen":"IRONCLAD","items_purchased":[],"gold_per_floor":[99,99,99,99,99,99,99,99,99,69,69,69,69,69,69,69,69,69,69,69,69,69,69,69,69,69,69,69,69,69,69,69,69,69,69,69,69,69,69,69,69,69,69,69,69,69,69,69,69,69],"floor_reached":50,"campfire_rested":5,"playtime":1459,"current_hp_per_floor":[80,64,61,61,61,61,47,43,43,33,57,57,57,57,57,21,80,72,68,68,68,68,68,54,54,54,50,50,46,46,42,66,23,80,34,34,34,34,29,53,53,77,77,77,77,63,63,48,72,0],"items_purged":[],"gold":69,"score":465,"play_id":"1272350f-2558-4aa9-8ae1-e039f81f9205","local_time":"20180524173759","is_prod":false,"is_daily":false,"chose_seed":false,"is_ascension_mode":false,"campfire_upgraded":6,"timestamp":1527179879,"campfire_choices":[{"data":"Clash","floor":6,"key":"SMITH"},{"floor":11,"key":"REST"},{"data":"Immolate","floor":13,"key":"SMITH"},{"data":"Clash","floor":15,"key":"SMITH"},{"data":"Bludgeon","floor":23,"key":"SMITH"},{"data":"Rupture","floor":25,"key":"SMITH"},{"floor":32,"key":"REST"},{"floor":40,"key":"REST"},{"floor":42,"key":"REST"},{"data":"Inflame","floor":47,"key":"SMITH"},{"floor":49,"key":"REST"}],"path_taken":["M","?","M","?","?","R","E","M","T","?","R","M","R","$","R","BOSS","M","M","$","?","?","R","M","R","T","M","?","?","?","?","R","BOSS","M","$","?","$","?","R","$","R","T","?","?","M","R","?","R","BOSS"],"build_version":"2018-05-17","seed_source_timestamp":111238315366475,"purchased_purges":0,"victory":false,"master_deck":["Strike_R","Strike_R+1","Strike_R","Strike_R","Strike_R","Defend_R","Defend_R+1","Defend_R","Bash","Clash+1","Inflame+1","Offering","Immolate+1","Clash+1","Thunderclap","Offering","Rupture+1","Bludgeon+1","Feed","Battle Trance","Exhume","Clash"],"max_hp_per_floor":[80,80,80,80,80,80,80,80,80,80,80,80,80,80,80,80,80,80,80,80,80,80,80,80,80,80,80,80,80,80,80,80,80,80,80,80,80,80,83,83,83,83,83,83,83,83,83,83,83,83],"relics":["Ectoplasm"],"card_choices":[{"not_picked":["Thunderclap","Pommel Strike"],"picked":"Clash","floor":1},{"not_picked":["Body Slam","Pommel Strike"],"picked":"Inflame","floor":3},{"not_picked":["Clash","Ghostly Armor"],"picked":"Immolate","floor":7},{"not_picked":["Warcry","Disarm"],"picked":"Clash","floor":8},{"not_picked":["Havoc","Cleave","Pommel Strike"],"picked":"SKIP","floor":10},{"not_picked":["Sentinel","Twin Strike"],"picked":"Thunderclap","floor":12},{"not_picked":["Dark Embrace","Reaper"],"picked":"Offering","floor":16},{"not_picked":["Flame Barrier","Headbutt","Havoc"],"picked":"SKIP","floor":18},{"not_picked":["Pommel Strike","Warcry+1"],"picked":"Rupture","floor":19},{"not_picked":["Ghostly Armor+1","Corruption+1","Heavy Blade"],"picked":"SKIP","floor":24},{"not_picked":["Shrug It Off","Wild Strike","Sword Boomerang"],"picked":"SKIP","floor":27},{"not_picked":["Iron Wave","Shrug It Off+1"],"picked":"Feed","floor":29},{"not_picked":["Ghostly Armor","Corruption"],"picked":"Battle Trance","floor":31},{"not_picked":["Berserk","Bludgeon"],"picked":"Exhume","floor":33},{"not_picked":["Headbutt","Iron Wave","Thunderclap"],"picked":"SKIP","floor":35},{"not_picked":["Havoc","Disarm"],"picked":"Clash","floor":39},{"not_picked":["Warcry+1","Perfected Strike+1","Intimidate"],"picked":"SKIP","floor":46},{"not_picked":["Combust","Shrug It Off","True Grit"],"picked":"SKIP","floor":48}],"player_experience":245899,"potions_floor_usage":[16,33,33,33,50,50],"damage_taken":[{"damage":0,"enemies":"2 Louse","floor":1,"turns":3},{"damage":3,"enemies":"Jaw Worm","floor":3,"turns":2},{"damage":14,"enemies":"Lagavulin","floor":7,"turns":3},{"damage":4,"enemies":"Small Slimes","floor":8,"turns":1},{"damage":10,"enemies":"Exordium Thugs","floor":10,"turns":4},{"damage":0,"enemies":"3 Louse","floor":12,"turns":1},{"damage":36,"enemies":"The Guardian","floor":16,"turns":5},{"damage":8,"enemies":"2 Thieves","floor":18,"turns":1},{"damage":4,"enemies":"3 Byrds","floor":19,"turns":2},{"damage":14,"enemies":"Sentry and Sphere","floor":24,"turns":3},{"damage":4,"enemies":"Centurion and Healer","floor":27,"turns":2},{"damage":4,"enemies":"Snake Plant","floor":29,"turns":2},{"damage":4,"enemies":"3 Cultists","floor":31,"turns":2},{"damage":57,"enemies":"Collector","floor":33,"turns":6},{"damage":46,"enemies":"3 Shapes","floor":35,"turns":3},{"damage":8,"enemies":"Orb Walker","floor":39,"turns":1},{"damage":14,"enemies":"Sphere and 2 Shapes","floor":46,"turns":3},{"damage":15,"enemies":"4 Shapes","floor":48,"turns":3},{"damage":98,"enemies":"Donu and Deca","floor":50,"turns":5}],"relics_obtained":[],"event_choices":[{"event_name":"Shining Light","player_choice":"Entered Light","floor":2,"damage_taken":0},{"event_name":"Match and Keep!","player_choice":"1 cards matched","floor":4,"damage_taken":0},{"event_name":"Living Wall","player_choice":"Forget","floor":5,"damage_taken":0},{"event_name":"Match and Keep!","player_choice":"1 cards matched","floor":21,"damage_taken":0},{"event_name":"Ghosts","player_choice":"Ignored","floor":28,"damage_taken":0},{"event_name":"Beggar","player_choice":"Ignored","floor":30,"damage_taken":0},{"event_name":"Mysterious Sphere","player_choice":"Ignore","floor":37,"damage_taken":0},{"event_name":"The Lab","player_choice":"Got Potions","floor":44,"damage_taken":0}],"boss_relics":[{"not_picked":["Astrolabe","White Beast Statue","Runic Cube"]},{"not_picked":["Mark of Pain","Pandora\u0027s Box","Calling Bell"]}],"potions_floor_spawned":[7,8,10,24,27,29,35,48],"seed_played":"-3829912440510309819","killed_by":"Donu and Deca","ascension_level":0,"potions_obtained":[{"floor":7,"key":"Regen Potion"},{"floor":8,"key":"LiquidBronze"},{"floor":10,"key":"PowerPotion"},{"floor":24,"key":"SkillPotion"},{"floor":27,"key":"PowerPotion"},{"floor":35,"key":"FairyPotion"},{"floor":44,"key":"SkillPotion"},{"floor":44,"key":"SkillPotion"}],"is_trial":false}