{"gold_per_floor":[112,123,34,46,46,46,0,0,26,56,2,22,52,66,66,167,167,185,8,26,26,26,26,36,48,102,102,126,148,259,282,294,405,417,440,452,464,204,204,204,221,235,286,305,305,319,319,334,334,334],"floor_reached":51,"playtime":2975,"items_purged":["Strike_G"],"score":1011,"play_id":"59a15883-1664-4854-ba81-4db85fc4e63b","local_time":"20190114185240","is_ascension_mode":true,"campfire_choices":[{"data":"Deflect","floor":6,"key":"SMITH"},{"data":"Burst","floor":15,"key":"SMITH"},{"data":"Deflect","floor":23,"key":"SMITH"},{"data":"Catalyst","floor":32,"key":"SMITH"},{"data":"Footwork","floor":40,"key":"SMITH"},{"floor":45,"key":"DIG"},{"floor":49,"key":"DIG"}],"neow_cost":"TEN_PERCENT_HP_LOSS","seed_source_timestamp":771670765092915,"circlet_count":0,"master_deck":["Defend_G+1","Defend_G+1","Defend_G+1","Defend_G+1","Defend_G+1","Strike_G+1","Strike_G+1","Survivor+1","Neutralize+1","Burst+1","Catalyst+1","Deflect+1","Noxious Fumes+1","Backflip+1","Blur+1","Deflect+1","Backflip+1","Deflect+1","Deflect+1","Crippling Poison+1","Deflect+1","Crippling Poison+1","Masterful Stab+1","After Image+1","Leg Sweep+1","Burst+1","PiercingWail+1","Footwork+1","The Bomb","Blur+1","Footwork+1","Escape Plan+1","Well Laid Plans+1","Backstab+1","Finesse","Noxious Fumes+1"],"relics":["Ring of the Snake","Bag of Marbles","Smiling Mask","Shovel","Empty Cage","Oddly Smooth Stone","MawBank","Lizard Tail","Mark of the Bloom","Art of War","Du-Vu Doll","Ornamental Fan"],"potions_floor_usage":[13,16,20,20,33,33,33,33,33,33,48,50,50,50,50,50,50,50],"damage_taken":[{"damage":3,"enemies":"Cultist","floor":1,"turns":7},{"damage":12,"enemies":"Small Slimes","floor":2,"turns":4},{"damage":1,"enemies":"2 Louse","floor":4,"turns":3},{"damage":2,"enemies":"Exordium Wildlife","floor":12,"turns":7},{"damage":13,"enemies":"3 Sentries","floor":13,"turns":8},{"damage":0,"enemies":"Large Slime","floor":14,"turns":9},{"damage":3,"enemies":"The Guardian","floor":16,"turns":15},{"damage":9,"enemies":"Spheric Guardian","floor":18,"turns":7},{"damage":14,"enemies":"3 Byrds","floor":20,"turns":8},{"damage":6,"enemies":"Snake Plant","floor":24,"turns":6},{"damage":11,"enemies":"3 Cultists","floor":25,"turns":6},{"damage":13,"enemies":"Chosen and Byrds","floor":28,"turns":7},{"damage":0,"enemies":"Shelled Parasite and Fungi","floor":29,"turns":8},{"damage":0,"enemies":"Sentry and Sphere","floor":31,"turns":3},{"damage":0,"enemies":"Champ","floor":33,"turns":15},{"damage":1,"enemies":"3 Darklings","floor":35,"turns":7},{"damage":0,"enemies":"Orb Walker","floor":41,"turns":4},{"damage":2,"enemies":"Jaw Worm Horde","floor":42,"turns":8},{"damage":0,"enemies":"3 Darklings","floor":44,"turns":6},{"damage":0,"enemies":"4 Shapes","floor":46,"turns":7},{"damage":3,"enemies":"Jaw Worm Horde","floor":48,"turns":6},{"damage":12,"enemies":"Awakened One","floor":50,"turns":25}],"seed_played":"-2965262865882930123","potions_obtained":[{"floor":4,"key":"SkillPotion"},{"floor":13,"key":"Poison Potion"},{"floor":16,"key":"Fire Potion"},{"floor":18,"key":"Fruit Juice"},{"floor":28,"key":"Fire Potion"},{"floor":29,"key":"GhostInAJar"},{"floor":31,"key":"EntropicBrew"},{"floor":33,"key":"EntropicBrew"},{"floor":35,"key":"SkillPotion"},{"floor":44,"key":"EntropicBrew"}],"is_trial":false,"path_per_floor":["M","M","$","M","?","R","?","$","T","?","?","M","E","M","R","B",null,"M","$","M","?","$","R","M","M","T","T","M","M","?","M","R","B",null,"M","?","?","$","?","R","M","M","T","M","R","M","?","M","R","B",null],"character_chosen":"THE_SILENT","items_purchased":["Noxious Fumes","Backflip","Deflect","Crippling Poison","Footwork","The Bomb"],"campfire_rested":0,"item_purchase_floors":[3,3,19,19,38,38],"current_hp_per_floor":[60,48,48,47,34,34,34,34,34,34,34,32,19,19,19,16,51,42,42,33,33,33,33,27,16,16,16,3,3,3,3,3,3,52,51,51,51,51,51,51,51,49,49,49,49,49,49,46,46,34],"gold":334,"neow_bonus":"THREE_RARE_CARDS","is_prod":false,"is_daily":false,"chose_seed":false,"campfire_upgraded":5,"win_rate":0,"timestamp":1547491960,"path_taken":["M","M","$","?","?","R","?","?","T","?","?","M","E","M","R","BOSS","M","$","M","?","?","R","M","M","T","?","M","M","?","M","R","BOSS","M","?","?","$","?","R","?","M","T","M","R","M","?","M","R","BOSS"],"build_version":"2019-01-10","purchased_purges":1,"victory":true,"max_hp_per_floor":[63,63,63,63,63,63,63,63,63,63,63,63,63,63,63,63,63,63,63,68,68,68,68,68,68,68,68,68,68,68,68,68,68,68,68,68,68,68,68,68,68,68,68,68,68,68,68,68,68,68],"card_choices":[{"not_picked":["Grand Finale","Storm of Steel"],"picked":"Burst","floor":0},{"not_picked":["Blade Dance","Poisoned Stab"],"picked":"Catalyst","floor":1},{"not_picked":["Setup","Dagger Throw"],"picked":"Deflect","floor":2},{"not_picked":["Catalyst","Endless Agony"],"picked":"Blur","floor":4},{"not_picked":["Cloak And Dagger","Underhanded Strike"],"picked":"Deflect","floor":12},{"not_picked":["Outmaneuver","Expertise"],"picked":"Backflip","floor":13},{"not_picked":["Accuracy","Outmaneuver","Acrobatics"],"picked":"SKIP","floor":14},{"not_picked":["Dodge and Roll+1","Cloak And Dagger"],"picked":"Deflect","floor":18},{"not_picked":["Setup","Underhanded Strike"],"picked":"Deflect","floor":20},{"not_picked":["Underhanded Strike","Eviscerate"],"picked":"Crippling Poison+1","floor":24},{"not_picked":["Backflip","Dagger Throw"],"picked":"Masterful Stab+1","floor":25},{"not_picked":["Skewer+1","Catalyst"],"picked":"After Image","floor":28},{"not_picked":["Flying Knee","Heel Hook"],"picked":"Leg Sweep+1","floor":29},{"not_picked":["Dagger Throw","Slice","Sucker Punch"],"picked":"SKIP","floor":31},{"not_picked":["Doppelganger","Storm of Steel"],"picked":"Burst","floor":33},{"not_picked":["Outmaneuver","Acrobatics+1"],"picked":"PiercingWail","floor":35},{"not_picked":["Calculated Gamble","Dagger Spray+1"],"picked":"Footwork+1","floor":41},{"not_picked":["Cloak And Dagger","Quick Slash+1"],"picked":"Escape Plan+1","floor":42},{"not_picked":["Choke+1","Distraction+1"],"picked":"Well Laid Plans+1","floor":44},{"not_picked":["Blade Dance","Accuracy+1"],"picked":"Backstab+1","floor":46},{"not_picked":["Jack Of All Trades","Trip"],"picked":"Finesse","floor":47},{"not_picked":["Dagger Throw","Cloak And Dagger"],"picked":"Noxious Fumes+1","floor":48}],"player_experience":89584,"relics_obtained":[{"floor":9,"key":"Bag of Marbles"},{"floor":13,"key":"Shovel"},{"floor":26,"key":"Oddly Smooth Stone"},{"floor":27,"key":"MawBank"},{"floor":43,"key":"Art of War"},{"floor":45,"key":"Du-Vu Doll"},{"floor":49,"key":"Ornamental Fan"}],"event_choices":[{"damage_healed":0,"gold_gain":0,"player_choice":"Entered Light","damage_taken":13,"max_hp_gain":0,"max_hp_loss":0,"event_name":"Shining Light","floor":5,"gold_loss":0,"cards_upgraded":["Blur","Strike_G"]},{"damage_healed":0,"gold_gain":0,"player_choice":"Left Gold","damage_taken":0,"max_hp_gain":0,"max_hp_loss":0,"event_name":"World of Goop","floor":7,"gold_loss":46},{"damage_healed":0,"gold_gain":30,"player_choice":"Searched \u00271\u0027 times","damage_taken":0,"max_hp_gain":0,"max_hp_loss":0,"event_name":"Dead Adventurer","floor":10,"gold_loss":0},{"damage_healed":0,"gold_gain":0,"player_choice":"Paid Gold","damage_taken":0,"relics_obtained":["Smiling Mask"],"max_hp_gain":0,"max_hp_loss":0,"event_name":"WeMeetAgain","floor":11,"gold_loss":54},{"damage_healed":0,"gold_gain":0,"player_choice":"Upgraded","damage_taken":0,"max_hp_gain":0,"max_hp_loss":0,"event_name":"Upgrade Shrine","floor":21,"gold_loss":0,"cards_upgraded":["Noxious Fumes"]},{"damage_healed":0,"gold_gain":99,"player_choice":"Stole From Cult","damage_taken":0,"max_hp_gain":0,"max_hp_loss":0,"event_name":"Nest","floor":30,"gold_loss":0},{"damage_healed":0,"gold_gain":0,"player_choice":"Upgrade","damage_taken":0,"relics_obtained":["Mark of the Bloom"],"max_hp_gain":0,"max_hp_loss":0,"event_name":"MindBloom","floor":36,"gold_loss":0,"cards_upgraded":["Defend_G","Defend_G","Defend_G","Defend_G","Defend_G","Strike_G","Survivor","Neutralize","Backflip","Deflect","Backflip","Deflect","Crippling Poison","Deflect","After Image","Burst","PiercingWail"]},{"damage_healed":0,"gold_gain":0,"player_choice":"Ignored","damage_taken":0,"max_hp_gain":0,"max_hp_loss":0,"event_name":"Tomb of Lord Red Mask","floor":37,"gold_loss":0},{"damage_healed":0,"gold_gain":0,"player_choice":"Copied","damage_taken":0,"max_hp_gain":0,"max_hp_loss":0,"event_name":"Duplicator","floor":39,"gold_loss":0,"cards_obtained":["Blur"]},{"damage_healed":0,"gold_gain":0,"player_choice":"Memory 1","damage_taken":0,"max_hp_gain":0,"max_hp_loss":0,"event_name":"SensoryStone","floor":47,"gold_loss":0}],"is_beta":false,"boss_relics":[{"not_picked":["Velvet Choker","Tiny House"],"picked":"Empty Cage"},{"not_picked":["Snecko Eye","Orrery"],"picked":"Lizard Tail"}],"items_purged_floors":[19],"is_endless":false,"potions_floor_spawned":[4,13,16,18,28,29,31,33,35,44,46],"ascension_level":8}