{"gold_per_floor":[111,124,140,151,151,151,178,178,205,216,216,216,166,181,181,276,276,287,301,313,325,325,325,357,357,381,391,401,401,401,420,420,524,524,542,560,38,58,108,136,136,151,151,151,177,193,220,63,63,63],"floor_reached":51,"playtime":2071,"items_purged":[],"score":903,"play_id":"19671a80-5c08-4b64-b086-b5172cfe6215","local_time":"20180629230717","is_ascension_mode":true,"campfire_choices":[{"data":"Go for the Eyes","floor":6.0,"key":"SMITH"},{"floor":8.0,"key":"REST"},{"data":"Dualcast","floor":12.0,"key":"SMITH"},{"data":"Ball Lightning","floor":15.0,"key":"SMITH"},{"floor":23.0,"key":"REST"},{"floor":25,"key":"REST"},{"floor":29,"key":"REST"},{"data":"Self Repair","floor":32,"key":"SMITH"},{"floor":41,"key":"REST"},{"floor":44,"key":"REST"},{"floor":49,"key":"REST"}],"neow_cost":"","seed_source_timestamp":0,"circlet_count":0,"master_deck":["Strike_B+1","Strike_B+1","Strike_B+1","Defend_B+1","Defend_B+1","Defend_B+1","Defend_B+1","Zap+1","Dualcast+1","Rebound","Ball Lightning+1","Go for the Eyes+1","Go for the Eyes+1","Conserve Battery+1","Thunder Strike+1","Sunder+1","Self Repair+1","Echo Form","Leap+1","Cold Snap+1","Ball Lightning+1","Creative AI","Glacier+1","Electrodynamics","Thunder Strike","Static Discharge+1","Force Field+1","Glacier+1"],"special_seed":0,"relics":["Cracked Core","Bag of Marbles","Dream Catcher","Snecko Eye","Whetstone","Pen Nib","SsserpentHead","Sozu","Ice Cream","Omamori","Ornamental Fan","Happy Flower","Bird Faced Urn","War Paint"],"potions_floor_usage":[24,33,33,47],"damage_taken":[{"damage":0.0,"enemies":"Small Slimes","floor":1.0,"turns":2.0},{"damage":2.0,"enemies":"Jaw Worm","floor":2.0,"turns":3.0},{"damage":0.0,"enemies":"2 Louse","floor":3.0,"turns":2.0},{"damage":6.0,"enemies":"Blue Slaver","floor":4.0,"turns":3.0},{"damage":29.0,"enemies":"Lagavulin","floor":7.0,"turns":7.0},{"damage":6.0,"enemies":"3 Louse","floor":10.0,"turns":2.0},{"damage":6.0,"enemies":"Looter","floor":14.0,"turns":3.0},{"damage":18.0,"enemies":"The Guardian","floor":16.0,"turns":9.0},{"damage":27.0,"enemies":"3 Byrds","floor":18.0,"turns":5.0},{"damage":18.0,"enemies":"2 Thieves","floor":19.0,"turns":3.0},{"damage":18.0,"enemies":"Centurion and Healer","floor":20.0,"turns":6.0},{"damage":20.0,"enemies":"Snake Plant","floor":21.0,"turns":3.0},{"damage":15,"enemies":"Book of Stabbing","floor":24,"turns":4},{"damage":10,"enemies":"Cultist and Chosen","floor":27,"turns":5},{"damage":18,"enemies":"Centurion and Healer","floor":28,"turns":5},{"damage":4,"enemies":"Slaver and Parasite","floor":31,"turns":4},{"damage":49,"enemies":"Automaton","floor":33,"turns":8},{"damage":8,"enemies":"Orb Walker","floor":35,"turns":2},{"damage":32,"enemies":"3 Darklings","floor":36,"turns":5},{"damage":17,"enemies":"Flame Bruiser 2 Orb","floor":38,"turns":4},{"damage":14,"enemies":"2 Orb Walkers","floor":40,"turns":3},{"damage":8,"enemies":"4 Shapes","floor":42,"turns":3},{"damage":33,"enemies":"Nemesis","floor":45,"turns":7},{"damage":16,"enemies":"Maw","floor":46,"turns":5},{"damage":8,"enemies":"Giant Head","floor":47,"turns":7},{"damage":17,"enemies":"Awakened One","floor":50,"turns":14}],"seed_played":"-2171214428379239971","potions_obtained":[{"floor":2.0,"key":"SkillPotion"},{"floor":3.0,"key":"Strength Potion"},{"floor":14.0,"key":"PowerPotion"},{"floor":19.0,"key":"Poison Potion"},{"floor":21.0,"key":"PowerPotion"},{"floor":24,"key":"Fire Potion"},{"floor":27,"key":"LiquidBronze"},{"floor":28,"key":"SteroidPotion"}],"is_trial":false,"path_per_floor":["M","M","M","M","?","R","E","R","T","M","?","R","?","M","R","B",null,"M","M","M","M","?","R","E","R","T","M","M","R","?","M","R","B",null,"M","M","$","M","?","E","R","M","T","R","E","M","E","$","R","B"],"character_chosen":"DEFECT","items_purchased":["Ice Cream","Electrodynamics","Thunder Strike","War Paint"],"campfire_rested":7,"item_purchase_floors":[37,37,37,48],"current_hp_per_floor":[75,73,73,67,67,67,38,60,60,54,59,59,59,53,53,35,80,53,35,24,4,4,28,13,37,37,41,30,54,54,64,64,25,80,72,50,50,43,43,29,53,55,55,79,46,50,62,62,80,80],"gold":63,"neow_bonus":"","is_prod":false,"is_daily":false,"chose_seed":false,"campfire_upgraded":4,"win_rate":0,"timestamp":1530335237,"path_taken":["M","M","M","M","?","R","E","R","T","M","?","R","?","M","R","BOSS","M","M","?","M","?","R","E","R","T","M","M","R","?","M","R","BOSS","M","M","$","M","?","E","R","M","T","R","E","M","E","$","R","BOSS"],"build_version":"2018-06-28","purchased_purges":0,"victory":true,"max_hp_per_floor":[75,75,75,75,75,75,75,75,75,75,80,80,80,80,80,80,80,80,80,80,80,80,80,80,80,80,80,80,80,80,80,80,80,80,80,80,80,80,80,80,80,80,80,80,80,80,80,80,80,80],"card_choices":[{"not_picked":["Barrage","Chaos"],"picked":"Rebound","floor":1.0},{"not_picked":["Beam Cell","Rebound"],"picked":"Ball Lightning","floor":2.0},{"not_picked":["Reboot","Melter"],"picked":"Go for the Eyes","floor":3.0},{"not_picked":["Tempest","Heatsinks"],"picked":"Go for the Eyes","floor":4.0},{"not_picked":["Consume","Undo","Amplify"],"picked":"SKIP","floor":7.0},{"not_picked":["Gash","Consume"],"picked":"Conserve Battery","floor":10.0},{"not_picked":["Redo","Stack","Consume"],"picked":"SKIP","floor":14.0},{"not_picked":["Seek","Buffer"],"picked":"Thunder Strike","floor":16.0},{"not_picked":["Gash","Conserve Battery+1"],"picked":"Sunder+1","floor":18.0},{"not_picked":["Loop","Skim"],"picked":"Self Repair","floor":19.0},{"not_picked":["Sweeping Beam","Consume","Rebound+1"],"picked":"SKIP","floor":20.0},{"not_picked":["Recycle+1","Go for the Eyes"],"picked":"Echo Form","floor":21.0},{"not_picked":["Cold Snap","Hologram"],"picked":"Leap","floor":23.0},{"not_picked":["BootSequence","Darkness"],"picked":"Cold Snap+1","floor":24},{"not_picked":["Rip and Tear+1","Genetic Algorithm+1","Cold Snap"],"picked":"SKIP","floor":27},{"not_picked":["Barrage","Storm"],"picked":"Ball Lightning+1","floor":28},{"not_picked":["Conserve Battery+1","Leap","Hologram"],"picked":"SKIP","floor":31},{"not_picked":["Thunder Strike","Machine Learning"],"picked":"Creative AI","floor":33},{"not_picked":["Gash","Melter"],"picked":"Glacier+1","floor":35},{"not_picked":["Force Field","Rip and Tear+1","Cold Snap+1"],"picked":"SKIP","floor":36},{"not_picked":["Chill+1","Chaos+1","White Noise"],"picked":"SKIP","floor":38},{"not_picked":["Hologram","Recycle+1"],"picked":"Static Discharge+1","floor":40},{"not_picked":["Coolheaded+1","Hologram+1","Barrage+1"],"picked":"SKIP","floor":42},{"not_picked":["Heatsinks+1","Blizzard+1","Reinforced Body+1"],"picked":"SKIP","floor":45},{"not_picked":["Hologram+1","Fission"],"picked":"Force Field+1","floor":46},{"not_picked":["Tempest","Reprogram"],"picked":"Glacier+1","floor":47}],"player_experience":419541,"relics_obtained":[{"floor":7.0,"key":"Bag of Marbles"},{"floor":9.0,"key":"Dream Catcher"},{"floor":24,"key":"Whetstone"},{"floor":26,"key":"Pen Nib"},{"floor":40,"key":"Omamori"},{"floor":43,"key":"Ornamental Fan"},{"floor":45,"key":"Happy Flower"},{"floor":47,"key":"Bird Faced Urn"}],"event_choices":[{"event_name":"Living Wall","player_choice":"Grow","floor":5.0,"damage_taken":0.0},{"event_name":"Big Fish","player_choice":"Donut","floor":11.0,"damage_taken":0.0},{"event_name":"The Cleric","player_choice":"Card Removal","floor":13.0,"damage_taken":0.0},{"event_name":"Back to Basics","player_choice":"Simplicity","floor":22.0,"damage_taken":0.0},{"event_name":"FaceTrader","player_choice":"Took Mask Of The Ssserpant","floor":30,"damage_taken":0},{"event_name":"Tomb of Lord Red Mask","player_choice":"Ignored","floor":39,"damage_taken":0}],"boss_relics":[{"not_picked":["Philosopher\u0027s Stone","Calling Bell"],"picked":"Snecko Eye"},{"not_picked":["Astrolabe","Lizard Tail"],"picked":"Sozu"}],"items_purged_floors":[],"is_endless":false,"potions_floor_spawned":[2,3,14,19,21,24,27,28,40,42,47],"ascension_level":4}