{"gold_per_floor":[116,135,10,25,25,50,62,89,89,89,106,135,53,80,80,151,151,165,184,184,57,157,157,182,182,212,238,238,266,285,311,311,384,384,399,127,147,159,159,159,136,136,163,163,180,180,196,211,211,211],"floor_reached":51,"playtime":2303,"items_purged":[],"score":1359,"play_id":"2c96057d-6bc8-4f5e-b693-099c4134ac78","local_time":"20190118214152","is_ascension_mode":true,"campfire_choices":[{"floor":15.0,"key":"REST"},{"data":"Zap","floor":23.0,"key":"SMITH"},{"floor":25.0,"key":"REST"},{"data":"Buffer","floor":28.0,"key":"SMITH"},{"floor":32.0,"key":"REST"},{"data":"Capacitor","floor":40,"key":"SMITH"},{"data":"Consume","floor":42,"key":"SMITH"},{"data":"Reinforced Body","floor":44,"key":"SMITH"},{"floor":49,"key":"REST"}],"neow_cost":"NONE","seed_source_timestamp":0,"circlet_count":0,"master_deck":["AscendersBane","Defend_B","Defend_B","Defend_B+1","Defend_B","Zap+1","Dualcast","Hello World","Compile Driver","Capacitor+1","Leap","Gash","Auto Shields","Reinforced Body+1","Cold Snap","Electrodynamics","Loop","Electrodynamics","BootSequence+1","Bite","Bite","Bite","Bite","Bite","Consume+1","Cold Snap","Biased Cognition","Buffer+1","Glacier","Secret Technique","Conserve Battery+1"],"special_seed":0,"relics":["FrozenCore","DataDisk","Pantograph","Gremlin Horn","Singing Bowl","Bottled Lightning","Orichalcum","Busted Crown","Du-Vu Doll","Kunai","Question Card","Tiny Chest","Blue Candle","Turnip","Emotion Chip","War Paint","Shuriken"],"potions_floor_usage":[50,50],"damage_taken":[{"damage":10.0,"enemies":"Small Slimes","floor":1.0,"turns":2.0},{"damage":2.0,"enemies":"Jaw Worm","floor":2.0,"turns":3.0},{"damage":1.0,"enemies":"Cultist","floor":4.0,"turns":3.0},{"damage":7.0,"enemies":"3 Sentries","floor":6.0,"turns":6.0},{"damage":11.0,"enemies":"3 Louse","floor":7.0,"turns":3.0},{"damage":22.0,"enemies":"Gremlin Nob","floor":8.0,"turns":5.0},{"damage":0.0,"enemies":"Red Slaver","floor":11.0,"turns":4.0},{"damage":13.0,"enemies":"Lagavulin","floor":12.0,"turns":7.0},{"damage":25.0,"enemies":"3 Sentries","floor":14.0,"turns":3.0},{"damage":0.0,"enemies":"Slime Boss","floor":16.0,"turns":5.0},{"damage":6.0,"enemies":"Shell Parasite","floor":18.0,"turns":6.0},{"damage":5.0,"enemies":"3 Byrds","floor":19.0,"turns":4.0},{"damage":11.0,"enemies":"Colosseum Slavers","floor":22.0,"turns":3.0},{"damage":6.0,"enemies":"Colosseum Nobs","floor":22.0,"turns":5.0},{"damage":36.0,"enemies":"Book of Stabbing","floor":24.0,"turns":6.0},{"damage":10.0,"enemies":"Gremlin Leader","floor":27.0,"turns":6.0},{"damage":0.0,"enemies":"Slavers","floor":29.0,"turns":3.0},{"damage":16.0,"enemies":"Snake Plant","floor":30.0,"turns":3.0},{"damage":27.0,"enemies":"Book of Stabbing","floor":31.0,"turns":6.0},{"damage":26.0,"enemies":"Collector","floor":33.0,"turns":8.0},{"damage":29,"enemies":"3 Shapes","floor":35,"turns":6},{"damage":0,"enemies":"Orb Walker","floor":37,"turns":4},{"damage":9,"enemies":"Jaw Worm Horde","floor":38,"turns":2},{"damage":34,"enemies":"Transient","floor":45,"turns":5},{"damage":0,"enemies":"4 Shapes","floor":47,"turns":7},{"damage":4,"enemies":"Spire Growth","floor":48,"turns":9},{"damage":22,"enemies":"Awakened One","floor":50,"turns":23}],"seed_played":"-5358114570486814564","potions_obtained":[{"floor":1.0,"key":"Fire Potion"},{"floor":8.0,"key":"Weak Potion"},{"floor":12.0,"key":"PowerPotion"},{"floor":16.0,"key":"AttackPotion"},{"floor":19.0,"key":"EssenceOfSteel"},{"floor":22.0,"key":"FearPotion"},{"floor":27.0,"key":"Fruit Juice"},{"floor":31.0,"key":"Ancient Potion"},{"floor":35,"key":"FocusPotion"}],"is_trial":false,"path_per_floor":["M","M","$","M","?","E","M","E","T","?","M","E","$","E","R","B",null,"M","M","?","$","?","R","E","R","T","E","R","E","M","E","R","B",null,"M","$","M","M","?","R","$","R","T","R","M","T","M","M","R","B",null],"character_chosen":"DEFECT","items_purchased":["Capacitor","Leap","Loop","Consume","Cold Snap","FocusPotion","Secret Technique","Conserve Battery"],"campfire_rested":4,"item_purchase_floors":[3,3,13,21,21,36,36,41],"current_hp_per_floor":[58,56,56,55,55,48,37,15,15,40,40,27,27,4,27,52,71,67,62,55,55,55,55,29,46,46,46,51,53,41,24,43,50,64,45,45,53,50,52,52,52,52,52,52,22,22,32,48,72,82],"gold":211,"neow_bonus":"RANDOM_COMMON_RELIC","is_prod":false,"is_daily":false,"chose_seed":false,"campfire_upgraded":5,"win_rate":0,"timestamp":1547847712,"path_taken":["M","M","$","M","?","E","M","E","T","?","M","E","$","E","R","BOSS","M","M","?","$","?","R","E","R","T","E","R","E","M","E","R","BOSS","M","$","M","M","?","R","$","R","T","R","M","?","?","M","R","BOSS"],"build_version":"2019-01-17v2","purchased_purges":0,"victory":true,"max_hp_per_floor":[75,75,75,75,75,75,75,75,75,75,75,75,75,77,77,77,77,79,79,55,55,57,57,57,57,57,57,62,64,66,66,66,68,68,70,70,72,74,76,76,76,76,76,76,78,78,80,82,82,82],"card_choices":[{"not_picked":["Force Field","Turbo"],"picked":"Hello World","floor":1.0},{"not_picked":["Hologram","Fusion"],"picked":"Compile Driver","floor":2.0},{"not_picked":["Heatsinks","Lockon"],"picked":"Gash","floor":4.0},{"not_picked":["Melter","Machine Learning"],"picked":"Auto Shields","floor":6.0},{"not_picked":["Double Energy","Aggregate","Tempest"],"picked":"SKIP","floor":7.0},{"not_picked":["Hologram","Blizzard"],"picked":"Reinforced Body","floor":8.0},{"not_picked":["Compile Driver","Beam Cell"],"picked":"Cold Snap","floor":11.0},{"not_picked":["Creative AI","Streamline"],"picked":"Electrodynamics","floor":12.0},{"not_picked":["Rebound","Barrage","Redo"],"picked":"Singing Bowl","floor":14.0},{"not_picked":["Machine Learning","Reboot"],"picked":"Electrodynamics","floor":16.0},{"not_picked":["Barrage"],"picked":"Singing Bowl","floor":18.0},{"not_picked":[],"picked":"BootSequence+1","floor":19.0},{"not_picked":["Chill"],"picked":"Singing Bowl","floor":22.0},{"not_picked":[],"picked":"Biased Cognition","floor":24.0},{"not_picked":["Beam Cell"],"picked":"Buffer","floor":27.0},{"not_picked":["Hello World","Go for the Eyes"],"picked":"Singing Bowl","floor":29.0},{"not_picked":["Redo","Go for the Eyes"],"picked":"Singing Bowl","floor":30.0},{"not_picked":["Cold Snap"],"picked":"Glacier","floor":31.0},{"not_picked":["Multi-Cast","Meteor Strike"],"picked":"Singing Bowl","floor":33.0},{"not_picked":["Streamline","Heatsinks"],"picked":"Singing Bowl","floor":35},{"not_picked":["Tempest","Leap"],"picked":"Singing Bowl","floor":37},{"not_picked":["Redo","Chaos+1"],"picked":"Singing Bowl","floor":38},{"not_picked":["Forethought","Blind"],"picked":"Singing Bowl","floor":39},{"not_picked":["Coolheaded","Force Field"],"picked":"Singing Bowl","floor":45},{"not_picked":["Ball Lightning","Conserve Battery"],"picked":"Singing Bowl","floor":47},{"not_picked":["Streamline","Heatsinks"],"picked":"Singing Bowl","floor":48}],"player_experience":139515,"relics_obtained":[{"floor":6.0,"key":"Pantograph"},{"floor":8.0,"key":"Gremlin Horn"},{"floor":9.0,"key":"Singing Bowl"},{"floor":12.0,"key":"Bottled Lightning"},{"floor":14.0,"key":"Orichalcum"},{"floor":22.0,"key":"Du-Vu Doll"},{"floor":22.0,"key":"Kunai"},{"floor":24.0,"key":"Question Card"},{"floor":26.0,"key":"Tiny Chest"},{"floor":27.0,"key":"Blue Candle"},{"floor":29.0,"key":"Turnip"},{"floor":31.0,"key":"Emotion Chip"},{"floor":43,"key":"War Paint"},{"floor":46,"key":"Shuriken"}],"event_choices":[{"damage_healed":0.0,"max_hp_gain":0.0,"max_hp_loss":0.0,"gold_gain":0.0,"event_name":"The Cleric","player_choice":"Leave","floor":5.0,"gold_loss":0.0,"damage_taken":0.0},{"damage_healed":25.0,"max_hp_gain":0.0,"max_hp_loss":0.0,"gold_gain":0.0,"event_name":"Big Fish","player_choice":"Banana","floor":10.0,"gold_loss":0.0,"damage_taken":0.0},{"damage_healed":0.0,"max_hp_gain":0.0,"max_hp_loss":24.0,"gold_gain":0.0,"event_name":"Vampires","player_choice":"Became a vampire","floor":20.0,"gold_loss":0.0,"damage_taken":0.0,"cards_obtained":["Bite","Bite","Bite","Bite","Bite"]},{"damage_healed":0.0,"max_hp_gain":0.0,"max_hp_loss":0.0,"gold_gain":0.0,"event_name":"Colosseum","player_choice":"Fight","floor":22.0,"gold_loss":0.0,"damage_taken":0.0},{"damage_healed":0.0,"max_hp_gain":0.0,"max_hp_loss":0.0,"gold_gain":0.0,"event_name":"Colosseum","player_choice":"Fought Nobs","floor":22.0,"gold_loss":0.0,"damage_taken":0.0},{"damage_healed":0,"gold_gain":0,"player_choice":"Memory 1","damage_taken":0,"max_hp_gain":0,"max_hp_loss":0,"event_name":"SensoryStone","floor":39,"gold_loss":0}],"is_beta":false,"boss_relics":[{"not_picked":["Pandora\u0027s Box","Tiny House"],"picked":"Busted Crown"},{"not_picked":["Black Star","Empty Cage"],"picked":"FrozenCore"}],"items_purged_floors":[],"is_endless":false,"potions_floor_spawned":[1,8,12,16,19,22,24,27,31,35,45,47],"ascension_level":13}