{"gold_per_floor":[118,118,131,161,172,206,229,256,303,30,30,59,76,86,86,86],"floor_reached":16,"playtime":1441,"items_purged":["Strike_R"],"score":126,"play_id":"0f002f26-0fe7-4ca1-8c6e-549ee3172270","local_time":"20180719122645","is_ascension_mode":true,"campfire_choices":[{"data":"Feed","floor":11,"key":"SMITH"},{"floor":15,"key":"REST"}],"neow_cost":"NONE","seed_source_timestamp":0,"circlet_count":0,"master_deck":["Strike_R+1","Strike_R","Strike_R","Strike_R+1","Defend_R","Defend_R","Defend_R","Defend_R","Bash","Havoc","Feed+1","Hemokinesis","Inflame","Burning Pact"],"special_seed":17731,"relics":["Burning Blood","Boot","Tiny Chest","Turnip","Ancient Tea Set","Omamori","Orichalcum","Sling","Bottled Lightning"],"potions_floor_usage":[6,16,16],"damage_taken":[{"damage":6,"enemies":"2 Louse","floor":1,"turns":3},{"damage":6,"enemies":"Jaw Worm","floor":3,"turns":3},{"damage":0,"enemies":"Cultist","floor":5,"turns":3},{"damage":44,"enemies":"3 Sentries","floor":6,"turns":10},{"damage":17,"enemies":"Gremlin Nob","floor":8,"turns":3},{"damage":31,"enemies":"Lagavulin","floor":12,"turns":4},{"damage":7,"enemies":"2 Fungi Beasts","floor":13,"turns":3},{"damage":7,"enemies":"Large Slime","floor":14,"turns":6},{"damage":44,"enemies":"The Guardian","floor":16,"turns":8}],"seed_played":"-3692985004623791933","potions_obtained":[{"floor":1,"key":"Regen Potion"},{"floor":3,"key":"FairyPotion"},{"floor":6,"key":"Weak Potion"},{"floor":14,"key":"EssenceOfSteel"}],"is_trial":false,"path_per_floor":["M","?","M","?","M","E","T","E","T","$","R","E","M","M","R"],"character_chosen":"IRONCLAD","items_purchased":["Sling"],"campfire_rested":1,"item_purchase_floors":[10],"current_hp_per_floor":[80,64,64,46,52,32,32,21,21,21,21,14,17,16,42,0],"gold":86,"neow_bonus":"RANDOM_COMMON_RELIC","is_prod":false,"is_daily":false,"chose_seed":false,"campfire_upgraded":1,"win_rate":0,"timestamp":1531974405,"path_taken":["M","?","?","?","M","E","?","E","T","$","R","E","M","M","R","BOSS"],"build_version":"2018-07-12","purchased_purges":1,"victory":false,"max_hp_per_floor":[80,80,80,80,80,83,83,83,83,83,83,83,87,87,87,87],"card_choices":[{"not_picked":["Reckless Charge","Wild Strike","Searing Blow"],"picked":"SKIP","floor":1},{"not_picked":["Carnage","Heavy Blade"],"picked":"Havoc","floor":3},{"not_picked":["Flex","Perfected Strike"],"picked":"Feed","floor":5},{"not_picked":["Headbutt","Twin Strike"],"picked":"Hemokinesis","floor":6},{"not_picked":["Uppercut","Sword Boomerang","Iron Wave"],"picked":"SKIP","floor":8},{"not_picked":["Wild Strike","Twin Strike"],"picked":"Inflame","floor":12},{"not_picked":["Armaments","Cleave","Iron Wave"],"picked":"SKIP","floor":13},{"not_picked":["Bloodletting","Iron Wave"],"picked":"Burning Pact","floor":14}],"player_experience":173386,"relics_obtained":[{"floor":6,"key":"Turnip"},{"floor":7,"key":"Ancient Tea Set"},{"floor":8,"key":"Omamori"},{"floor":9,"key":"Orichalcum"},{"floor":12,"key":"Bottled Lightning"}],"event_choices":[{"event_name":"Shining Light","player_choice":"Entered Light","floor":2,"damage_taken":0},{"event_name":"Scrap Ooze","player_choice":"success","floor":4,"damage_taken":18}],"boss_relics":[],"items_purged_floors":[10],"is_endless":false,"potions_floor_spawned":[1,3,6,14],"killed_by":"The Guardian","ascension_level":1}