{"path_per_floor":["M","M","M","?","$","R","E","?","T","M","?","R","?","M","R","B",null,"M","M","M","$","M","R","?","?","T","$","T","M","R","M","R"],"character_chosen":"IRONCLAD","items_purchased":["Havoc","Sentinel","Demon Form","Mango","Dramatic Entrance"],"gold_per_floor":[219,230,249,324,224,224,255,255,255,266,266,266,216,227,227,327,327,337,356,375,375,393,393,393,643,643,94,169,185,185,199,199],"floor_reached":33,"campfire_rested":4,"playtime":2444,"current_hp_per_floor":[80,64,62,51,51,75,63,63,63,69,69,69,69,71,71,36,80,67,36,11,11,21,45,45,45,45,59,59,29,50,15,36],"items_purged":[],"gold":199,"play_id":"c437bae7-5e85-4fd7-901f-416d650edcd4","is_prod":false,"is_daily":false,"campfire_rituals":0,"campfire_upgraded":2,"is_hardmode":false,"path_taken":["M","M","M","?","$","R","E","?","T","?","?","R","?","M","R","BOSS","M","M","M","$","?","R","?","?","T","$","?","M","R","M","R","BOSS"],"build_version":"2017-12-21-PROD1","purchased_purges":0,"victory":false,"master_deck":["Defend_R","Defend_R","Defend_R","Bash","Uppercut","Headbutt","Sever Soul","Havoc","Sentinel","Flex","Burning Pact","Disarm","Sword Boomerang","Immolate","Cleave","Wild Strike","Twin Strike","Wild Strike","Bite_R","Bite_R","Bite_R","Bite_R","Bite_R","Regret","Demon Form","Dramatic Entrance","Sentinel","Pommel Strike"],"max_hp_per_floor":[80,80,80,80,80,80,80,80,80,80,80,80,80,80,80,80,80,80,80,80,80,80,80,56,56,56,70,70,70,70,70,70],"relics":["Black Blood","Pantograph","Letter Opener","Ginger","Mango","Toolbox"],"campfire_meditates":0,"card_choices":[{"not_picked":["Flex","Shrug It Off"],"picked":"Uppercut"},{"not_picked":["Whirlwind","Pummel"],"picked":"Headbutt"},{"not_picked":["Anger","Disarm"],"picked":"Sever Soul"},{"not_picked":["Rupture","Thunderclap"],"picked":"Flex"},{"not_picked":["Iron Wave","Flex"],"picked":"Disarm"},{"not_picked":["Combust","Blood for Blood"],"picked":"Sword Boomerang"},{"not_picked":["Barricade","Dark Embrace"],"picked":"Immolate"},{"not_picked":["Disarm","Flex"],"picked":"Cleave"},{"not_picked":["Clash","Anger"],"picked":"Wild Strike"},{"not_picked":["Rupture","Rage"],"picked":"Twin Strike"},{"not_picked":["Perfected Strike","Metallicize"],"picked":"Wild Strike"},{"not_picked":["Brutality","Wild Strike"],"picked":"Sentinel"},{"not_picked":["Clash","Second Wind"],"picked":"Pommel Strike"}],"player_experience":33469,"potions_floor_usage":[16,16,16,22,22,29],"damage_taken":[{"damage":1,"enemies":"Cultist","floor":1,"turns":4},{"damage":22,"enemies":"Looter","floor":2,"turns":4},{"damage":8,"enemies":"Jaw Worm","floor":3,"turns":2},{"damage":18,"enemies":"Gremlin Nob","floor":7,"turns":4},{"damage":0,"enemies":"Large Slime","floor":10,"turns":3},{"damage":4,"enemies":"3 Louse","floor":14,"turns":2},{"damage":56,"enemies":"Slime Boss","floor":16,"turns":11},{"damage":23,"enemies":"Spheric Guardian","floor":18,"turns":4},{"damage":41,"enemies":"3 Byrds","floor":19,"turns":5},{"damage":35,"enemies":"3 Cultists","floor":20,"turns":5},{"damage":0,"enemies":"Chosen and Byrds","floor":22,"turns":4},{"damage":48,"enemies":"Centurion and Healer","floor":29,"turns":6},{"damage":53,"enemies":"3 Cultists","floor":31,"turns":6},{"damage":72,"enemies":"Collector","floor":33,"turns":4}],"event_choices":[{"event_name":"World of Goop","player_choice":"Gather Gold","floor":4,"damage_taken":0},{"event_name":"Living Wall","player_choice":"Change","floor":8,"damage_taken":0},{"event_name":"Bonfire Elementals","player_choice":"ATTACK","floor":11,"damage_taken":0},{"event_name":"The Cleric","player_choice":"Card Removal","floor":13,"damage_taken":0},{"event_name":"Vampires","player_choice":"Became a vampire","floor":24,"damage_taken":0},{"event_name":"Golden Shrine","player_choice":"Desecrate","floor":25,"damage_taken":0}],"boss_relics":[{"not_picked":["Runic Dome","Runic Cube"],"picked":"Black Blood"}],"potions_floor_spawned":[2,7,10,14,19,20,22],"seed_played":"-6780663566823668522","killed_by":"Collector","is_trial":false}