{"gold_per_floor":[367,6,16,16,16,50,50,60,60,72,97,97,97,108,108,208,208,224,50,63,78,97,97,97],"floor_reached":24,"playtime":1062,"items_purged":["Clumsy","Normality"],"score":306,"play_id":"5d936280-cbc2-4155-959e-a88254486214","local_time":"20190113171329","is_ascension_mode":true,"campfire_choices":[{"data":"Genetic Algorithm","floor":7,"key":"SMITH"},{"floor":15,"key":"REST"},{"floor":23,"key":"REST"}],"neow_cost":"CURSE","seed_source_timestamp":1640844596199857,"circlet_count":0,"master_deck":["Strike_B","Strike_B","Strike_B","Strike_B","Defend_B","Defend_B","Defend_B","Defend_B","Zap","Dualcast","Defragment","Genetic Algorithm+1","Echo Form","Sweeping Beam+1","FTL+1","Gash+1","Go for the Eyes+1","Beam Cell+1","Reboot","Writhe","Pain","Go for the Eyes+1","Chaos+1","Gash+1","Compile Driver+1"],"relics":["Cracked Core","Thread and Needle","Molten Egg 2","Darkstone Periapt","Sundial","The Courier","FaceOfCleric","Calling Bell","Smiling Mask","Mercury Hourglass","Shovel","Blood Vial"],"potions_floor_usage":[16,22,24],"damage_taken":[{"damage":0,"enemies":"Small Slimes","floor":1,"turns":2},{"damage":0,"enemies":"2 Louse","floor":3,"turns":3},{"damage":33,"enemies":"Lagavulin","floor":6,"turns":7},{"damage":0,"enemies":"Cultist","floor":8,"turns":3},{"damage":7,"enemies":"Looter","floor":10,"turns":3},{"damage":19,"enemies":"Gremlin Nob","floor":11,"turns":4},{"damage":0,"enemies":"Red Slaver","floor":14,"turns":3},{"damage":14,"enemies":"Hexaghost","floor":16,"turns":8},{"damage":8,"enemies":"Chosen","floor":18,"turns":4},{"damage":21,"enemies":"Shell Parasite","floor":20,"turns":4},{"damage":41,"enemies":"Centurion and Healer","floor":21,"turns":6},{"damage":2,"enemies":"Chosen and Byrds","floor":22,"turns":4},{"damage":53,"enemies":"Gremlin Leader","floor":24,"turns":7}],"seed_played":"1153069092470141267","potions_obtained":[{"floor":1,"key":"Dexterity Potion"},{"floor":6,"key":"Swift Potion"},{"floor":20,"key":"Swift Potion"}],"is_trial":false,"path_per_floor":["M","$","M","?","?","E","R","M","T","M","E","$","?","M","R","B",null,"M","$","M","M","M","R","E"],"character_chosen":"DEFECT","items_purchased":["Thread and Needle","Blood Vial"],"campfire_rested":2,"item_purchase_floors":[2,19],"current_hp_per_floor":[68,68,68,65,65,32,32,32,32,25,6,6,6,7,29,16,80,73,73,55,17,18,47,0],"gold":97,"neow_bonus":"TWO_FIFTY_GOLD","is_prod":false,"is_daily":false,"chose_seed":false,"campfire_upgraded":1,"win_rate":0,"timestamp":1547399609,"path_taken":["M","$","M","?","?","E","R","?","T","M","E","$","?","M","R","BOSS","M","$","M","M","M","R","E"],"build_version":"2019-01-10","purchased_purges":2,"victory":false,"max_hp_per_floor":[75,75,75,75,75,75,75,75,75,75,75,75,75,76,76,77,95,96,96,97,98,99,99,99],"card_choices":[{"not_picked":["Sunder","Redo"],"picked":"Defragment","floor":1},{"not_picked":["Sunder","Turbo"],"picked":"Genetic Algorithm","floor":3},{"not_picked":["Heatsinks","Coolheaded"],"picked":"FTL+1","floor":6},{"not_picked":["Force Field","Aggregate","Barrage+1"],"picked":"SKIP","floor":8},{"not_picked":["Coolheaded","Hologram"],"picked":"Gash+1","floor":10},{"not_picked":["Aggregate","White Noise"],"picked":"Go for the Eyes+1","floor":11},{"not_picked":["Compile Driver+1","Force Field"],"picked":"Beam Cell+1","floor":14},{"not_picked":["Core Surge+1","Hyperbeam+1"],"picked":"Reboot","floor":16},{"not_picked":["Turbo","Chaos"],"picked":"Go for the Eyes+1","floor":18},{"not_picked":["Cold Snap+1","Turbo"],"picked":"Chaos+1","floor":20},{"not_picked":["Compile Driver+1","Steam Power"],"picked":"Gash+1","floor":21},{"not_picked":["Ball Lightning+1","Redo+1"],"picked":"Compile Driver+1","floor":22}],"player_experience":247883,"relics_obtained":[{"floor":6,"key":"Darkstone Periapt"},{"floor":9,"key":"Sundial"},{"floor":11,"key":"The Courier"},{"floor":17,"key":"Smiling Mask"},{"floor":17,"key":"Mercury Hourglass"},{"floor":17,"key":"Shovel"}],"event_choices":[{"damage_healed":0,"gold_gain":0,"player_choice":"Success","damage_taken":3,"relics_obtained":["Molten Egg 2"],"max_hp_gain":0,"max_hp_loss":0,"event_name":"Scrap Ooze","floor":4,"gold_loss":0},{"damage_healed":0,"gold_gain":0,"player_choice":"2 cards matched","damage_taken":0,"max_hp_gain":0,"max_hp_loss":0,"event_name":"Match and Keep!","floor":5,"gold_loss":0,"cards_obtained":["Echo Form","Sweeping Beam"]},{"damage_healed":0,"gold_gain":0,"player_choice":"Trade","damage_taken":0,"relics_obtained":["FaceOfCleric"],"max_hp_gain":0,"max_hp_loss":0,"event_name":"FaceTrader","floor":13,"gold_loss":0}],"is_beta":false,"boss_relics":[{"not_picked":["Sozu","Astrolabe"],"picked":"Calling Bell"}],"items_purged_floors":[2,19],"is_endless":false,"potions_floor_spawned":[1,6,20],"killed_by":"Gremlin Leader","ascension_level":7}