{"path_per_floor":["M","$","?","M","T","R","$","E","T","R","?","?","M","M","R","B",null,"M","?","M","M","M"],"character_chosen":"IRONCLAD","items_purchased":["Dual Wield"],"gold_per_floor":[109,34,34,52,52,52,28,53,53,53,128,128,144,156,156,260,260,278,278,296,307,327],"floor_reached":23,"campfire_rested":0,"playtime":1326,"current_hp_per_floor":[80,80,80,80,80,80,80,84,84,84,73,57,67,73,73,58,92,83,68,75,72,57],"items_purged":["Strike_R"],"gold":327,"play_id":"2f079958-d3d2-473c-8ca4-59996d2de0e2","is_prod":false,"is_daily":false,"campfire_rituals":0,"campfire_upgraded":3,"is_hardmode":false,"path_taken":["M","$","?","M","?","R","?","E","T","R","?","?","M","M","R","BOSS","M","?","M","M","M","E"],"build_version":"2018-01-04-PROD1","purchased_purges":1,"victory":false,"master_deck":["Strike_R","Strike_R","Strike_R","Strike_R","Defend_R","Defend_R","Defend_R","Bash","Pommel Strike","Feed","Dual Wield","Clash","Seeing Red","Limit Break","Body Slam","Armaments"],"max_hp_per_floor":[80,80,80,80,80,80,80,84,84,84,84,84,88,92,92,92,92,92,97,101,105,109],"relics":["Black Blood","NeowsBlessing","Champion Belt","Molten Egg","Peace Pipe"],"campfire_meditates":0,"card_choices":[{"not_picked":["Ghostly Armor","Sword Boomerang"],"picked":"Pommel Strike"},{"not_picked":["Corruption","Power Through"],"picked":"Feed"},{"not_picked":["Sever Soul","Pommel Strike"],"picked":"Clash"},{"not_picked":["Sword Boomerang","Pommel Strike"],"picked":"Seeing Red"},{"not_picked":["Demon Form","Offering"],"picked":"Limit Break"},{"not_picked":["Carnage","Evolve"],"picked":"Body Slam"},{"not_picked":["Cleave","Sever Soul"],"picked":"Armaments"}],"player_experience":154159,"potions_floor_usage":[16,18,21,23,23],"damage_taken":[{"damage":0,"enemies":"Small Slimes","floor":1,"turns":1},{"damage":0,"enemies":"Blue Slaver","floor":4,"turns":1},{"damage":0,"enemies":"Lagavulin","floor":8,"turns":1},{"damage":0,"enemies":"2 Louse","floor":13,"turns":2},{"damage":4,"enemies":"Exordium Thugs","floor":14,"turns":3},{"damage":21,"enemies":"Hexaghost","floor":16,"turns":5},{"damage":19,"enemies":"Chosen","floor":18,"turns":6},{"damage":7,"enemies":"Shell Parasite","floor":20,"turns":3},{"damage":17,"enemies":"3 Cultists","floor":21,"turns":6},{"damage":29,"enemies":"Snecko","floor":22,"turns":7},{"damage":65,"enemies":"Gremlin Leader","floor":23,"turns":8}],"event_choices":[{"event_name":"Bonfire Elementals","player_choice":"SKILL","floor":3,"damage_taken":0},{"event_name":"World of Goop","player_choice":"Gather Gold","floor":11,"damage_taken":0},{"event_name":"Shining Light","player_choice":"Entered Light","floor":12,"damage_taken":0},{"event_name":"Forgotten Altar","player_choice":"Shed Blood","floor":19,"damage_taken":0}],"boss_relics":[{"not_picked":["Cursed Key","Pandora\u0027s Box"],"picked":"Black Blood"}],"potions_floor_spawned":[8,13,14,16,20,22],"seed_played":"8330150641351687443","killed_by":"Gremlin Leader","is_trial":false}