{"gold_per_floor":[119,136,86,11,11,46,46,73,73,102,119,152,152,170,170,267,267,280,361,361,89,89,117,117,4,4,4,24,53,53,152,152,255,255,265,284,284,308,308,341,355,355,355,372,372,372,40,51,51,51],"floor_reached":51,"playtime":1940,"items_purged":["Strike_B"],"score":908,"play_id":"389be9a8-af2a-42f4-ad66-6fc58f772e2f","local_time":"20190108201255","is_ascension_mode":true,"campfire_choices":[{"data":"Zap","floor":7,"key":"SMITH"},{"data":"Sunder","floor":15,"key":"SMITH"},{"floor":24,"key":"DIG"},{"floor":27,"key":"DIG"},{"floor":30,"key":"DIG"},{"floor":32,"key":"REST"},{"floor":42,"key":"DIG"},{"floor":49,"key":"DIG"}],"neow_cost":"NONE","seed_source_timestamp":259088309234698,"circlet_count":0,"master_deck":["Strike_B+1","Strike_B+1","Strike_B+1","Defend_B+1","Defend_B+1","Defend_B+1","Zap+1","Dualcast","Ball Lightning","Hologram","Ball Lightning","Steam+1","Sunder+1","Storm+1","Capacitor+1","Machine Learning+1","Storm+1","Reinforced Body","Defragment+1","Heatsinks+1","White Noise","Machine Learning+1","Rainbow","Coolheaded+1","Dash+1","Chrysalis+1","Seek+1"],"relics":["Cracked Core","NeowsBlessing","Du-Vu Doll","Blood Vial","Bottled Lightning","Matryoshka","War Paint","Frozen Egg 2","Gremlin Horn","Mercury Hourglass","Snecko Eye","Tiny Chest","Happy Flower","PrismaticShard","Shovel","Molten Egg 2","Juzu Bracelet","Bag of Marbles","Prayer Wheel","Omamori","Fusion Hammer","Strawberry","Dream Catcher","Dodecahedron","Toxic Egg 2","Anchor","Gambling Chip"],"potions_floor_usage":[11,16,18,29,41,50,50],"damage_taken":[{"damage":0,"enemies":"Cultist","floor":1,"turns":1},{"damage":0,"enemies":"Jaw Worm","floor":2,"turns":1},{"damage":0,"enemies":"Gremlin Nob","floor":6,"turns":1},{"damage":33,"enemies":"Lagavulin","floor":8,"turns":4},{"damage":6,"enemies":"Gremlin Nob","floor":10,"turns":3},{"damage":0,"enemies":"2 Louse","floor":11,"turns":1},{"damage":13,"enemies":"Lagavulin","floor":12,"turns":4},{"damage":11,"enemies":"Red Slaver","floor":14,"turns":2},{"damage":7,"enemies":"Hexaghost","floor":16,"turns":6},{"damage":6,"enemies":"3 Byrds","floor":18,"turns":3},{"damage":41,"enemies":"Slavers","floor":23,"turns":5},{"damage":12,"enemies":"Chosen","floor":28,"turns":2},{"damage":22,"enemies":"Book of Stabbing","floor":29,"turns":4},{"damage":20,"enemies":"Collector","floor":33,"turns":6},{"damage":7,"enemies":"3 Shapes","floor":35,"turns":2},{"damage":3,"enemies":"Orb Walker","floor":36,"turns":2},{"damage":13,"enemies":"Nemesis","floor":40,"turns":7},{"damage":11,"enemies":"4 Shapes","floor":41,"turns":2},{"damage":25,"enemies":"Sphere and 2 Shapes","floor":44,"turns":4},{"damage":0,"enemies":"Writhing Mass","floor":48,"turns":3},{"damage":42,"enemies":"Awakened One","floor":50,"turns":11}],"seed_played":"8302895933698452885","potions_obtained":[{"floor":1,"key":"PowerPotion"},{"floor":2,"key":"FairyPotion"},{"floor":10,"key":"Explosive Potion"},{"floor":16,"key":"LiquidBronze"},{"floor":18,"key":"Block Potion"},{"floor":33,"key":"Explosive Potion"},{"floor":41,"key":"FocusPotion"},{"floor":44,"key":"Poison Potion"}],"is_trial":false,"path_per_floor":["M","M","?","$","?","E","R","E","T","E","M","E","T","M","R","B",null,"M","T","?","$","?","E","R","$","T","R","M","E","R","?","R","B",null,"M","M","?","T","?","E","M","R","T","M","?","?","$","M","R","B",null],"character_chosen":"DEFECT","items_purchased":["PrismaticShard","Storm+1","Heatsinks+1","White Noise","Chrysalis+1","Anchor"],"campfire_rested":1,"item_purchase_floors":[21,21,25,25,47,47],"current_hp_per_floor":[75,75,75,75,75,75,75,42,42,38,40,29,29,20,20,15,75,69,69,69,69,69,30,30,30,30,30,20,7,7,7,29,11,75,68,67,67,74,74,63,54,54,54,31,31,68,68,68,68,26],"gold":51,"neow_bonus":"THREE_ENEMY_KILL","is_prod":false,"is_daily":false,"chose_seed":false,"campfire_upgraded":2,"win_rate":0,"timestamp":1546978375,"path_taken":["M","?","?","$","?","E","R","E","T","E","?","E","?","M","R","BOSS","M","?","?","?","?","E","R","$","T","R","M","E","R","?","R","BOSS","M","M","?","?","?","E","M","R","T","M","?","?","$","M","R","BOSS"],"build_version":"2019-01-03v4","purchased_purges":1,"victory":true,"max_hp_per_floor":[75,75,75,75,75,75,75,75,75,75,75,75,75,75,75,75,75,75,75,75,75,75,75,75,75,75,75,75,75,75,75,75,75,75,75,75,75,82,78,78,78,78,78,78,78,68,68,68,68,68],"card_choices":[{"not_picked":["Hello World","BootSequence"],"picked":"Ball Lightning","floor":1},{"not_picked":["Coolheaded","Double Energy","Streamline"],"picked":"SKIP","floor":2},{"not_picked":["Steam","White Noise"],"picked":"Hologram","floor":6},{"not_picked":["Hologram","Undo"],"picked":"Ball Lightning","floor":8},{"not_picked":["Meteor Strike","Turbo"],"picked":"Steam","floor":10},{"not_picked":["Capacitor","BootSequence"],"picked":"Sunder","floor":11},{"not_picked":["Heatsinks","BootSequence"],"picked":"Storm","floor":12},{"not_picked":["Redo","Sunder"],"picked":"Capacitor+1","floor":14},{"not_picked":["Thunder Strike","Seek"],"picked":"Machine Learning+1","floor":16},{"not_picked":["Beam Cell","Steam Power","Rebound"],"picked":"SKIP","floor":18},{"not_picked":["Cleave","Auto Shields+1"],"picked":"Defragment+1","floor":23},{"not_picked":["Leap","Wild Strike+1","Terror"],"picked":"SKIP","floor":28},{"not_picked":["Genetic Algorithm+1","Warcry"],"picked":"Machine Learning+1","floor":29},{"not_picked":["Metamorphosis","Dark Embrace+1"],"picked":"Rainbow","floor":33},{"not_picked":["Sentinel","Leap","Dual Wield+1"],"picked":"SKIP","floor":35},{"not_picked":["Intimidate","Outmaneuver+1","Prepared"],"picked":"SKIP","floor":35},{"not_picked":["Anger+1","Perfected Strike+1"],"picked":"Coolheaded+1","floor":36},{"not_picked":["Uppercut+1","Darkness","Sever Soul+1"],"picked":"SKIP","floor":36},{"not_picked":["Uppercut+1","Darkness","Sever Soul+1"],"picked":"SKIP","floor":36},{"not_picked":["Disarm+1","Darkness","PiercingWail+1"],"picked":"SKIP","floor":40},{"not_picked":["Gash+1","Battle Trance+1"],"picked":"Dash+1","floor":41},{"not_picked":["Perfected Strike+1","Bane+1","Gash+1"],"picked":"SKIP","floor":41},{"not_picked":["Anger+1","Dagger Spray+1","Pommel Strike+1"],"picked":"SKIP","floor":44},{"not_picked":["Deflect+1","Pommel Strike+1","Cloak And Dagger+1"],"picked":"SKIP","floor":44},{"not_picked":["Dodge and Roll+1","Concentrate+1"],"picked":"Seek+1","floor":48},{"not_picked":["Feel No Pain+1","Compile Driver+1","Quick Slash+1"],"picked":"SKIP","floor":48}],"player_experience":21006,"relics_obtained":[{"floor":5,"key":"Du-Vu Doll"},{"floor":6,"key":"Blood Vial"},{"floor":8,"key":"Bottled Lightning"},{"floor":9,"key":"Matryoshka"},{"floor":10,"key":"War Paint"},{"floor":12,"key":"Frozen Egg 2"},{"floor":13,"key":"Gremlin Horn"},{"floor":13,"key":"Mercury Hourglass"},{"floor":19,"key":"Tiny Chest"},{"floor":19,"key":"Happy Flower"},{"floor":23,"key":"Shovel"},{"floor":24,"key":"Molten Egg 2"},{"floor":26,"key":"Juzu Bracelet"},{"floor":27,"key":"Bag of Marbles"},{"floor":29,"key":"Prayer Wheel"},{"floor":30,"key":"Omamori"},{"floor":38,"key":"Strawberry"},{"floor":40,"key":"Dream Catcher"},{"floor":42,"key":"Dodecahedron"},{"floor":43,"key":"Toxic Egg 2"},{"floor":49,"key":"Gambling Chip"}],"event_choices":[{"cards_removed":["Defend_B"],"damage_healed":0,"gold_gain":0,"player_choice":"Card Removal","damage_taken":0,"max_hp_gain":0,"max_hp_loss":0,"event_name":"The Cleric","floor":3,"gold_loss":50},{"damage_healed":0,"gold_gain":0,"player_choice":"Relic","damage_taken":0,"max_hp_gain":0,"max_hp_loss":0,"event_name":"Wheel of Change","floor":5,"gold_loss":0},{"damage_healed":0,"gold_gain":0,"player_choice":"Simplicity","damage_taken":0,"max_hp_gain":0,"max_hp_loss":0,"event_name":"Back to Basics","floor":20,"gold_loss":0,"cards_upgraded":["Strike_B","Strike_B","Strike_B","Defend_B","Defend_B"]},{"damage_healed":0,"gold_gain":0,"player_choice":"Read","damage_taken":0,"max_hp_gain":0,"max_hp_loss":0,"event_name":"The Library","floor":22,"gold_loss":0,"cards_obtained":["Reinforced Body"]},{"damage_healed":0,"gold_gain":99,"player_choice":"Stole From Cult","damage_taken":0,"max_hp_gain":0,"max_hp_loss":0,"event_name":"Nest","floor":31,"gold_loss":0},{"damage_healed":0,"gold_gain":0,"player_choice":"Memory 1","damage_taken":0,"max_hp_gain":0,"max_hp_loss":0,"event_name":"SensoryStone","floor":37,"gold_loss":0},{"damage_healed":0,"gold_gain":0,"player_choice":"Max HP","damage_taken":0,"max_hp_gain":0,"max_hp_loss":4,"event_name":"Winding Halls","floor":39,"gold_loss":0},{"damage_healed":0,"gold_gain":0,"player_choice":"Ignored","damage_taken":0,"max_hp_gain":0,"max_hp_loss":0,"event_name":"Tomb of Lord Red Mask","floor":45,"gold_loss":0},{"damage_healed":68,"gold_gain":0,"player_choice":"Heal","damage_taken":0,"max_hp_gain":0,"max_hp_loss":10,"event_name":"The Moai Head","floor":46,"gold_loss":0}],"is_beta":false,"boss_relics":[{"not_picked":["Calling Bell","White Beast Statue"],"picked":"Snecko Eye"},{"not_picked":["Busted Crown","Astrolabe"],"picked":"Fusion Hammer"}],"items_purged_floors":[4],"is_endless":false,"potions_floor_spawned":[1,2,10,16,18,33,41,44],"ascension_level":2}