{"path_per_floor":["M","$","?","?","M","R","M","M","T","R","M","$","$","?","R","B",null,"M","M","?","$","?","R","M","M","T","M","$","R","M","?","R","B",null,"M","M","$","M","?","M","R","M","T","R","?","R","M","M","R"],"character_chosen":"THE_SILENT","items_purchased":["Caltrops","After Image","Outmaneuver","Expertise","Well Laid Plans","Accuracy","Oddly Smooth Stone"],"gold_per_floor":[118,44,144,219,236,236,246,260,285,285,297,149,49,49,49,150,150,160,173,173,58,58,58,68,87,87,103,27,27,39,39,39,140,140,160,170,23,37,37,57,57,77,77,77,130,130,140,156,156],"floor_reached":50,"campfire_rested":1,"playtime":9125,"current_hp_per_floor":[70,70,70,59,58,58,58,56,63,63,61,61,61,58,58,36,77,63,53,53,53,53,53,36,38,38,53,53,53,45,45,45,51,53,50,53,53,53,46,25,25,35,35,35,13,28,53,53,53],"items_purged":["Strike_G"],"gold":156,"score":437,"play_id":"3e6c226b-db38-4cb7-b9ef-c7cacb62423a","is_prod":false,"is_daily":false,"is_ascension_mode":false,"campfire_upgraded":9,"path_taken":["M","$","?","?","M","R","?","?","T","R","M","?","$","?","R","BOSS","M","?","?","$","?","R","?","M","T","M","$","R","M","?","R","BOSS","M","M","$","M","?","M","R","M","T","R","?","R","?","M","R","BOSS"],"build_version":"2018-02-22-PROD2","purchased_purges":1,"victory":false,"master_deck":["Defend_G","Defend_G","Defend_G","Defend_G","Defend_G","Survivor","Neutralize+1","Backflip","Caltrops+1","Backstab","Slice","Dagger Throw","After Image+1","Outmaneuver","Burst+1","Accuracy+1","Blade Dance","Cloak And Dagger","Calculated Gamble+1","Quick Slash","Night Terror","Backflip","Bite","Bite","Bite","Bite","Bite","Expertise+1","Well Laid Plans+1","Blade Dance","PiercingWail","Poisoned Stab","Accuracy+1","PiercingWail","A Thousand Cuts+1","Infinite Blades+1","Acrobatics+1","Footwork+1","Madness","Madness","Backflip+1","Terror","Adrenaline","Blur+1"],"max_hp_per_floor":[70,70,70,70,70,70,70,70,77,77,77,77,77,77,77,77,77,77,77,53,53,53,53,53,53,53,53,53,53,53,53,53,53,53,53,53,53,53,53,53,53,53,53,53,53,53,53,53,53],"relics":["Ring of the Snake","Strawberry","Kunai","Orrery","Frozen Egg 2","Ice Cream","Sozu","Oddly Smooth Stone","Du-Vu Doll","Ginger"],"card_choices":[{"not_picked":["Flying Knee","PiercingWail"],"picked":"Backflip"},{"not_picked":["Underhanded Strike","Heel Hook"],"picked":"Backstab"},{"not_picked":["Bane","Sucker Punch"],"picked":"Slice"},{"not_picked":["Deadly Poison","Sucker Punch"],"picked":"Dagger Throw"},{"not_picked":["Unload","Tools of the Trade"],"picked":"Burst"},{"not_picked":["Dagger Spray","Cloak And Dagger"],"picked":"Accuracy"},{"not_picked":["Outmaneuver","Quick Slash"],"picked":"Blade Dance"},{"not_picked":["Blade Dance","Deflect"],"picked":"Cloak And Dagger"},{"not_picked":["Dodge and Roll","Dagger Throw"],"picked":"Calculated Gamble"},{"not_picked":["Sucker Punch","Predator"],"picked":"Quick Slash"},{"not_picked":["Dagger Throw","Bane"],"picked":"Night Terror"},{"not_picked":["Acrobatics","Eviscerate"],"picked":"Backflip"},{"not_picked":["Footwork","Skewer"],"picked":"Blade Dance"},{"not_picked":["Bouncing Flask","Prepared"],"picked":"PiercingWail"},{"not_picked":["Catalyst","Deadly Poison"],"picked":"Poisoned Stab"},{"not_picked":["Malaise","Bane"],"picked":"PiercingWail"},{"not_picked":["Adrenaline","Die Die Die"],"picked":"A Thousand Cuts"},{"not_picked":["Bane","Cloak And Dagger"],"picked":"Infinite Blades"},{"not_picked":["Calculated Gamble","Sucker Punch"],"picked":"Acrobatics"},{"not_picked":["Outmaneuver","Malaise"],"picked":"Footwork"},{"not_picked":["Blade Dance","Deadly Poison"],"picked":"Backflip"},{"not_picked":["Flying Knee","Deadly Poison"],"picked":"Terror"},{"not_picked":["Prepared","Acrobatics"],"picked":"Adrenaline"},{"not_picked":["Dagger Throw","Catalyst"],"picked":"Blur"}],"player_experience":88880,"potions_floor_usage":[16,18,33,50],"damage_taken":[{"damage":0,"enemies":"Jaw Worm","floor":1,"turns":4},{"damage":1,"enemies":"Cultist","floor":5,"turns":5},{"damage":0,"enemies":"2 Louse","floor":7,"turns":3},{"damage":2,"enemies":"Looter","floor":8,"turns":4},{"damage":2,"enemies":"Blue Slaver","floor":11,"turns":4},{"damage":22,"enemies":"The Guardian","floor":16,"turns":15},{"damage":14,"enemies":"2 Thieves","floor":18,"turns":4},{"damage":10,"enemies":"Spheric Guardian","floor":19,"turns":4},{"damage":21,"enemies":"3 Cultists","floor":24,"turns":8},{"damage":12,"enemies":"Snake Plant","floor":25,"turns":8},{"damage":0,"enemies":"Centurion and Healer","floor":27,"turns":10},{"damage":16,"enemies":"Snecko","floor":30,"turns":10},{"damage":28,"enemies":"Collector","floor":33,"turns":22},{"damage":7,"enemies":"3 Darklings","floor":35,"turns":5},{"damage":0,"enemies":"3 Shapes","floor":36,"turns":6},{"damage":3,"enemies":"Maw","floor":38,"turns":8},{"damage":27,"enemies":"Sphere and 2 Shapes","floor":40,"turns":5},{"damage":20,"enemies":"4 Shapes","floor":42,"turns":18},{"damage":30,"enemies":"Mysterious Sphere","floor":45,"turns":7},{"damage":0,"enemies":"Maw","floor":47,"turns":11},{"damage":0,"enemies":"Sphere and 2 Shapes","floor":48,"turns":6},{"damage":62,"enemies":"Awakened One","floor":50,"turns":7}],"event_choices":[{"event_name":"Golden Shrine","player_choice":"Pray","floor":3,"damage_taken":0},{"event_name":"World of Goop","player_choice":"Gather Gold","floor":4,"damage_taken":0},{"event_name":"Scrap Ooze","player_choice":"success","floor":14,"damage_taken":3},{"event_name":"Vampires","player_choice":"Became a vampire","floor":20,"damage_taken":0},{"event_name":"The Mausoleum","player_choice":"Yes","floor":22,"damage_taken":0},{"event_name":"Addict","player_choice":"Ignored","floor":31,"damage_taken":0},{"event_name":"Winding Halls","player_choice":"Embrace Madness","floor":39,"damage_taken":0},{"event_name":"Mysterious Sphere","player_choice":"Fight","floor":45,"damage_taken":0}],"boss_relics":[{"not_picked":["Question Card","Runic Dome"],"picked":"Orrery"},{"not_picked":["Cursed Key","Velvet Choker"],"picked":"Sozu"}],"potions_floor_spawned":[7,11,24,33,36,38,47],"seed_played":"4693102299910190751","killed_by":"Awakened One","ascension_level":0,"is_trial":false}