{"gold_per_floor":[17,31,51,70,70,70,88,88,88,88,104,132,146,472,472,567,567,579,598,598,321,336,336,352,385,410,420,420,420,60,80,80,185,185,196,71,85,85,100,100,119,138,138,138,173,173,192,224,224,224],"floor_reached":50,"playtime":2712,"items_purged":["Clothesline","Strike_R","Defend_R"],"score":701,"play_id":"ff50afdd-8851-42bc-84f9-a5b57a5573e0","local_time":"20190110123321","is_ascension_mode":true,"campfire_choices":[{"data":"Searing Blow","floor":6.0,"key":"SMITH"},{"data":"Searing Blow+1","floor":8.0,"key":"SMITH"},{"data":"Searing Blow+2","floor":10.0,"key":"SMITH"},{"data":"Searing Blow+3","floor":15.0,"key":"SMITH"},{"data":"Searing Blow+5","floor":23,"key":"SMITH"},{"data":"Searing Blow+6","floor":28,"key":"SMITH"},{"data":"Searing Blow+7","floor":32,"key":"SMITH"},{"floor":40,"key":"RECALL"},{"data":"Searing Blow+8","floor":44,"key":"SMITH"},{"data":"Searing Blow+9","floor":49,"key":"SMITH"}],"neow_cost":"NO_GOLD","seed_source_timestamp":1362815640849891,"circlet_count":0,"master_deck":["Strike_R","Strike_R","Strike_R+1","Defend_R","Defend_R","Defend_R","Rampage","Searing Blow+10","Headbutt","Double Tap","Battle Trance","Shrug It Off","Parasite","True Grit","True Grit+1"],"special_seed":0,"relics":["Burning Blood","Torii","Bottled Flame","Velvet Choker","Nloth\u0027s Gift","Whetstone","Calipers","Orichalcum","Blue Candle","Meat on the Bone","Coffee Dripper","Omamori","Lantern"],"potions_floor_usage":[25,27,47,50,50,50],"damage_taken":[{"damage":5.0,"enemies":"2 Louse","floor":1.0,"turns":4.0},{"damage":2.0,"enemies":"Cultist","floor":2.0,"turns":4.0},{"damage":4.0,"enemies":"Small Slimes","floor":3.0,"turns":3.0},{"damage":9.0,"enemies":"Blue Slaver","floor":4.0,"turns":3.0},{"damage":11.0,"enemies":"Exordium Wildlife","floor":7.0,"turns":3.0},{"damage":9.0,"enemies":"Red Slaver","floor":11.0,"turns":3.0},{"damage":23.0,"enemies":"3 Sentries","floor":12.0,"turns":8.0},{"damage":6.0,"enemies":"3 Louse","floor":13.0,"turns":2.0},{"damage":22.0,"enemies":"Gremlin Nob","floor":14.0,"turns":4.0},{"damage":29.0,"enemies":"The Guardian","floor":16.0,"turns":9.0},{"damage":11,"enemies":"2 Thieves","floor":18,"turns":2},{"damage":0,"enemies":"Spheric Guardian","floor":19,"turns":1},{"damage":9,"enemies":"3 Cultists","floor":22,"turns":5},{"damage":17,"enemies":"Centurion and Healer","floor":24,"turns":3},{"damage":22,"enemies":"Slavers","floor":25,"turns":3},{"damage":0,"enemies":"Snake Plant","floor":27,"turns":2},{"damage":0,"enemies":"3 Cultists","floor":31,"turns":3},{"damage":44,"enemies":"Champ","floor":33,"turns":5},{"damage":0,"enemies":"Orb Walker","floor":35,"turns":1},{"damage":18,"enemies":"3 Darklings","floor":37,"turns":3},{"damage":0,"enemies":"Sphere and 2 Shapes","floor":39,"turns":5},{"damage":0,"enemies":"Spire Growth","floor":41,"turns":2},{"damage":8,"enemies":"Writhing Mass","floor":42,"turns":3},{"damage":14,"enemies":"Giant Head","floor":45,"turns":5},{"damage":13,"enemies":"3 Darklings","floor":47,"turns":5},{"damage":18,"enemies":"Nemesis","floor":48,"turns":5},{"damage":57,"enemies":"Awakened One","floor":50,"turns":5}],"seed_played":"-7784004571054135026","potions_obtained":[{"floor":3.0,"key":"PowerPotion"},{"floor":12.0,"key":"Explosive Potion"},{"floor":13.0,"key":"Swift Potion"},{"floor":14.0,"key":"PowerPotion"},{"floor":16.0,"key":"Fire Potion"},{"floor":24,"key":"SteroidPotion"},{"floor":33,"key":"Explosive Potion"},{"floor":42,"key":"Weak Potion"},{"floor":45,"key":"FearPotion"},{"floor":48,"key":"Energy Potion"}],"is_trial":false,"path_per_floor":["M","M","M","M","?","R","M","R","T","R","M","E","M","E","R","B",null,"M","M","?","$","M","R","M","E","T","M","R","?","$","M","R","B",null,"M","$","M","?","M","R","M","M","T","R","E","?","M","E","R","B"],"character_chosen":"IRONCLAD","items_purchased":["Whetstone","Shrug It Off","Meat on the Bone"],"campfire_rested":0,"item_purchase_floors":[21,21,30],"current_hp_per_floor":[80,80,80,77,80,80,75,75,75,75,72,55,55,39,39,16,80,75,80,80,80,77,77,66,50,50,56,56,56,56,62,62,36,80,80,80,68,68,74,74,80,78,78,78,70,70,63,51,51,0],"gold":224,"neow_bonus":"REMOVE_TWO","is_prod":false,"is_daily":false,"chose_seed":false,"campfire_upgraded":9,"win_rate":0,"timestamp":1547123601,"path_taken":["M","M","M","M","?","R","M","R","T","R","?","E","M","E","R","BOSS","M","M","?","$","M","R","M","E","T","?","R","?","$","M","R","BOSS","M","$","M","?","M","R","M","M","T","R","E","?","?","E","R","BOSS"],"build_version":"2019-01-03v4","purchased_purges":3,"victory":false,"max_hp_per_floor":[80,80,80,80,80,80,80,80,80,80,80,80,80,80,80,80,80,80,80,80,80,80,80,80,80,80,80,80,80,80,80,80,80,80,80,80,80,80,80,80,80,80,80,80,80,80,80,80,80,80],"card_choices":[{"not_picked":["Warcry","Havoc"],"picked":"Clothesline","floor":1.0},{"not_picked":["Carnage","Spot Weakness"],"picked":"Rampage","floor":2.0},{"not_picked":["Dropkick","Sever Soul","Heavy Blade"],"picked":"SKIP","floor":3.0},{"not_picked":["Clothesline","Ghostly Armor"],"picked":"Searing Blow","floor":4.0},{"not_picked":["Power Through","Pommel Strike","Heavy Blade"],"picked":"SKIP","floor":7.0},{"not_picked":["Entrench","Whirlwind","Pummel"],"picked":"SKIP","floor":11.0},{"not_picked":["Clash","Thunderclap","Wild Strike"],"picked":"SKIP","floor":12.0},{"not_picked":["Sword Boomerang","Warcry"],"picked":"Headbutt","floor":13.0},{"not_picked":["Hemokinesis","Barricade","Perfected Strike"],"picked":"SKIP","floor":14.0},{"not_picked":["Offering","Reaper"],"picked":"Double Tap","floor":16.0},{"not_picked":["Clothesline","Heavy Blade+1","Pommel Strike"],"picked":"SKIP","floor":18},{"not_picked":["Wild Strike","Iron Wave"],"picked":"Battle Trance","floor":19},{"not_picked":["Thunderclap","Cleave","Perfected Strike"],"picked":"SKIP","floor":22},{"not_picked":["Flex","Power Through","Corruption"],"picked":"SKIP","floor":24},{"not_picked":["Barricade","Cleave","Thunderclap"],"picked":"SKIP","floor":25},{"not_picked":["Clothesline","Havoc","True Grit"],"picked":"SKIP","floor":27},{"not_picked":["True Grit","Havoc","Anger"],"picked":"SKIP","floor":31},{"not_picked":["Twin Strike+1","Sever Soul","Thunderclap+1"],"picked":"SKIP","floor":35},{"not_picked":["Offering","Rampage","Dual Wield+1"],"picked":"SKIP","floor":37},{"not_picked":["Heavy Blade+1","Dual Wield","Clash"],"picked":"SKIP","floor":39},{"not_picked":["Juggernaut","Dropkick","Clash+1"],"picked":"SKIP","floor":41},{"not_picked":["Sword Boomerang+1","Spot Weakness"],"picked":"True Grit","floor":42},{"not_picked":["Cleave","Dark Embrace","Armaments"],"picked":"SKIP","floor":45},{"not_picked":["Shrug It Off","Flex"],"picked":"True Grit+1","floor":47},{"not_picked":["Impervious","Perfected Strike","Warcry"],"picked":"SKIP","floor":48}],"player_experience":144262,"relics_obtained":[{"floor":9.0,"key":"Torii"},{"floor":12.0,"key":"Bottled Flame"},{"floor":14.0,"key":"Old Coin"},{"floor":25,"key":"Calipers"},{"floor":26,"key":"Orichalcum"},{"floor":45,"key":"Omamori"},{"floor":48,"key":"Lantern"}],"event_choices":[{"damage_healed":3.0,"max_hp_gain":0.0,"max_hp_loss":0.0,"gold_gain":0.0,"event_name":"Wheel of Change","player_choice":"Full Heal","floor":5.0,"gold_loss":0.0,"damage_taken":0.0},{"damage_healed":0,"gold_gain":0,"player_choice":"Traded Relic","damage_taken":0,"relics_obtained":["Nloth\u0027s Gift"],"max_hp_gain":0,"max_hp_loss":0,"event_name":"N\u0027loth","floor":20,"relics_lost":["Old Coin"],"gold_loss":0},{"damage_healed":0,"gold_gain":0,"player_choice":"Opened","damage_taken":0,"relics_obtained":["Blue Candle"],"max_hp_gain":0,"max_hp_loss":0,"event_name":"The Mausoleum","floor":29,"gold_loss":0},{"damage_healed":0,"gold_gain":0,"player_choice":"Ignored","damage_taken":0,"max_hp_gain":0,"max_hp_loss":0,"event_name":"Mysterious Sphere","floor":38,"gold_loss":0},{"damage_healed":0,"gold_gain":0,"player_choice":"0 cards matched","damage_taken":0,"max_hp_gain":0,"max_hp_loss":0,"event_name":"Match and Keep!","floor":46,"gold_loss":0,"cards_obtained":[]}],"is_beta":false,"boss_relics":[{"not_picked":["Sozu","Calling Bell"],"picked":"Velvet Choker"},{"not_picked":["Astrolabe","Eternal Feather"],"picked":"Coffee Dripper"}],"items_purged_floors":[21,30,36],"is_endless":false,"potions_floor_spawned":[3,12,13,14,16,24,33,42,45,48],"killed_by":"Awakened One","ascension_level":4}