{"path_per_floor":[null,"M","?","?","M","?","R","E","M","T","M","$","M","M","M","R","B",null,"M","?","M","$","M","R","E","M","T","?","R","$","R","M","R","B",null,"M","M","?","M","$","R","M","M","T","?","M","M","R","M","R","B"],"character_chosen":"THE_SILENT","items_purchased":["Eviscerate","Prepared","Calculated Gamble"],"gold_per_floor":[99,117,117,117,136,136,136,163,182,182,198,118,135,154,169,169,270,270,286,201,219,47,60,60,86,103,103,103,103,22,22,33,33,130,130,149,160,0,11,11,11,21,37,85,85,102,113,113,128,128,128],"floor_reached":75,"campfire_rested":2,"playtime":11305,"current_hp_per_floor":[70,70,52,52,52,45,45,45,45,45,43,43,43,40,40,40,27,70,69,69,69,69,66,66,55,41,41,25,46,46,46,46,46,46,70,62,62,62,48,48,48,57,58,58,58,55,55,55,43,64,59],"items_purged":["Strike_G"],"gold":128,"play_id":"86a83a1a-648b-4987-a736-4c8a77edbe34","is_prod":false,"is_daily":false,"is_ascension_mode":false,"campfire_upgraded":7,"path_taken":["M","?","?","M","?","R","E","?","T","M","$","M","?","M","R","BOSS","M","?","?","?","M","R","E","M","T","?","R","$","R","M","R","BOSS","M","M","?","M","$","R","M","M","T","?","M","?","R","M","R","BOSS"],"build_version":"2018-01-25-BETA1","purchased_purges":1,"victory":true,"master_deck":["Defend_G","Defend_G+1","Defend_G+1","Defend_G","Strike_G","Strike_G","Strike_G","Survivor","Neutralize","Acrobatics","Prepared+1","Dash+1","Underhanded Strike","Acrobatics","Eviscerate+1","Blur+1","Reflex+1","Skewer+1","Prepared","Acrobatics","Reflex","Distraction+1","Regret","Necronomicurse","Calculated Gamble+1","After Image+1","Calculated Gamble+1","Dagger Throw+1","Dagger Throw+1","Underhanded Strike","Choke+1","Clumsy","Tactician+1","All Out Attack+1","Terror+1"],"max_hp_per_floor":[70,70,70,70,70,70,70,70,70,70,70,70,70,70,70,70,70,70,70,70,70,70,70,70,70,70,70,70,70,70,70,70,70,70,70,70,70,70,70,70,70,70,70,70,70,70,70,70,70,70,70],"relics":["Ring of the Snake","NeowsBlessing","War Paint","Ice Cream","Blue Candle","Cursed Key","Lantern","Toolbox","Snake Skull","Necronomicon","Orrery","Red Mask","Singing Bowl"],"card_choices":[{"not_picked":["Sucker Punch","Deflect"],"picked":"Acrobatics"},{"not_picked":["Quick Slash","Flying Knee"],"picked":"Prepared"},{"not_picked":["Cloak And Dagger","Deflect"],"picked":"Dash"},{"not_picked":["Well Laid Plans","Flying Knee"],"picked":"Underhanded Strike"},{"not_picked":["Backflip","Masterful Stab"],"picked":"Acrobatics"},{"not_picked":["Quick Slash","Cloak And Dagger"],"picked":"Blur"},{"not_picked":["Glass Knife","Corpse Explosion"],"picked":"Unload"},{"not_picked":["PiercingWail","Flying Knee"],"picked":"Reflex"},{"not_picked":["Bane","Dagger Throw"],"picked":"Skewer"},{"not_picked":["Poisoned Stab","Cloak And Dagger"],"picked":"Acrobatics"},{"not_picked":["Catalyst","Cloak And Dagger"],"picked":"Reflex"},{"not_picked":["Slice","Dodge and Roll"],"picked":"Distraction"},{"not_picked":["Unload","Doppelganger"],"picked":"After Image"},{"not_picked":["Acrobatics","Dodge and Roll"],"picked":"Calculated Gamble"},{"not_picked":["Bane","Poisoned Stab"],"picked":"Dagger Throw"},{"not_picked":["Deflect","PiercingWail"],"picked":"Dagger Throw"},{"not_picked":["Blade Dance","Catalyst"],"picked":"Underhanded Strike"},{"not_picked":["Dagger Throw","Finisher"],"picked":"Choke"},{"not_picked":["Predator","Dagger Throw"],"picked":"Tactician"},{"not_picked":["Cloak And Dagger","Acrobatics"],"picked":"All Out Attack"},{"not_picked":["Flechettes","Choke"],"picked":"Terror"}],"player_experience":69240,"potions_floor_usage":[62,65,65,66,74,74],"damage_taken":[{"damage":0.0,"enemies":"Small Slimes","floor":25.0,"turns":1.0},{"damage":0.0,"enemies":"Cultist","floor":28.0,"turns":1.0},{"damage":0.0,"enemies":"Gremlin Nob","floor":31.0,"turns":1.0},{"damage":0.0,"enemies":"Blue Slaver","floor":32.0,"turns":4.0},{"damage":2.0,"enemies":"Large Slime","floor":34.0,"turns":9.0},{"damage":0.0,"enemies":"2 Fungi Beasts","floor":36.0,"turns":4.0},{"damage":3.0,"enemies":"Exordium Wildlife","floor":37.0,"turns":2.0},{"damage":0.0,"enemies":"3 Louse","floor":38.0,"turns":3.0},{"damage":13.0,"enemies":"Slime Boss","floor":40.0,"turns":7.0},{"damage":1.0,"enemies":"Shell Parasite","floor":42.0,"turns":4.0},{"damage":0.0,"enemies":"Spheric Guardian","floor":44.0,"turns":3.0},{"damage":3.0,"enemies":"Snake Plant","floor":46.0,"turns":3.0},{"damage":11.0,"enemies":"Book of Stabbing","floor":48.0,"turns":7.0},{"damage":14.0,"enemies":"Chosen and Byrds","floor":49.0,"turns":6.0},{"damage":0.0,"enemies":"Centurion and Healer","floor":55.0,"turns":3.0},{"damage":0,"enemies":"Collector","floor":57,"turns":2},{"damage":8,"enemies":"3 Shapes","floor":59,"turns":4},{"damage":0,"enemies":"Orb Walker","floor":60,"turns":4},{"damage":14,"enemies":"3 Darklings","floor":62,"turns":5},{"damage":0,"enemies":"Spire Growth","floor":65,"turns":4},{"damage":3,"enemies":"Maw","floor":66,"turns":6},{"damage":3,"enemies":"3 Darklings","floor":69,"turns":5},{"damage":0,"enemies":"Spire Growth","floor":70,"turns":4},{"damage":12,"enemies":"4 Shapes","floor":72,"turns":3},{"damage":5,"enemies":"Donu and Deca","floor":74,"turns":6}],"event_choices":[{"event_name":"Scrap Ooze","player_choice":"success","floor":26.0,"damage_taken":18.0},{"event_name":"Purifier","player_choice":"One Purge","floor":27.0,"damage_taken":0.0},{"event_name":"Golden Wing","player_choice":"Card Removal","floor":29.0,"damage_taken":0.0},{"event_name":"Addict","player_choice":"Obtained Relic","floor":43.0,"damage_taken":0.0},{"event_name":"Cursed Tome","player_choice":"Obtained Book","floor":51.0,"damage_taken":0.0},{"event_name":"Tomb of Lord Red Mask","player_choice":"Paid","floor":61,"damage_taken":0}],"boss_relics":[{"not_picked":["Velvet Choker","Runic Dome"],"picked":"Orrery"}],"potions_floor_spawned":[31,34,36,37,40,44,46,57,59,62,66,70],"seed_played":"8059427774291301846","ascension_level":0,"is_trial":false}