{"gold_per_floor":[210,229,229,245,258,258,314,194,194,213,168,196,6,6,6,101,101,119,130,130,130],"floor_reached":21,"playtime":869,"items_purged":[],"score":327,"play_id":"6134f185-b49e-4b3f-bddf-a33d541689ce","local_time":"20190117164135","is_ascension_mode":true,"campfire_choices":[{"data":"Rampage","floor":6,"key":"SMITH"},{"data":"Flex","floor":15,"key":"SMITH"}],"neow_cost":"NONE","seed_source_timestamp":1984737373151696,"circlet_count":0,"master_deck":["AscendersBane","Defend_R","Defend_R","Defend_R","Defend_R","Bash","Rampage+1","True Grit","Anger","Flex+1","True Grit","Shrug It Off","Cleave","Anger","Anger","Twin Strike","True Grit","Flash of Steel","Brutality","Combust+1","Reckless Charge+1","Limit Break+1","Burning Pact","Sentinel","Bite","Bite","Bite","Bite","Bite"],"relics":["Burning Blood","Tiny Chest","Pen Nib","Bottled Lightning","Astrolabe"],"potions_floor_usage":[7,16,18],"damage_taken":[{"damage":4,"enemies":"2 Louse","floor":1,"turns":4},{"damage":1,"enemies":"Cultist","floor":2,"turns":3},{"damage":12,"enemies":"Jaw Worm","floor":4,"turns":3},{"damage":5,"enemies":"Blue Slaver","floor":5,"turns":4},{"damage":46,"enemies":"3 Sentries","floor":7,"turns":11},{"damage":0,"enemies":"Large Slime","floor":10,"turns":4},{"damage":30,"enemies":"Gremlin Nob","floor":12,"turns":4},{"damage":56,"enemies":"Hexaghost","floor":16,"turns":9},{"damage":33,"enemies":"3 Byrds","floor":18,"turns":5},{"damage":36,"enemies":"Shell Parasite","floor":19,"turns":8},{"damage":29,"enemies":"Snecko","floor":21,"turns":3}],"seed_played":"-4805651017121143584","potions_obtained":[{"floor":4,"key":"Regen Potion"},{"floor":10,"key":"FearPotion"},{"floor":12,"key":"Energy Potion"},{"floor":16,"key":"EssenceOfSteel"}],"is_trial":false,"path_per_floor":["M","M","?","M","M","R","E","$","T","M","$","E","$","?","R","B",null,"M","M","?","M"],"character_chosen":"IRONCLAD","items_purchased":["Shrug It Off","Spot Weakness","Anger","Twin Strike","True Grit","Flash of Steel"],"campfire_rested":0,"item_purchase_floors":[8,8,11,13,13,13],"current_hp_per_floor":[74,79,79,73,74,74,49,49,49,55,55,31,31,80,80,30,68,41,11,11,0],"gold":130,"neow_bonus":"HUNDRED_GOLD","is_prod":false,"is_daily":false,"chose_seed":false,"campfire_upgraded":2,"win_rate":0,"timestamp":1547743295,"path_taken":["M","M","?","?","M","R","E","?","T","M","$","E","$","?","R","BOSS","M","?","?","M"],"build_version":"2019-01-10","purchased_purges":0,"victory":false,"max_hp_per_floor":[80,80,80,80,80,80,80,80,80,80,80,80,80,80,80,80,80,80,80,56,56],"card_choices":[{"not_picked":["Thunderclap","Wild Strike"],"picked":"Rampage","floor":1},{"not_picked":["Wild Strike","Perfected Strike"],"picked":"True Grit","floor":2},{"not_picked":["Sword Boomerang","Cleave"],"picked":"Anger","floor":4},{"not_picked":["Wild Strike","Body Slam"],"picked":"Flex","floor":5},{"not_picked":["Dropkick","Exhume"],"picked":"True Grit","floor":7},{"not_picked":["Bloodletting","Heavy Blade"],"picked":"Cleave","floor":10},{"not_picked":["Havoc","Armaments"],"picked":"Anger","floor":12},{"not_picked":["Fiend Fire","Exhume"],"picked":"Brutality","floor":16},{"not_picked":["Heavy Blade","Clash+1"],"picked":"Burning Pact","floor":18},{"not_picked":["Thunderclap+1","Cleave"],"picked":"Sentinel","floor":19}],"player_experience":389273,"relics_obtained":[{"floor":7,"key":"Tiny Chest"},{"floor":9,"key":"Pen Nib"},{"floor":12,"key":"Bottled Lightning"}],"event_choices":[{"cards_removed":["Strike_R"],"damage_healed":0,"gold_gain":0,"player_choice":"Purged","damage_taken":0,"max_hp_gain":0,"max_hp_loss":0,"event_name":"Purifier","floor":3,"gold_loss":0},{"cards_removed":["Spot Weakness"],"damage_healed":49,"gold_gain":0,"player_choice":"Offered Uncommon","damage_taken":0,"max_hp_gain":0,"max_hp_loss":0,"event_name":"Bonfire Elementals","floor":14,"gold_loss":0},{"damage_healed":0,"gold_gain":0,"player_choice":"Became a vampire","damage_taken":0,"max_hp_gain":0,"max_hp_loss":24,"event_name":"Vampires","floor":20,"gold_loss":0,"cards_obtained":["Bite","Bite","Bite","Bite","Bite"]}],"is_beta":false,"boss_relics":[{"not_picked":["Mark of Pain","Fusion Hammer"],"picked":"Astrolabe"}],"items_purged_floors":[],"is_endless":false,"potions_floor_spawned":[4,10,12,16],"killed_by":"Snecko","ascension_level":12}