{"gold_per_floor":[111,111,124,124,124,124,124,140,140,140,140,159,174,186,186,285,285,305,305,321,335,335,335,335,353,353,383,383,402,25,25,25,25],"floor_reached":33,"playtime":1340,"items_purged":["Strike_B"],"score":321,"play_id":"ab5e3a1e-a5ad-4b0a-86c2-397bb1eceb7e","local_time":"20180910191947","is_ascension_mode":true,"campfire_choices":[{"data":"Zap","floor":6,"key":"SMITH"},{"floor":15,"key":"REST"},{"floor":23,"key":"REST"},{"floor":28,"key":"REST"},{"floor":32,"key":"REST"}],"neow_cost":"NONE","seed_source_timestamp":2263305486351987,"circlet_count":0,"master_deck":["Strike_B+1","Defend_B","Defend_B","Defend_B","Defend_B+1","Zap+1","Dualcast","Biased Cognition","Ball Lightning","Sunder","Skim","Machine Learning","Electrodynamics","Recycle","Ball Lightning","Tempest","Self Repair","Storm","Conserve Battery+1"],"relics":["Cracked Core","Potion Belt","StoneCalendar","Velvet Choker","Boot","Blue Candle","Bottled Tornado","Shovel"],"potions_floor_usage":[16,16,16,25,27,27,33],"damage_taken":[{"damage":0,"enemies":"Small Slimes","floor":1,"turns":2},{"damage":1,"enemies":"2 Louse","floor":3,"turns":2},{"damage":2,"enemies":"Jaw Worm","floor":8,"turns":2},{"damage":0,"enemies":"Large Slime","floor":12,"turns":3},{"damage":1,"enemies":"Exordium Wildlife","floor":13,"turns":2},{"damage":9,"enemies":"2 Fungi Beasts","floor":14,"turns":3},{"damage":29,"enemies":"Hexaghost","floor":16,"turns":7},{"damage":8,"enemies":"3 Byrds","floor":18,"turns":2},{"damage":0,"enemies":"Chosen","floor":20,"turns":4},{"damage":27,"enemies":"Centurion and Healer","floor":21,"turns":3},{"damage":13,"enemies":"Shelled Parasite and Fungi","floor":25,"turns":3},{"damage":37,"enemies":"Slavers","floor":27,"turns":3},{"damage":19,"enemies":"Snecko","floor":29,"turns":4},{"damage":61,"enemies":"Collector","floor":33,"turns":6}],"seed_played":"151088389258708843","potions_obtained":[{"floor":3,"key":"Weak Potion"},{"floor":8,"key":"PowerPotion"},{"floor":12,"key":"Weak Potion"},{"floor":13,"key":"AttackPotion"},{"floor":21,"key":"Regen Potion"},{"floor":25,"key":"EssenceOfSteel"},{"floor":27,"key":"Energy Potion"}],"is_trial":false,"path_per_floor":["M","?","M","?","$","R","$","M","T","?","?","M","M","M","R","B",null,"M","?","M","M","?","R","?","M","T","E","R","M","$","?","R"],"character_chosen":"DEFECT","items_purchased":["Shovel"],"campfire_rested":4,"item_purchase_floors":[30],"current_hp_per_floor":[75,72,71,64,64,64,64,62,62,67,51,51,50,41,65,36,69,61,61,61,34,34,58,58,45,45,20,44,25,25,25,49,0],"gold":25,"neow_bonus":"ONE_RANDOM_RARE_CARD","is_prod":false,"is_daily":false,"chose_seed":false,"campfire_upgraded":1,"win_rate":0,"timestamp":1536603587,"path_taken":["M","?","M","?","?","R","$","M","T","?","?","M","M","?","R","BOSS","M","?","M","?","?","R","?","M","T","E","R","M","$","?","R","BOSS"],"build_version":"2018-09-06","purchased_purges":1,"victory":false,"max_hp_per_floor":[75,75,75,75,75,75,75,75,75,80,80,80,80,80,80,80,80,80,80,80,80,80,80,80,80,80,80,80,80,80,80,80,80],"card_choices":[{"not_picked":["Compile Driver","Rebound"],"picked":"Ball Lightning","floor":1},{"not_picked":["Go for the Eyes","Recycle","Turbo"],"picked":"SKIP","floor":3},{"not_picked":["Chaos","Beam Cell"],"picked":"Sunder","floor":8},{"not_picked":["Conserve Battery","Static Discharge"],"picked":"Skim","floor":12},{"not_picked":["Skim","Sweeping Beam","Compile Driver"],"picked":"SKIP","floor":13},{"not_picked":["Darkness","Steam"],"picked":"Machine Learning","floor":14},{"not_picked":["Reboot","Biased Cognition"],"picked":"Electrodynamics","floor":16},{"not_picked":["Leap+1","Genetic Algorithm"],"picked":"Recycle","floor":18},{"not_picked":["Hello World","Redo","Compile Driver"],"picked":"SKIP","floor":20},{"not_picked":["Coolheaded","Rebound"],"picked":"Ball Lightning","floor":21},{"not_picked":["Scrape","Cold Snap"],"picked":"Self Repair","floor":25},{"not_picked":["Static Discharge+1","Auto Shields"],"picked":"Storm","floor":27},{"not_picked":["Redo","Gash"],"picked":"Conserve Battery+1","floor":29}],"player_experience":337601,"relics_obtained":[{"floor":9,"key":"StoneCalendar"},{"floor":26,"key":"Blue Candle"},{"floor":27,"key":"Bottled Tornado"}],"event_choices":[{"event_name":"Scrap Ooze","player_choice":"success","floor":2,"damage_taken":3},{"event_name":"Golden Wing","player_choice":"Card Removal","floor":4,"damage_taken":0},{"event_name":"Big Fish","player_choice":"Donut","floor":10,"damage_taken":0},{"event_name":"Shining Light","player_choice":"Entered Light","floor":11,"damage_taken":0},{"event_name":"Addict","player_choice":"Stole Relic","floor":19,"damage_taken":0},{"event_name":"Back to Basics","player_choice":"Elegance","floor":22,"damage_taken":0},{"event_name":"Transmorgrifier","player_choice":"Transform","floor":24,"damage_taken":0},{"event_name":"Beggar","player_choice":"Ignored","floor":31,"damage_taken":0}],"is_beta":false,"boss_relics":[{"not_picked":["Lizard Tail","Astrolabe"],"picked":"Velvet Choker"}],"items_purged_floors":[30],"is_endless":false,"potions_floor_spawned":[3,8,12,13,21,25,27],"killed_by":"Collector","ascension_level":5}