{"path_per_floor":["M","?","?","?","M","E","R","M","T","M","R","M","$","E","R","B",null,"M","?","?","M","M","R","$","R","T","M","$","M","M","M","R","B",null,"M","?","$","?","M","R","$","M","T","M","M","R"],"character_chosen":"IRONCLAD","items_purchased":["Metallicize","Spot Weakness","Matryoshka","Heavy Blade"],"gold_per_floor":[116,116,191,191,210,239,239,256,256,275,275,287,134,162,162,260,260,274,274,274,287,306,306,10,10,61,75,75,91,102,121,121,225,225,236,216,190,190,205,205,205,216,216,236,253,253],"floor_reached":47,"campfire_rested":5,"playtime":3399,"current_hp_per_floor":[79,67,56,80,80,64,64,63,63,61,61,63,63,42,65,31,77,49,49,49,32,26,49,49,72,72,60,60,62,64,51,74,51,77,76,76,76,76,55,55,55,30,30,19,15,39],"items_purged":["Parasite"],"gold":253,"play_id":"c8b3ddd6-dfd5-4301-8eab-e4df2aea4592","is_prod":false,"is_daily":false,"campfire_rituals":0,"campfire_upgraded":3,"is_hardmode":false,"path_taken":["M","?","?","?","M","E","R","M","T","M","R","M","$","E","R","BOSS","M","?","?","?","M","R","$","R","T","M","?","M","?","M","R","BOSS","M","?","$","?","M","R","$","M","T","?","M","R","?"],"build_version":"2017-12-21-PROD1","purchased_purges":2,"victory":false,"master_deck":["Defend_R","Defend_R","Defend_R","Defend_R","Bash","Juggernaut","Iron Wave","Rampage","Cleave","Twin Strike","Cleave","Metallicize","Body Slam","Pommel Strike","Power Through","Wild Strike","Armaments","Iron Wave","Cleave","Spot Weakness","Bite_R","Bite_R","Bite_R","Bite_R","Bite_R","Body Slam","Shrug It Off","Spot Weakness","Clash","Twin Strike","Shrug It Off","Feed","Shrug It Off","Heavy Blade","Disarm","Iron Wave","Limit Break"],"max_hp_per_floor":[80,80,80,80,80,80,80,80,80,80,80,80,77,77,77,77,77,77,77,77,77,77,77,77,77,77,77,77,77,77,77,77,77,77,77,77,77,77,77,77,77,77,77,80,80,80],"relics":["Burning Blood","Mercury Hourglass","Letter Opener","Ancient Tea Set","Orrery","Matryoshka","Lantern","Molten Egg","Mark of Pain","Centennial Puzzle","Pen Nib"],"campfire_meditates":0,"card_choices":[{"not_picked":["Bludgeon","Feed"],"picked":"Juggernaut"},{"not_picked":["Heavy Blade","Body Slam"],"picked":"Iron Wave"},{"not_picked":["Iron Wave","Bloodletting"],"picked":"Rampage"},{"not_picked":["Dual Wield","Exhume"],"picked":"Cleave"},{"not_picked":["Warcry","Uppercut"],"picked":"Twin Strike"},{"not_picked":["Perfected Strike","Flex"],"picked":"Cleave"},{"not_picked":["Evolve","Dropkick"],"picked":"Body Slam"},{"not_picked":["Body Slam","Intimidate"],"picked":"Pommel Strike"},{"not_picked":["Warcry","Blood for Blood"],"picked":"Power Through"},{"not_picked":["Thunderclap","Anger"],"picked":"Wild Strike"},{"not_picked":["Berserk","Heavy Blade"],"picked":"Armaments"},{"not_picked":["Disarm","Whirlwind"],"picked":"Iron Wave"},{"not_picked":["Body Slam","Blood for Blood"],"picked":"Cleave"},{"not_picked":["Warcry","Sever Soul"],"picked":"Body Slam"},{"not_picked":["True Grit","Fire Breathing"],"picked":"Shrug It Off"},{"not_picked":["Rage","Dual Wield"],"picked":"Clash"},{"not_picked":["Bloodletting","Flame Barrier"],"picked":"Twin Strike"},{"not_picked":["Wild Strike","Intimidate"],"picked":"Shrug It Off"},{"not_picked":["Bludgeon","Dark Embrace"],"picked":"Feed"},{"not_picked":["Heavy Blade","Dual Wield"],"picked":"Shrug It Off"},{"not_picked":["Havoc","Body Slam"],"picked":"Disarm"},{"not_picked":["True Grit","Perfected Strike"],"picked":"Iron Wave"},{"not_picked":["Shrug It Off","Heavy Blade"],"picked":"Limit Break"}],"player_experience":63347,"potions_floor_usage":[14,16,22,30,33,33,44,45,47],"damage_taken":[{"damage":7,"enemies":"Looter","floor":1,"turns":5},{"damage":1,"enemies":"Jaw Worm","floor":5,"turns":5},{"damage":22,"enemies":"Gremlin Nob","floor":6,"turns":5},{"damage":9,"enemies":"Blue Slaver","floor":8,"turns":3},{"damage":10,"enemies":"Large Slime","floor":10,"turns":5},{"damage":6,"enemies":"Exordium Thugs","floor":12,"turns":4},{"damage":29,"enemies":"3 Sentries","floor":14,"turns":3},{"damage":42,"enemies":"Hexaghost","floor":16,"turns":8},{"damage":34,"enemies":"Shell Parasite","floor":18,"turns":7},{"damage":31,"enemies":"2 Thieves","floor":21,"turns":4},{"damage":24,"enemies":"Centurion and Healer","floor":22,"turns":11},{"damage":23,"enemies":"3 Cultists","floor":27,"turns":5},{"damage":12,"enemies":"Snecko","floor":29,"turns":5},{"damage":13,"enemies":"Centurion and Healer","floor":30,"turns":7},{"damage":21,"enemies":"Sentry and Sphere","floor":31,"turns":5},{"damage":50,"enemies":"Collector","floor":33,"turns":11},{"damage":9,"enemies":"3 Darklings","floor":35,"turns":4},{"damage":28,"enemies":"3 Shapes","floor":39,"turns":3},{"damage":37,"enemies":"Sphere and 2 Shapes","floor":42,"turns":4},{"damage":24,"enemies":"4 Shapes","floor":44,"turns":5},{"damage":20,"enemies":"Maw","floor":45,"turns":8},{"damage":52,"enemies":"Sphere and 2 Shapes","floor":47,"turns":5}],"event_choices":[{"event_name":"Scrap Ooze","player_choice":"success","floor":2,"damage_taken":12},{"event_name":"World of Goop","player_choice":"Gather Gold","floor":3,"damage_taken":0},{"event_name":"Big Fish","player_choice":"Banana","floor":4,"damage_taken":0},{"event_name":"The Library","player_choice":"Read","floor":19,"damage_taken":0},{"event_name":"Vampires","player_choice":"Became a vampire (Vial)","floor":20,"damage_taken":0},{"event_name":"The Woman in Blue","player_choice":"Bought 1 Potion","floor":36,"damage_taken":0},{"event_name":"The Lab","player_choice":"Got Potions","floor":38,"damage_taken":0}],"boss_relics":[{"not_picked":["Tiny House","Eternal Feather"],"picked":"Orrery"},{"not_picked":["Calling Bell","Astrolabe"],"picked":"Mark of Pain"}],"potions_floor_spawned":[5,6,14,16,21,27,31,33,45],"seed_played":"3498002277553471283","killed_by":"Sphere and 2 Shapes","is_trial":false}