{"path_per_floor":["M","M","?","?","M","E","T","R","T","E","M","$","?","M","R","B",null,"M","?","?","M","M","E","?","E","T","M","M","M","R","M","R","B",null,"M","$","?","M","M","E","R","E","T","R","E","R","?","?","R","B"],"character_chosen":"THE_SILENT","items_purchased":["Shuriken","Kunai","Infinite Blades","Ninja Scroll","War Paint"],"gold_per_floor":[144,189,364,364,409,499,499,499,524,614,659,69,19,64,64,364,364,409,469,469,514,559,649,649,739,739,784,829,874,874,919,919,1219,1219,1264,814,794,839,884,974,974,1064,1089,1089,1179,1179,1269,1491,1491,1491],"floor_reached":51,"campfire_rested":7,"playtime":2001,"current_hp_per_floor":[66,59,59,59,51,37,37,58,58,39,39,39,39,39,60,39,70,65,46,46,46,46,40,40,39,39,27,21,18,39,39,60,37,70,65,65,65,65,65,65,70,70,70,70,70,70,52,52,52,43],"items_purged":["Strike_G","Strike_G"],"gold":1491,"score":935,"play_id":"f79921ff-aaab-4b61-972e-47ebd33debfe","local_time":"20180426102103","daily_mods":["Diverse","Midas","Binary"],"is_prod":false,"is_daily":true,"chose_seed":false,"is_ascension_mode":false,"campfire_upgraded":0,"timestamp":1524759663,"path_taken":["M","M","?","?","M","E","?","R","T","E","M","$","?","M","R","BOSS","M","?","?","M","M","E","?","E","T","?","M","M","R","M","R","BOSS","M","$","?","?","M","E","R","E","T","R","E","R","?","?","R","BOSS"],"build_version":"2018-04-19","seed_source_timestamp":0,"purchased_purges":2,"victory":true,"master_deck":["Defend_G","Defend_G","Defend_G+1","Defend_G+1","Strike_G","Strike_G","Survivor","Neutralize","Rampage","Clothesline","Bullet Time","Dagger Throw","Infinite Blades","Tools of the Trade","Heavy Blade","Predator+1","Acrobatics","Predator+1","Heavy Blade","Infinite Blades","Carnage","Riddle With Holes","Clothesline+1","Uppercut+1","Eviscerate+1","Predator"],"max_hp_per_floor":[70,70,70,70,70,70,70,70,70,70,70,70,70,70,70,70,70,70,70,70,70,70,70,70,70,70,70,70,70,70,70,70,70,70,70,70,70,70,70,70,70,70,70,70,70,70,70,70,70,70],"relics":["Ring of the Snake","Smiling Mask","Tingsha","Lantern","Omamori","Shuriken","Kunai","Snecko Eye","Red Mask","Happy Flower","Prayer Wheel","Pen Nib","Ninja Scroll","War Paint","Bag of Preparation","Meat on the Bone","Regal Pillow","Dodecahedron","Shovel","Mummified Hand"],"card_choices":[{"not_picked":["Perfected Strike"],"picked":"Rampage","floor":1},{"not_picked":["Prepared"],"picked":"Clothesline","floor":5},{"not_picked":["Eviscerate"],"picked":"Bullet Time","floor":6},{"not_picked":["Distraction"],"picked":"Dagger Throw","floor":11},{"not_picked":["Burst"],"picked":"Tools of the Trade","floor":16},{"not_picked":["Pommel Strike"],"picked":"Heavy Blade","floor":18},{"not_picked":["Poisoned Stab"],"picked":"Predator","floor":19},{"not_picked":["Flex"],"picked":"Acrobatics","floor":22},{"not_picked":["Wild Strike"],"picked":"Heavy Blade","floor":26},{"not_picked":["Underhanded Strike"],"picked":"Infinite Blades","floor":27},{"not_picked":["Headbutt"],"picked":"Carnage","floor":28},{"not_picked":["PiercingWail"],"picked":"Riddle With Holes","floor":29},{"not_picked":["Sucker Punch"],"picked":"Clothesline","floor":31},{"not_picked":["Poisoned Stab"],"picked":"Uppercut","floor":35},{"not_picked":["Wild Strike"],"picked":"Eviscerate","floor":40},{"not_picked":["Expertise"],"picked":"Predator","floor":42}],"player_experience":330231,"potions_floor_usage":[6,10,16,18,27,28,31,33,50,50,50],"damage_taken":[{"damage":4,"enemies":"Jaw Worm","floor":1,"turns":8},{"damage":7,"enemies":"Small Slimes","floor":2,"turns":4},{"damage":8,"enemies":"2 Louse","floor":5,"turns":4},{"damage":14,"enemies":"Gremlin Nob","floor":6,"turns":4},{"damage":19,"enemies":"3 Sentries","floor":10,"turns":5},{"damage":0,"enemies":"Blue Slaver","floor":11,"turns":3},{"damage":0,"enemies":"3 Louse","floor":14,"turns":3},{"damage":21,"enemies":"The Guardian","floor":16,"turns":9},{"damage":5,"enemies":"3 Byrds","floor":18,"turns":3},{"damage":19,"enemies":"Masked Bandits","floor":19,"turns":4},{"damage":0,"enemies":"Chosen","floor":21,"turns":3},{"damage":0,"enemies":"Sentry and Sphere","floor":22,"turns":3},{"damage":6,"enemies":"Gremlin Leader","floor":23,"turns":4},{"damage":1,"enemies":"Book of Stabbing","floor":25,"turns":3},{"damage":12,"enemies":"Slaver and Parasite","floor":27,"turns":3},{"damage":6,"enemies":"Snake Plant","floor":28,"turns":3},{"damage":3,"enemies":"Centurion and Healer","floor":29,"turns":3},{"damage":0,"enemies":"Sentry and Sphere","floor":31,"turns":2},{"damage":23,"enemies":"Automaton","floor":33,"turns":6},{"damage":5,"enemies":"3 Shapes","floor":35,"turns":2},{"damage":0,"enemies":"Orb Walker","floor":38,"turns":1},{"damage":0,"enemies":"Sphere and 2 Shapes","floor":39,"turns":2},{"damage":0,"enemies":"Giant Head","floor":40,"turns":5},{"damage":0,"enemies":"Nemesis","floor":42,"turns":1},{"damage":0,"enemies":"Giant Head","floor":45,"turns":4},{"damage":18,"enemies":"Mysterious Sphere","floor":47,"turns":4},{"damage":21,"enemies":"Awakened One","floor":50,"turns":6}],"event_choices":[{"event_name":"Liars Game","player_choice":"agreed","floor":3,"damage_taken":0},{"event_name":"Living Wall","player_choice":"Forget","floor":4,"damage_taken":0},{"event_name":"The Cleric","player_choice":"Card Removal","floor":13,"damage_taken":0},{"event_name":"Masked Bandits","player_choice":"Fought over 409 gold","floor":19,"damage_taken":0},{"event_name":"Back to Basics","player_choice":"Elegance","floor":20,"damage_taken":0},{"event_name":"Duplicator","player_choice":"One dupe","floor":24,"damage_taken":0},{"event_name":"The Woman in Blue","player_choice":"Bought 1 Potion","floor":37,"damage_taken":0},{"event_name":"Mysterious Sphere","player_choice":"Fight","floor":47,"damage_taken":0},{"event_name":"Tomb of Lord Red Mask","player_choice":"Wore Mask","floor":48,"damage_taken":0}],"boss_relics":[{"not_picked":["Sozu","White Beast Statue"],"picked":"Snecko Eye"},{"not_picked":["Philosopher\u0027s Stone","Orrery","Runic Dome"]}],"potions_floor_spawned":[5,6,10,11,21,23,27,28,33,35,42,47],"seed_played":"-4689612834515747258","ascension_level":0,"is_trial":false}