{"path_per_floor":["M","M","$","M","?","R","M","R","T","R","M","M","M","?","R","B",null,"M","?","?","M","M","R","E","?","T","M","E","M","$","M","R","B",null,"M","?","M","$","?","E","M","R","T","M","E","?","M","E","R","B"],"character_chosen":"THE_SILENT","items_purchased":["Footwork","Leg Sweep","Lee\u0027s Waffle","Catalyst"],"gold_per_floor":[117,136,25,43,43,43,57,57,57,57,77,89,99,99,99,201,201,212,212,212,225,243,243,270,270,294,310,338,356,30,47,47,146,146,159,159,173,103,0,28,43,43,67,86,121,121,135,161,161,161],"floor_reached":51,"campfire_rested":1,"playtime":6873,"current_hp_per_floor":[70,70,70,70,70,70,70,70,70,70,68,68,68,54,54,51,70,61,61,61,61,58,58,58,58,58,60,52,34,81,68,68,70,83,74,64,63,63,63,46,46,46,46,42,24,85,83,32,58,54],"items_purged":["Strike_G","Defend_G"],"gold":161,"score":969,"play_id":"19fbb6ff-94fc-48e5-81ab-f0df196341b2","local_time":"20180320022910","is_prod":false,"is_daily":false,"is_ascension_mode":true,"campfire_upgraded":7,"timestamp":1521509350,"path_taken":["M","M","$","M","?","R","M","R","T","R","M","M","M","?","R","BOSS","M","?","?","M","?","R","E","?","T","M","E","M","$","M","R","BOSS","M","?","M","?","?","E","M","R","T","M","E","?","M","E","R","BOSS"],"build_version":"2018-03-15v3","purchased_purges":2,"victory":true,"master_deck":["Defend_G","Defend_G","Defend_G+1","Strike_G+1","Survivor","Neutralize+1","Skewer","Backflip","Footwork+1","Noxious Fumes+1","Acrobatics+1","Bouncing Flask","Blur","Burst","Poisoned Stab+1","Backstab+1","Unload+1","Outmaneuver+1","Backflip+1","Footwork+1","Sucker Punch","Night Terror","Leg Sweep","Calculated Gamble+1","Endless Agony+1","Madness","Madness","Noxious Fumes+1","Catalyst","Tools of the Trade","Blur+1","Caltrops"],"max_hp_per_floor":[70,70,70,70,70,70,70,70,70,70,70,70,70,70,70,70,70,70,70,70,70,70,70,70,70,70,72,74,74,81,81,81,83,83,83,83,83,83,83,83,83,83,83,85,97,85,85,87,87,87],"relics":["Cursed Key","Omamori","Nloth\u0027s Gift","Singing Bowl","Ninja Scroll","Lee\u0027s Waffle","Black Star","Red Mask","Lantern","Ancient Tea Set","Bag of Preparation","Pear","Centennial Puzzle","Vajra","Juzu Bracelet"],"card_choices":[{"not_picked":["PiercingWail","Flying Knee"],"picked":"Skewer"},{"not_picked":["Reflex","Quick Slash"],"picked":"Backflip"},{"not_picked":["Underhanded Strike","Predator"],"picked":"Noxious Fumes"},{"not_picked":["Dodge and Roll","Envenom"],"picked":"Acrobatics"},{"not_picked":["PiercingWail","Bane"],"picked":"Bouncing Flask"},{"not_picked":["Dagger Spray","Sucker Punch"],"picked":"Blur"},{"not_picked":["Unload","Tactician"],"picked":"Burst"},{"not_picked":["Cloak And Dagger","Deflect"],"picked":"Outmaneuver"},{"not_picked":["Flechettes","Dagger Throw"],"picked":"Backflip"},{"not_picked":["PiercingWail","Quick Slash"],"picked":"Footwork"},{"not_picked":["Riddle With Holes","Underhanded Strike"],"picked":"Sucker Punch"},{"not_picked":["Eviscerate","Acrobatics"],"picked":"Night Terror"},{"not_picked":["Bane","Blade Dance"],"picked":"Calculated Gamble"},{"not_picked":["Quick Slash","Crippling Poison"],"picked":"Endless Agony"},{"not_picked":["Prepared","PiercingWail"],"picked":"Noxious Fumes"},{"not_picked":["Die Die Die","Quick Slash"],"picked":"Tools of the Trade"},{"not_picked":["Expertise","Deflect"],"picked":"Blur"},{"not_picked":["Dodge and Roll","Backflip"],"picked":"Caltrops"}],"player_experience":172118,"potions_floor_usage":[11,18,27,29,33,40,48,48,48,50],"damage_taken":[{"damage":0,"enemies":"2 Louse","floor":1,"turns":4},{"damage":0,"enemies":"Jaw Worm","floor":2,"turns":3},{"damage":0,"enemies":"Small Slimes","floor":4,"turns":3},{"damage":0,"enemies":"Exordium Wildlife","floor":7,"turns":3},{"damage":2,"enemies":"Gremlin Gang","floor":11,"turns":6},{"damage":0,"enemies":"2 Fungi Beasts","floor":12,"turns":3},{"damage":0,"enemies":"Blue Slaver","floor":13,"turns":4},{"damage":3,"enemies":"Slime Boss","floor":16,"turns":9},{"damage":9,"enemies":"3 Byrds","floor":18,"turns":6},{"damage":0,"enemies":"Shell Parasite","floor":21,"turns":5},{"damage":3,"enemies":"Chosen and Byrds","floor":22,"turns":6},{"damage":0,"enemies":"Book of Stabbing","floor":24,"turns":9},{"damage":15,"enemies":"Centurion and Healer","floor":27,"turns":6},{"damage":10,"enemies":"Gremlin Leader","floor":28,"turns":8},{"damage":18,"enemies":"Snake Plant","floor":29,"turns":3},{"damage":13,"enemies":"Snecko","floor":31,"turns":3},{"damage":0,"enemies":"Champ","floor":33,"turns":11},{"damage":9,"enemies":"3 Shapes","floor":35,"turns":4},{"damage":1,"enemies":"3 Darklings","floor":37,"turns":8},{"damage":17,"enemies":"Nemesis","floor":40,"turns":7},{"damage":0,"enemies":"4 Shapes","floor":41,"turns":7},{"damage":6,"enemies":"Maw","floor":44,"turns":7},{"damage":30,"enemies":"Giant Head","floor":45,"turns":10},{"damage":2,"enemies":"Sphere and 2 Shapes","floor":47,"turns":8},{"damage":53,"enemies":"2 Orb Walkers","floor":48,"turns":7},{"damage":4,"enemies":"Donu and Deca","floor":50,"turns":9}],"event_choices":[{"event_name":"Golden Idol","player_choice":"Ignored","floor":5,"damage_taken":0},{"event_name":"Shining Light","player_choice":"Entered Light","floor":14,"damage_taken":0},{"event_name":"Drug Dealer","player_choice":"Ignored","floor":19,"damage_taken":0},{"event_name":"Back to Basics","player_choice":"Elegance","floor":20,"damage_taken":0},{"event_name":"N\u0027loth","player_choice":"Traded a Astrolabe","floor":25,"damage_taken":0},{"event_name":"Winding Halls","player_choice":"Embrace Madness","floor":36,"damage_taken":0},{"event_name":"Tomb of Lord Red Mask","player_choice":"Paid","floor":39,"damage_taken":0},{"event_name":"The Moai Head","player_choice":"Heal","floor":46,"damage_taken":0}],"boss_relics":[{"not_picked":["Tiny House","Orrery"],"picked":"Astrolabe"},{"not_picked":["Snecko Eye","Runic Pyramid"],"picked":"Black Star"}],"potions_floor_spawned":[4,7,11,18,24,28,31,33,35,41,45,48],"seed_played":"-3391628117259915777","ascension_level":3,"is_trial":false}