{"gold_per_floor":[110,35,52,71,71,71,89,122,122,122,141,171,187,215,215,320,370,387,404,404,416,506,506,332,332,332,332,345,345,355,370,370,469,469,485,156,173,185,198,229,242,242,242,277,277,277,277],"floor_reached":47,"playtime":6622,"items_purged":["Strike_G","Defend_G","Strike_G"],"score":628,"play_id":"0f84e749-66f5-4572-9eca-f5004227a2be","local_time":"20190117221313","is_ascension_mode":true,"campfire_choices":[{"data":"Neutralize","floor":6,"key":"SMITH"},{"data":"Terror","floor":10,"key":"SMITH"},{"floor":15,"key":"REST"},{"data":"Prepared","floor":23,"key":"SMITH"},{"data":"Burst","floor":25,"key":"SMITH"},{"data":"Outmaneuver","floor":27,"key":"SMITH"},{"data":"Crippling Poison","floor":29,"key":"SMITH"},{"floor":32,"key":"RECALL"},{"floor":42,"key":"REST"},{"data":"1","floor":46,"key":"LIFT"}],"neow_cost":"NONE","seed_source_timestamp":1332279192214911,"circlet_count":0,"master_deck":["Defend_G","Defend_G+1","Defend_G","Strike_G","Survivor","Neutralize+1","All Out Attack+1","Bouncing Flask+1","Storm of Steel+1","Outmaneuver+1","Terror+1","Backflip","Deflect","Prepared+1","PiercingWail","Burst+1","Deadly Poison","Dodge and Roll+1","Crippling Poison+1","Ghostly","Ghostly","Ghostly","Ghostly","Ghostly","Noxious Fumes+1","Noxious Fumes+1","Caltrops+1","Tools of the Trade+1","Crippling Poison+1","Cloak And Dagger+1","Leg Sweep","After Image+1","Reflex+1"],"relics":["Astrolabe","Girya","Darkstone Periapt","Frozen Egg 2","Odd Mushroom","PreservedInsect","Tiny House","Bottled Tornado","Fusion Hammer","Strange Spoon","Torii","Tingsha"],"potions_floor_usage":[8,11,13,18,19,28,31,31,33,38,41,47],"damage_taken":[{"damage":0,"enemies":"Cultist","floor":1,"turns":3},{"damage":0,"enemies":"2 Louse","floor":3,"turns":1},{"damage":2,"enemies":"Jaw Worm","floor":4,"turns":3},{"damage":4,"enemies":"Looter","floor":7,"turns":4},{"damage":20,"enemies":"3 Sentries","floor":8,"turns":7},{"damage":0,"enemies":"3 Louse","floor":11,"turns":2},{"damage":1,"enemies":"The Mushroom Lair","floor":12,"turns":2},{"damage":6,"enemies":"Gremlin Gang","floor":13,"turns":3},{"damage":24,"enemies":"Gremlin Nob","floor":14,"turns":5},{"damage":3,"enemies":"Hexaghost","floor":16,"turns":10},{"damage":8,"enemies":"Shell Parasite","floor":18,"turns":5},{"damage":12,"enemies":"Chosen","floor":19,"turns":4},{"damage":0,"enemies":"Snake Plant","floor":21,"turns":6},{"damage":1,"enemies":"Centurion and Healer","floor":28,"turns":6},{"damage":3,"enemies":"Sentry and Sphere","floor":30,"turns":5},{"damage":4,"enemies":"3 Cultists","floor":31,"turns":4},{"damage":9,"enemies":"Champ","floor":33,"turns":12},{"damage":6,"enemies":"3 Shapes","floor":35,"turns":5},{"damage":1,"enemies":"Orb Walker","floor":37,"turns":5},{"damage":9,"enemies":"Transient","floor":38,"turns":5},{"damage":0,"enemies":"Spire Growth","floor":39,"turns":6},{"damage":2,"enemies":"Reptomancer","floor":40,"turns":5},{"damage":8,"enemies":"Jaw Worm Horde","floor":41,"turns":5},{"damage":0,"enemies":"Nemesis","floor":44,"turns":7},{"damage":51,"enemies":"Reptomancer","floor":47,"turns":2}],"seed_played":"4338238782271032900","potions_obtained":[{"floor":4,"key":"Ancient Potion"},{"floor":8,"key":"Fire Potion"},{"floor":12,"key":"Block Potion"},{"floor":14,"key":"Explosive Potion"},{"floor":16,"key":"Fire Potion"},{"floor":17,"key":"Weak Potion"},{"floor":21,"key":"Weak Potion"},{"floor":30,"key":"Poison Potion"},{"floor":31,"key":"Fruit Juice"},{"floor":35,"key":"SpeedPotion"},{"floor":39,"key":"Strength Potion"},{"floor":41,"key":"Poison Potion"}],"is_trial":false,"path_per_floor":["M","$","M","M","?","R","M","E","T","R","M","?","M","E","R","B",null,"M","M","?","M","?","R","$","R","T","R","M","R","M","M","R","B",null,"M","$","M","M","M","E","M","R","T","E","?","R","E"],"character_chosen":"THE_SILENT","items_purchased":["Regen Potion","Strange Spoon"],"campfire_rested":2,"item_purchase_floors":[24,36],"current_hp_per_floor":[70,70,70,68,61,61,57,37,37,37,37,36,30,6,27,24,75,67,55,37,37,25,25,25,25,25,25,37,37,34,35,35,26,42,36,36,35,26,26,24,16,28,28,28,28,28,0],"gold":277,"neow_bonus":"BOSS_RELIC","is_prod":false,"is_daily":false,"chose_seed":false,"campfire_upgraded":6,"win_rate":0,"timestamp":1547784793,"path_taken":["M","$","M","?","?","R","M","E","T","R","M","?","M","E","R","BOSS","M","M","?","M","?","R","$","R","T","R","M","R","M","M","R","BOSS","M","$","?","M","M","E","M","R","T","E","?","R","E"],"build_version":"2019-01-17","purchased_purges":3,"victory":false,"max_hp_per_floor":[70,70,70,70,70,70,70,70,70,70,70,70,70,70,70,70,75,75,75,37,37,37,37,37,37,37,37,37,37,37,42,42,42,42,42,42,42,42,42,42,42,42,42,42,40,40,40],"card_choices":[{"not_picked":["Infinite Blades","Acrobatics"],"picked":"Outmaneuver","floor":1},{"not_picked":["Outmaneuver","Riddle With Holes","Blade Dance"],"picked":"SKIP","floor":3},{"not_picked":["Bouncing Flask","Quick Slash"],"picked":"Terror","floor":4},{"not_picked":["Tools of the Trade","Setup"],"picked":"Backflip","floor":7},{"not_picked":["Sucker Punch","Caltrops"],"picked":"Deflect","floor":8},{"not_picked":["Flying Knee","Slice","Choke"],"picked":"SKIP","floor":11},{"not_picked":["Slice","Finisher"],"picked":"Prepared","floor":13},{"not_picked":["Blur","Deadly Poison"],"picked":"PiercingWail","floor":14},{"not_picked":["Grand Finale","Bullet Time"],"picked":"Burst","floor":16},{"not_picked":["Bane","Masterful Stab"],"picked":"Deadly Poison","floor":17},{"not_picked":["Dagger Spray","Acrobatics"],"picked":"Dodge and Roll+1","floor":18},{"not_picked":["Venomology","Backflip+1"],"picked":"Crippling Poison","floor":19},{"not_picked":["Predator","Slice"],"picked":"Noxious Fumes+1","floor":21},{"not_picked":["Deflect+1","Slice","Dagger Spray+1"],"picked":"SKIP","floor":28},{"not_picked":["Dagger Throw","Cloak And Dagger"],"picked":"Noxious Fumes+1","floor":30},{"not_picked":["Backflip+1","Slice"],"picked":"Caltrops+1","floor":31},{"not_picked":["Phantasmal Killer","Die Die Die"],"picked":"Tools of the Trade+1","floor":33},{"not_picked":["Backstab","Deadly Poison","Masterful Stab"],"picked":"SKIP","floor":35},{"not_picked":["Poisoned Stab","Dagger Spray"],"picked":"Crippling Poison+1","floor":37},{"not_picked":["Dagger Spray+1","Slice"],"picked":"Cloak And Dagger+1","floor":38},{"not_picked":["Quick Slash+1","Endless Agony+1"],"picked":"Leg Sweep","floor":39},{"not_picked":["Dodge and Roll","Accuracy+1","Predator+1"],"picked":"SKIP","floor":40},{"not_picked":["Cloak And Dagger+1","Prepared"],"picked":"After Image+1","floor":41},{"not_picked":["Outmaneuver+1","Deadly Poison"],"picked":"Reflex+1","floor":44}],"player_experience":153381,"relics_obtained":[{"floor":8,"key":"Darkstone Periapt"},{"floor":9,"key":"Frozen Egg 2"},{"floor":12,"key":"Odd Mushroom"},{"floor":14,"key":"PreservedInsect"},{"floor":26,"key":"Bottled Tornado"},{"floor":40,"key":"Torii"},{"floor":44,"key":"Tingsha"}],"event_choices":[{"damage_healed":0,"gold_gain":0,"player_choice":"Success","damage_taken":7,"relics_obtained":["Girya"],"max_hp_gain":0,"max_hp_loss":0,"event_name":"Scrap Ooze","floor":5,"gold_loss":0},{"damage_healed":0,"gold_gain":0,"player_choice":"Fought Mushrooms","damage_taken":0,"max_hp_gain":0,"max_hp_loss":0,"event_name":"Mushrooms","floor":12,"gold_loss":0},{"damage_healed":0,"gold_gain":0,"player_choice":"Became a Ghost","damage_taken":0,"max_hp_gain":0,"max_hp_loss":38,"event_name":"Ghosts","floor":20,"gold_loss":0,"cards_obtained":["Ghostly","Ghostly","Ghostly","Ghostly","Ghostly"]},{"damage_healed":0,"gold_gain":90,"player_choice":"GOLD ","damage_taken":12,"max_hp_gain":0,"max_hp_loss":0,"event_name":"Knowing Skull","floor":22,"potions_obtained":[],"gold_loss":0,"cards_obtained":[]},{"damage_healed":0,"gold_gain":0,"player_choice":"Max HP","damage_taken":0,"max_hp_gain":0,"max_hp_loss":2,"event_name":"Winding Halls","floor":45,"gold_loss":0}],"is_beta":false,"boss_relics":[{"not_picked":["Eternal Feather","Pandora\u0027s Box"],"picked":"Tiny House"},{"not_picked":["Lizard Tail","Sozu"],"picked":"Fusion Hammer"}],"items_purged_floors":[2,24,36],"is_endless":false,"potions_floor_spawned":[4,8,12,14,16,21,30,31,35,39,41],"killed_by":"Reptomancer","ascension_level":3}