{"gold_per_floor":[115,115,115,115,126,126,136,154,179,136,160,7,7,56,56,131,131,143,58,58,68,141,141,157,157,180,180,195,195],"floor_reached":29,"playtime":985,"items_purged":["Strike_R"],"score":426,"play_id":"7e15183d-b486-4df9-b2e9-969a1283bf41","local_time":"20190429175532","is_ascension_mode":true,"campfire_choices":[{"floor":6,"key":"REST"},{"floor":13,"key":"REST"},{"data":"Metallicize","floor":15,"key":"SMITH"},{"data":"Entrench","floor":23,"key":"SMITH"},{"data":"Armaments","floor":25,"key":"SMITH"},{"data":"Ghostly","floor":27,"key":"SMITH"}],"neow_cost":"NONE","seed_source_timestamp":3646693244440235,"circlet_count":0,"master_deck":["AscendersBane","Strike_R","Strike_R","Strike_R","Strike_R+1","Defend_R","Defend_R+1","Defend_R","Defend_R","Bash+1","Barricade+1","Cleave","Power Through+1","Iron Wave","Iron Wave","Metallicize+1","Ghostly Armor","Body Slam","Armaments+1","Pommel Strike","Entrench+1","Sentinel","Ghostly","Ghostly","Ghostly+1"],"relics":["Burning Blood","MawBank","War Paint","Orrery","Strawberry","Darkstone Periapt","Red Skull"],"potions_floor_usage":[16,16,29,29,29,29],"damage_taken":[{"damage":31,"enemies":"Small Slimes","floor":1,"turns":6},{"damage":19,"enemies":"Jaw Worm","floor":5,"turns":4},{"damage":1,"enemies":"Cultist","floor":7,"turns":3},{"damage":11,"enemies":"2 Fungi Beasts","floor":8,"turns":4},{"damage":11,"enemies":"Blue Slaver","floor":11,"turns":3},{"damage":25,"enemies":"The Guardian","floor":16,"turns":15},{"damage":39,"enemies":"Spheric Guardian","floor":18,"turns":10},{"damage":2,"enemies":"Shell Parasite","floor":21,"turns":13},{"damage":13,"enemies":"Shelled Parasite and Fungi","floor":24,"turns":12},{"damage":1,"enemies":"Snecko","floor":28,"turns":13},{"damage":43,"enemies":"Book of Stabbing","floor":29,"turns":7}],"seed_played":"785642095140771871","potions_obtained":[{"floor":8,"key":"AttackPotion"},{"floor":11,"key":"Strength Potion"},{"floor":24,"key":"Dexterity Potion"},{"floor":28,"key":"EntropicBrew"}],"is_trial":false,"path_per_floor":["M","?","?","?","M","R","M","M","T","?","M","$","R","T","R","B",null,"M","?","?","M","T","R","M","R","T","R","M","E"],"character_chosen":"IRONCLAD","items_purchased":["Metallicize"],"campfire_rested":2,"item_purchase_floors":[12],"current_hp_per_floor":[43,43,20,20,7,29,34,29,29,29,24,24,46,46,46,27,63,30,37,37,41,41,41,34,34,34,34,39,0],"gold":195,"neow_bonus":"ONE_RANDOM_RARE_CARD","is_prod":false,"is_daily":false,"chose_seed":false,"campfire_upgraded":4,"win_rate":0,"timestamp":1556556932,"path_taken":["M","?","?","?","M","R","?","M","T","?","M","$","R","?","R","BOSS","M","?","?","M","?","R","M","R","T","R","?","E"],"build_version":"2019-01-23","purchased_purges":1,"victory":false,"max_hp_per_floor":[75,75,75,75,75,75,75,75,75,75,75,75,75,75,75,75,75,75,82,41,41,41,41,41,41,41,41,41,41],"card_choices":[{"not_picked":["Pommel Strike","Flex"],"picked":"Cleave","floor":1},{"not_picked":["Feel No Pain","Sentinel"],"picked":"Power Through","floor":5},{"not_picked":["Havoc","Warcry"],"picked":"Iron Wave","floor":7},{"not_picked":["Heavy Blade","Flex","Wild Strike"],"picked":"SKIP","floor":8},{"not_picked":["Anger","Metallicize"],"picked":"Iron Wave","floor":11},{"not_picked":["Carnage","Clothesline"],"picked":"Ghostly Armor","floor":17},{"not_picked":["Havoc","Sword Boomerang"],"picked":"Body Slam","floor":17},{"not_picked":["Havoc","Cleave"],"picked":"Armaments","floor":17},{"not_picked":["Reckless Charge","Infernal Blade"],"picked":"Pommel Strike","floor":17},{"not_picked":["Battle Trance","Infernal Blade"],"picked":"Entrench","floor":17},{"not_picked":["Warcry","Wild Strike"],"picked":"Sentinel","floor":18},{"not_picked":["Sword Boomerang","Thunderclap","Body Slam"],"picked":"SKIP","floor":21},{"not_picked":["True Grit","Shockwave","Wild Strike+1"],"picked":"SKIP","floor":24},{"not_picked":["Headbutt","Intimidate","Clothesline"],"picked":"SKIP","floor":28}],"player_experience":736863,"relics_obtained":[{"floor":9,"key":"MawBank"},{"floor":14,"key":"War Paint"},{"floor":22,"key":"Darkstone Periapt"},{"floor":26,"key":"Red Skull"}],"event_choices":[{"damage_healed":0,"gold_gain":0,"player_choice":"Fled","damage_taken":0,"max_hp_gain":0,"max_hp_loss":0,"event_name":"Scrap Ooze","floor":2,"gold_loss":0},{"damage_healed":0,"gold_gain":0,"player_choice":"Entered Light","damage_taken":23,"max_hp_gain":0,"max_hp_loss":0,"event_name":"Shining Light","floor":3,"gold_loss":0,"cards_upgraded":["Bash","Strike_R"]},{"damage_healed":0,"gold_gain":0,"player_choice":"Upgraded","damage_taken":0,"max_hp_gain":0,"max_hp_loss":0,"event_name":"Upgrade Shrine","floor":4,"gold_loss":0,"cards_upgraded":["Barricade"]},{"damage_healed":0,"gold_gain":0,"player_choice":"Left Gold","damage_taken":0,"max_hp_gain":0,"max_hp_loss":0,"event_name":"World of Goop","floor":10,"gold_loss":55},{"damage_healed":0,"gold_gain":0,"player_choice":"Obtained Relic","damage_taken":0,"relics_obtained":["Strawberry"],"max_hp_gain":0,"max_hp_loss":0,"event_name":"Addict","floor":19,"gold_loss":85},{"damage_healed":0,"gold_gain":0,"player_choice":"Became a Ghost","damage_taken":0,"max_hp_gain":0,"max_hp_loss":41,"event_name":"Ghosts","floor":20,"gold_loss":0,"cards_obtained":["Ghostly","Ghostly","Ghostly"]}],"is_beta":false,"boss_relics":[{"not_picked":["Velvet Choker","Tiny House"],"picked":"Orrery"}],"items_purged_floors":[12],"is_endless":false,"potions_floor_spawned":[8,11,24,28],"killed_by":"Book of Stabbing","ascension_level":20}