{"gold_per_floor":[117,133,16,27,40,40,70,118,118,118,168,168,184,199,199,277,277,292,306,306,306,63,63,63,77,100,118,4,54,74,90,90,166,166,183,229,229],"floor_reached":37,"playtime":1582,"items_purged":["Decay"],"score":726,"play_id":"8d282caf-ac7b-4470-a8d3-91a336fc60ac","local_time":"20190201170305","is_ascension_mode":true,"campfire_choices":[{"data":"Blur","floor":6,"key":"SMITH"},{"data":"Backflip","floor":10,"key":"SMITH"},{"data":"Concentrate","floor":12,"key":"SMITH"},{"data":"Neutralize","floor":15,"key":"SMITH"},{"floor":23,"key":"REST"},{"floor":32,"key":"REST"}],"neow_cost":"NONE","seed_source_timestamp":81337557597055,"circlet_count":0,"master_deck":["AscendersBane","Defend_G","Defend_G","Defend_G","Defend_G","Defend_G","Strike_G","Strike_G","Strike_G","Strike_G","Strike_G","Survivor","Neutralize+1","Slice","Dagger Spray","Concentrate+1","Quick Slash","Flying Knee","Blur+1","Backflip+1","Backstab","Dagger Spray","Grand Finale","Dash+1","Sucker Punch","Backflip","Acrobatics","Dash","Dagger Spray+1","Quick Slash","Outmaneuver","Swift Strike","Flying Knee","Quick Slash","Corpse Explosion","Dagger Spray+1","Cloak And Dagger"],"relics":["Runic Pyramid","Odd Mushroom","Oddly Smooth Stone","Incense Burner","Fusion Hammer","Dream Catcher","Cursed Key","Tough Bandages"],"potions_floor_usage":[7,16,36,36,37],"damage_taken":[{"damage":2,"enemies":"Cultist","floor":1,"turns":4},{"damage":2,"enemies":"Jaw Worm","floor":2,"turns":4},{"damage":1,"enemies":"2 Louse","floor":4,"turns":3},{"damage":15,"enemies":"Lots of Slimes","floor":5,"turns":4},{"damage":13,"enemies":"The Mushroom Lair","floor":7,"turns":4},{"damage":0,"enemies":"Exordium Wildlife","floor":13,"turns":4},{"damage":5,"enemies":"Looter","floor":14,"turns":3},{"damage":30,"enemies":"Hexaghost","floor":16,"turns":16},{"damage":3,"enemies":"Spheric Guardian","floor":18,"turns":4},{"damage":10,"enemies":"2 Thieves","floor":19,"turns":5},{"damage":1,"enemies":"Cultist and Chosen","floor":25,"turns":5},{"damage":0,"enemies":"3 Cultists","floor":27,"turns":6},{"damage":14,"enemies":"Snake Plant","floor":30,"turns":7},{"damage":0,"enemies":"Snecko","floor":31,"turns":5},{"damage":66,"enemies":"Automaton","floor":33,"turns":13},{"damage":8,"enemies":"3 Darklings","floor":35,"turns":4},{"damage":37,"enemies":"2 Orb Walkers","floor":36,"turns":5},{"damage":10,"enemies":"Orb Walker","floor":37,"turns":2}],"seed_played":"-3403008700199910004","potions_obtained":[{"floor":1,"key":"Regen Potion"},{"floor":14,"key":"GhostInAJar"},{"floor":16,"key":"Fruit Juice"},{"floor":19,"key":"SkillPotion"},{"floor":30,"key":"GamblersBrew"},{"floor":36,"key":"EssenceOfSteel"}],"is_trial":false,"path_per_floor":["M","M","$","M","M","R","?","T","T","R","?","R","M","M","R","B",null,"M","M","?","?","$","R","?","M","T","M","$","?","M","M","R","B",null,"M","?","M"],"character_chosen":"THE_SILENT","items_purchased":["Concentrate","Quick Slash","Backflip","Acrobatics","Dash","Outmaneuver","Swift Strike"],"campfire_rested":2,"item_purchase_floors":[3,3,22,22,22,28,28],"current_hp_per_floor":[57,55,55,54,39,39,38,38,38,38,38,38,38,33,33,8,55,52,42,42,42,42,63,63,62,62,62,62,62,48,48,69,3,54,46,9,0],"gold":229,"neow_bonus":"BOSS_RELIC","is_prod":false,"is_daily":false,"chose_seed":false,"campfire_upgraded":4,"win_rate":0,"timestamp":1549040585,"path_taken":["M","?","$","?","M","R","?","?","T","R","?","R","?","M","R","BOSS","M","M","?","?","$","R","?","M","T","M","$","?","?","M","R","BOSS","M","?","M"],"build_version":"2019-01-23","purchased_purges":1,"victory":false,"max_hp_per_floor":[66,66,66,66,66,66,66,66,66,66,66,66,66,66,66,71,71,71,71,71,71,71,71,71,71,71,71,71,71,71,71,71,71,71,71,71,71],"card_choices":[{"not_picked":["Heel Hook","Backflip"],"picked":"Slice","floor":1},{"not_picked":["Dodge and Roll","Poisoned Stab"],"picked":"Dagger Spray","floor":2},{"not_picked":["Underhanded Strike","Expertise"],"picked":"Flying Knee","floor":4},{"not_picked":["Poisoned Stab","Blade Dance"],"picked":"Blur","floor":5},{"not_picked":["Blade Dance","Unload"],"picked":"Backflip","floor":7},{"not_picked":["Infinite Blades","Underhanded Strike"],"picked":"Backstab","floor":13},{"not_picked":["Blade Dance","Prepared"],"picked":"Dagger Spray","floor":14},{"not_picked":["Corpse Explosion","Die Die Die"],"picked":"Grand Finale","floor":16},{"not_picked":["Dodge and Roll","Deflect"],"picked":"Dash+1","floor":18},{"not_picked":["Blade Dance","Flying Knee"],"picked":"Sucker Punch","floor":19},{"not_picked":["Bane+1","Cloak And Dagger"],"picked":"Dagger Spray+1","floor":25},{"not_picked":["Dodge and Roll","Prepared"],"picked":"Quick Slash","floor":27},{"not_picked":["Backstab+1","Terror"],"picked":"Flying Knee","floor":30},{"not_picked":["Dagger Spray","Outmaneuver"],"picked":"Quick Slash","floor":31},{"not_picked":["Tools of the Trade","Night Terror"],"picked":"Corpse Explosion","floor":33},{"not_picked":["Dodge and Roll","Riddle With Holes"],"picked":"Dagger Spray+1","floor":35},{"not_picked":["Poisoned Stab","Dodge and Roll"],"picked":"Cloak And Dagger","floor":36}],"player_experience":501504,"relics_obtained":[{"floor":7,"key":"Odd Mushroom"},{"floor":8,"key":"Oddly Smooth Stone"},{"floor":9,"key":"Incense Burner"},{"floor":26,"key":"Dream Catcher"},{"floor":36,"key":"Tough Bandages"}],"event_choices":[{"damage_healed":0,"gold_gain":0,"player_choice":"Fought Mushrooms","damage_taken":0,"max_hp_gain":0,"max_hp_loss":0,"event_name":"Mushrooms","floor":7,"gold_loss":0},{"damage_healed":0,"gold_gain":50,"player_choice":"Pray","damage_taken":0,"max_hp_gain":0,"max_hp_loss":0,"event_name":"Golden Shrine","floor":11,"gold_loss":0},{"damage_healed":0,"gold_gain":0,"player_choice":"Smashed Altar","damage_taken":0,"max_hp_gain":0,"max_hp_loss":0,"event_name":"Forgotten Altar","floor":20,"gold_loss":0,"cards_obtained":["Decay"]},{"damage_healed":0,"gold_gain":0,"player_choice":"Ignored","damage_taken":0,"max_hp_gain":0,"max_hp_loss":0,"event_name":"Cursed Tome","floor":21,"gold_loss":0},{"damage_healed":0,"gold_gain":0,"player_choice":"Ignored","damage_taken":0,"max_hp_gain":0,"max_hp_loss":0,"event_name":"Ghosts","floor":24,"gold_loss":0},{"damage_healed":0,"gold_gain":50,"player_choice":"Stole From Cult","damage_taken":0,"max_hp_gain":0,"max_hp_loss":0,"event_name":"Nest","floor":29,"gold_loss":0},{"damage_healed":0,"gold_gain":0,"player_choice":"Fight","damage_taken":0,"max_hp_gain":0,"max_hp_loss":0,"event_name":"Mysterious Sphere","floor":36,"gold_loss":0}],"is_beta":false,"boss_relics":[{"not_picked":["Pandora\u0027s Box","Snecko Eye"],"picked":"Fusion Hammer"},{"not_picked":["White Beast Statue","Astrolabe"],"picked":"Cursed Key"}],"items_purged_floors":[22],"is_endless":false,"potions_floor_spawned":[1,14,16,19,30,36],"killed_by":"Orb Walker","ascension_level":15}