{"gold_per_floor":[113,288,288,304,318,318,318,343,343,343,357,378,378,391,391,522,522,541,561,486,522,522,557,557,590,590,39,39,39,64,64,64,192,192,215,238,261,261,594,624,624,624,695,695,489,489,2,2,2,2],"floor_reached":51,"playtime":1482,"items_purged":["Defend_R","Shame","Writhe"],"score":834,"play_id":"d42bcf16-3a25-4538-9814-cd1ca2c206a0","local_time":"20180915123958","is_ascension_mode":false,"campfire_choices":[{"data":"Bash","floor":6,"key":"SMITH"},{"data":"Wild Strike","floor":15,"key":"SMITH"},{"data":"Perfected Strike","floor":24,"key":"SMITH"},{"floor":32,"key":"REST"},{"floor":41,"key":"REST"},{"data":"Flex","floor":46,"key":"SMITH"},{"floor":49,"key":"REST"}],"neow_cost":"","seed_source_timestamp":82983884748191,"circlet_count":0,"master_deck":["Strike_R+1","Strike_R+1","Strike_R+1","Strike_R+1","Strike_R+1","Defend_R+1","Defend_R+1","Bash+1","Wild Strike+1","Wild Strike+1","Twin Strike+1","Pommel Strike+1","Pommel Strike+1","Perfected Strike+1","Pommel Strike+1","Thunderclap+1","RitualDagger+1","Twin Strike+1","Pommel Strike+1","Flex+1","Clash+1"],"relics":["Burning Blood","Mercury Hourglass","Letter Opener","Self Forming Clay","Velvet Choker","Red Mask","The Courier","Bronze Scales","Question Card","HandDrill","Lantern","Paper Frog","Juzu Bracelet","White Beast Statue","Happy Flower","Kunai","Ancient Tea Set","Membership Card","Prayer Wheel","WingedGreaves","Mark of the Bloom"],"potions_floor_usage":[14,23,33,35,37,37,50,50,50],"damage_taken":[{"damage":8,"enemies":"Jaw Worm","floor":1,"turns":4},{"damage":0,"enemies":"2 Louse","floor":4,"turns":3},{"damage":6,"enemies":"Cultist","floor":5,"turns":3},{"damage":15,"enemies":"Gremlin Nob","floor":8,"turns":4},{"damage":9,"enemies":"2 Fungi Beasts","floor":11,"turns":3},{"damage":7,"enemies":"Blue Slaver","floor":12,"turns":3},{"damage":0,"enemies":"3 Louse","floor":14,"turns":1},{"damage":16,"enemies":"Slime Boss","floor":16,"turns":7},{"damage":5,"enemies":"Chosen","floor":18,"turns":4},{"damage":13,"enemies":"Shell Parasite","floor":19,"turns":3},{"damage":21,"enemies":"Masked Bandits","floor":21,"turns":4},{"damage":18,"enemies":"Book of Stabbing","floor":23,"turns":3},{"damage":34,"enemies":"Slavers","floor":25,"turns":4},{"damage":10,"enemies":"Snake Plant","floor":30,"turns":2},{"damage":50,"enemies":"Collector","floor":33,"turns":4},{"damage":18,"enemies":"3 Darklings","floor":35,"turns":3},{"damage":11,"enemies":"3 Shapes","floor":36,"turns":3},{"damage":6,"enemies":"Maw","floor":37,"turns":4},{"damage":40,"enemies":"Nemesis","floor":40,"turns":3},{"damage":51,"enemies":"Time Eater","floor":50,"turns":6}],"seed_played":"-6827066936592605735","potions_obtained":[{"floor":8,"key":"Regen Potion"},{"floor":12,"key":"Explosive Potion"},{"floor":16,"key":"Dexterity Potion"},{"floor":19,"key":"Energy Potion"},{"floor":30,"key":"Fire Potion"},{"floor":35,"key":"PowerPotion"},{"floor":36,"key":"PowerPotion"},{"floor":37,"key":"LiquidBronze"},{"floor":40,"key":"Block Potion"}],"is_trial":false,"path_per_floor":["M","?","?","M","M","R","?","E","T","?","M","M","?","M","R","B",null,"M","M","$","?","?","E","R","E","T","$","?","$","M","?","R","B",null,"M","M","M","?","?","E","R","?","T","?","$","R","$","?","R","B"],"character_chosen":"IRONCLAD","items_purchased":["HandDrill","Lantern","Paper Frog","Thunderclap","Ancient Tea Set","Membership Card","Prayer Wheel","WingedGreaves"],"campfire_rested":3,"item_purchase_floors":[27,27,27,27,45,47,47,47],"current_hp_per_floor":[78,78,83,85,85,85,82,73,73,52,49,48,41,47,47,37,85,85,78,78,63,85,73,73,45,45,45,39,39,35,35,60,28,85,73,68,68,68,68,34,59,80,80,80,80,80,80,80,80,29],"gold":2,"neow_bonus":"","is_prod":false,"is_daily":false,"chose_seed":false,"campfire_upgraded":4,"win_rate":0,"timestamp":1537011598,"path_taken":["M","?","?","M","M","R","?","E","T","?","M","?","?","M","R","BOSS","M","M","$","?","?","E","R","E","T","$","?","?","M","?","R","BOSS","M","M","M","?","?","E","R","?","T","?","$","R","$","?","R","BOSS"],"build_version":"2018-09-06","purchased_purges":3,"victory":true,"max_hp_per_floor":[80,80,85,85,85,85,85,85,85,85,85,85,85,85,85,85,85,85,85,85,85,85,85,85,85,85,85,85,85,85,85,85,85,85,85,85,85,85,85,85,85,85,85,85,85,85,85,85,85,85],"card_choices":[{"not_picked":["Armaments","Iron Wave"],"picked":"Wild Strike","floor":1},{"not_picked":["Shrug It Off","Sword Boomerang"],"picked":"Wild Strike","floor":4},{"not_picked":["Evolve","Body Slam"],"picked":"Twin Strike","floor":5},{"not_picked":["Power Through","Havoc"],"picked":"Pommel Strike","floor":8},{"not_picked":["Rage","Heavy Blade","Pummel"],"picked":"SKIP","floor":11},{"not_picked":["Rage","Heavy Blade","Pummel"],"picked":"SKIP","floor":11},{"not_picked":["Power Through","Seeing Red","Rage"],"picked":"SKIP","floor":12},{"not_picked":["Impervious","Body Slam"],"picked":"Pommel Strike","floor":14},{"not_picked":["Rupture","Anger","Dropkick"],"picked":"SKIP","floor":18},{"not_picked":["Sword Boomerang+1","Heavy Blade"],"picked":"Perfected Strike","floor":19},{"not_picked":["Inflame+1","Havoc"],"picked":"Pommel Strike","floor":23},{"not_picked":["Fiend Fire","Searing Blow","Clothesline"],"picked":"SKIP","floor":25},{"not_picked":["Pommel Strike","Thunderclap","Heavy Blade"],"picked":"Twin Strike+1","floor":30},{"not_picked":["Wild Strike+1","Twin Strike","Clash"],"picked":"Pommel Strike+1","floor":35},{"not_picked":["Anger","Spot Weakness+1","Infernal Blade"],"picked":"Flex","floor":36},{"not_picked":["Reckless Charge+1","Heavy Blade+1","Fire Breathing","Sword Boomerang"],"picked":"SKIP","floor":37},{"not_picked":["Reckless Charge","Shockwave+1","Ghostly Armor"],"picked":"Clash+1","floor":40}],"player_experience":358818,"relics_obtained":[{"floor":8,"key":"Letter Opener"},{"floor":9,"key":"Self Forming Clay"},{"floor":21,"key":"Red Mask"},{"floor":23,"key":"The Courier"},{"floor":25,"key":"Bronze Scales"},{"floor":26,"key":"Question Card"},{"floor":40,"key":"Happy Flower"},{"floor":43,"key":"Kunai"}],"event_choices":[{"event_name":"Liars Game","player_choice":"agreed","floor":2,"damage_taken":0},{"event_name":"Big Fish","player_choice":"Donut","floor":3,"damage_taken":0},{"event_name":"Scrap Ooze","player_choice":"success","floor":7,"damage_taken":3},{"event_name":"Golden Idol","player_choice":"Take Damage","floor":10,"damage_taken":0},{"event_name":"Golden Wing","player_choice":"Card Removal","floor":13,"damage_taken":0},{"event_name":"Masked Bandits","player_choice":"Fought Bandits","floor":21,"damage_taken":0},{"event_name":"The Library","player_choice":"Heal","floor":22,"damage_taken":0},{"event_name":"Nest","player_choice":"Joined the Cult","floor":28,"damage_taken":0},{"event_name":"Addict","player_choice":"Stole Relic","floor":31,"damage_taken":0},{"event_name":"Falling","player_choice":"Removed Skill","floor":38,"damage_taken":0},{"event_name":"The Moai Head","player_choice":"Gave Idol","floor":39,"damage_taken":0},{"event_name":"Winding Halls","player_choice":"Writhe","floor":42,"damage_taken":0},{"event_name":"Accursed Blacksmith","player_choice":"Forge","floor":44,"damage_taken":0},{"event_name":"MindBloom","player_choice":"Upgrade","floor":48,"damage_taken":0}],"is_beta":false,"boss_relics":[{"not_picked":["Black Blood","Fusion Hammer"],"picked":"Velvet Choker"},{"not_picked":["Philosopher\u0027s Stone","Runic Pyramid"],"picked":"White Beast Statue"}],"items_purged_floors":[20,45,47],"is_endless":false,"potions_floor_spawned":[8,12,16,19,30,35,36,37,40],"ascension_level":0}