{"gold_per_floor":[115,40,40,0,12,12,12,45,45,55,55,55,55,80,80,153,153,164,164,177,190,32,32,43,43,43,43,43,59,71,71],"floor_reached":31,"playtime":1417,"items_purged":[],"score":425,"play_id":"b7ba3647-36e2-4e2a-8975-21c5dca900b7","local_time":"20190123012200","is_ascension_mode":true,"campfire_choices":[{"data":"Malaise","floor":6,"key":"SMITH"},{"floor":11,"key":"REST"},{"floor":13,"key":"REST"},{"floor":15,"key":"REST"},{"floor":23,"key":"REST"},{"floor":25,"key":"REST"},{"floor":28,"key":"REST"}],"neow_cost":"NONE","seed_source_timestamp":2447432083570744,"circlet_count":0,"master_deck":["AscendersBane","Defend_G","Defend_G","Defend_G","Defend_G","Defend_G","Strike_G","Strike_G","Strike_G","Strike_G","Strike_G","Survivor","Neutralize","Malaise+1","Sucker Punch","Quick Slash","Skewer","Burst","Blade Dance+1","Ghostly","Ghostly+1","Ghostly","Well Laid Plans+1","Deflect","Predator","Dark Shackles","Blade Dance+1"],"relics":["Ring of the Snake","Pantograph","Frozen Egg 2","StoneCalendar","Lizard Tail","Unceasing Top"],"potions_floor_usage":[8,14,29],"damage_taken":[{"damage":1,"enemies":"Cultist","floor":1,"turns":4},{"damage":13,"enemies":"Small Slimes","floor":5,"turns":5},{"damage":38,"enemies":"3 Sentries","floor":8,"turns":16},{"damage":3,"enemies":"2 Louse","floor":10,"turns":3},{"damage":43,"enemies":"Lagavulin","floor":14,"turns":10},{"damage":41,"enemies":"The Guardian","floor":16,"turns":18},{"damage":22,"enemies":"3 Byrds","floor":18,"turns":7},{"damage":16,"enemies":"Chosen","floor":20,"turns":7},{"damage":3,"enemies":"Snake Plant","floor":21,"turns":7},{"damage":16,"enemies":"Snecko","floor":24,"turns":7},{"damage":19,"enemies":"3 Cultists","floor":29,"turns":7},{"damage":13,"enemies":"Chosen and Byrds","floor":30,"turns":7},{"damage":6,"enemies":"Cultist and Chosen","floor":31,"turns":2}],"seed_played":"8124612149076822342","potions_obtained":[{"floor":1,"key":"SkillPotion"},{"floor":8,"key":"PowerPotion"},{"floor":14,"key":"Strength Potion"},{"floor":29,"key":"Weak Potion"}],"is_trial":false,"path_per_floor":["M","$","$","?","M","R","?","E","T","M","R","?","R","E","R","B",null,"M","?","M","M","$","R","M","R","T","?","R","M","M","M"],"character_chosen":"THE_SILENT","items_purchased":["GhostInAJar","Predator","Dark Shackles"],"campfire_rested":6,"item_purchase_floors":[2,22,22],"current_hp_per_floor":[58,58,58,58,45,45,50,12,12,9,28,28,47,4,23,7,51,29,29,13,10,10,19,3,12,12,12,21,2,6,0],"gold":71,"neow_bonus":"ONE_RANDOM_RARE_CARD","is_prod":false,"is_daily":false,"chose_seed":false,"campfire_upgraded":1,"win_rate":0,"timestamp":1548206520,"path_taken":["M","?","$","?","M","R","?","E","T","?","R","?","R","E","R","BOSS","M","?","M","M","$","R","M","R","T","?","R","M","M","?"],"build_version":"2019-01-17v2","purchased_purges":0,"victory":false,"max_hp_per_floor":[66,66,66,66,66,66,66,66,66,66,66,66,66,66,66,66,66,66,33,33,33,33,33,33,33,33,33,33,33,33,33],"card_choices":[{"not_picked":["Catalyst","Bane"],"picked":"Sucker Punch","floor":1},{"not_picked":["Outmaneuver","Crippling Poison"],"picked":"Deflect","floor":5},{"not_picked":["Calculated Gamble","Escape Plan"],"picked":"Quick Slash","floor":8},{"not_picked":["Blade Dance","Underhanded Strike","Tactician"],"picked":"SKIP","floor":10},{"not_picked":["Wraith Form v2+1","Grand Finale"],"picked":"Skewer","floor":14},{"not_picked":["Malaise","Die Die Die"],"picked":"Burst","floor":16},{"not_picked":["Underhanded Strike","Deflect"],"picked":"Blade Dance+1","floor":18},{"not_picked":["Dagger Spray","Blade Dance"],"picked":"Well Laid Plans+1","floor":20},{"not_picked":["Dagger Spray","All Out Attack"],"picked":"Deflect","floor":21},{"not_picked":["Prepared","Riddle With Holes"],"picked":"Blade Dance+1","floor":24},{"not_picked":["Dagger Spray","Tools of the Trade+1","Prepared"],"picked":"SKIP","floor":29},{"not_picked":["Setup","Poisoned Stab","Dagger Spray"],"picked":"SKIP","floor":30}],"player_experience":456397,"relics_obtained":[{"floor":8,"key":"Pantograph"},{"floor":9,"key":"Frozen Egg 2"},{"floor":14,"key":"StoneCalendar"},{"floor":26,"key":"Unceasing Top"}],"event_choices":[{"damage_healed":0,"gold_gain":0,"player_choice":"Left Gold","damage_taken":0,"max_hp_gain":0,"max_hp_loss":0,"event_name":"World of Goop","floor":4,"gold_loss":40},{"cards_removed":["Deflect"],"damage_healed":5,"gold_gain":0,"player_choice":"Offered Common","damage_taken":0,"max_hp_gain":0,"max_hp_loss":0,"event_name":"Bonfire Elementals","floor":7,"gold_loss":0},{"cards_removed":["Deflect"],"damage_healed":5,"gold_gain":0,"player_choice":"Offered Special","damage_taken":0,"max_hp_gain":0,"max_hp_loss":0,"event_name":"Bonfire Elementals","floor":7,"gold_loss":0},{"damage_healed":0,"gold_gain":0,"player_choice":"Ignored","damage_taken":0,"max_hp_gain":0,"max_hp_loss":0,"event_name":"Liars Game","floor":12,"gold_loss":0},{"damage_healed":0,"gold_gain":0,"player_choice":"Became a Ghost","damage_taken":0,"max_hp_gain":0,"max_hp_loss":33,"event_name":"Ghosts","floor":19,"gold_loss":0,"cards_obtained":["Ghostly","Ghostly","Ghostly"]},{"damage_healed":0,"gold_gain":0,"player_choice":"Forge","damage_taken":0,"max_hp_gain":0,"max_hp_loss":0,"event_name":"Accursed Blacksmith","floor":27,"gold_loss":0,"cards_upgraded":["Ghostly"]}],"is_beta":false,"boss_relics":[{"not_picked":["Velvet Choker","Astrolabe"],"picked":"Lizard Tail"}],"items_purged_floors":[],"is_endless":false,"potions_floor_spawned":[1,8,14,16,24,29,30],"killed_by":"Cultist and Chosen","ascension_level":15}