{"gold_per_floor":[112,37,37,37,53,80,5,65,65,78,107,107,7,25,25,102,102,115,115,115,127,177,177,177,92,117,136,136,162,162,37,37,111,111,131,131,131,69,69,102,114,143,204,216,78,138,138,138,138,138],"floor_reached":50,"playtime":1649,"items_purged":["Defend_R","Strike_R","Writhe","Strike_R"],"score":1057,"play_id":"7de4964d-9eee-46ee-95fc-be18ace22aa9","local_time":"20180910194727","is_ascension_mode":true,"campfire_choices":[{"floor":12,"key":"REST"},{"data":"Demon Form","floor":15,"key":"SMITH"},{"floor":23,"key":"REST"},{"floor":28,"key":"REST"},{"floor":32,"key":"REST"},{"floor":41,"key":"REST"},{"floor":44,"key":"REST"},{"data":"Limit Break","floor":49,"key":"SMITH"}],"neow_cost":"NONE","seed_source_timestamp":2264656285044247,"circlet_count":0,"master_deck":["Strike_R","Bash","AscendersBane","Demon Form+1","Sever Soul","Clash","Limit Break+1","Dropkick","Clothesline+1","Clothesline+1","Forethought","Clash","Flex+1"],"relics":["Burning Blood","Red Skull","Bottled Tornado","Juzu Bracelet","Runic Dome","MutagenicStrength","Thread and Needle","Matryoshka","Happy Flower","Orichalcum","Regal Pillow","Astrolabe","Vajra","MawBank","Omamori","Bag of Preparation","Tiny Chest"],"potions_floor_usage":[10,14,16,40,46,50],"damage_taken":[{"damage":7,"enemies":"Small Slimes","floor":1,"turns":4},{"damage":16,"enemies":"2 Louse","floor":5,"turns":4},{"damage":35,"enemies":"Lagavulin","floor":6,"turns":6},{"damage":0,"enemies":"Jaw Worm","floor":10,"turns":1},{"damage":8,"enemies":"Gremlin Nob","floor":11,"turns":3},{"damage":3,"enemies":"3 Louse","floor":14,"turns":2},{"damage":48,"enemies":"Hexaghost","floor":16,"turns":5},{"damage":12,"enemies":"Chosen","floor":18,"turns":3},{"damage":28,"enemies":"2 Thieves","floor":21,"turns":3},{"damage":12,"enemies":"3 Cultists","floor":27,"turns":4},{"damage":44,"enemies":"Gremlin Leader","floor":29,"turns":5},{"damage":32,"enemies":"Champ","floor":33,"turns":4},{"damage":39,"enemies":"3 Shapes","floor":35,"turns":4},{"damage":29,"enemies":"Giant Head","floor":40,"turns":5},{"damage":8,"enemies":"Orb Walker","floor":42,"turns":3},{"damage":36,"enemies":"Nemesis","floor":46,"turns":3},{"damage":97,"enemies":"Awakened One","floor":50,"turns":6}],"seed_played":"-8412145589124490715","potions_obtained":[{"floor":5,"key":"AttackPotion"},{"floor":6,"key":"PowerPotion"},{"floor":10,"key":"Strength Potion"},{"floor":33,"key":"Ancient Potion"},{"floor":35,"key":"Dexterity Potion"},{"floor":40,"key":"GamblersBrew"},{"floor":46,"key":"GamblersBrew"}],"is_trial":false,"path_per_floor":["M","?","?","?","M","E","$","?","T","M","E","R","$","M","R","B",null,"M","?","?","M","?","R","?","?","T","M","R","E","?","$","R","B",null,"M","?","?","$","?","E","R","M","T","R","$","E","?","?","R"],"character_chosen":"IRONCLAD","items_purchased":["Clash"],"campfire_rested":6,"item_purchase_floors":[38],"current_hp_per_floor":[67,67,67,67,57,28,28,28,28,34,32,54,54,57,57,15,60,54,54,54,32,32,54,54,54,54,48,70,32,11,11,50,24,66,33,33,33,33,33,10,47,45,45,76,76,46,86,86,86,0],"gold":138,"neow_bonus":"ONE_RANDOM_RARE_CARD","is_prod":false,"is_daily":false,"chose_seed":false,"campfire_upgraded":2,"win_rate":0,"timestamp":1536605247,"path_taken":["M","?","?","?","?","E","?","?","T","?","E","R","$","M","R","BOSS","M","?","?","M","?","R","?","?","T","M","R","E","?","$","R","BOSS","M","?","?","$","?","E","R","M","T","R","$","E","?","?","R","BOSS"],"build_version":"2018-09-06","purchased_purges":4,"victory":false,"max_hp_per_floor":[75,75,75,75,75,75,75,75,75,75,75,75,75,75,75,75,75,75,75,75,75,75,75,75,75,75,75,75,75,80,80,80,80,80,80,80,76,76,76,76,76,76,76,76,76,76,86,86,86,86],"card_choices":[{"not_picked":["Iron Wave","Sentinel","Warcry"],"picked":"SKIP","floor":1},{"not_picked":["Wild Strike","Anger"],"picked":"Sever Soul","floor":5},{"not_picked":["Berserk","Warcry"],"picked":"Clash","floor":6},{"not_picked":["Havoc","Reckless Charge","Wild Strike"],"picked":"SKIP","floor":10},{"not_picked":["Feel No Pain","Uppercut","Carnage"],"picked":"SKIP","floor":11},{"not_picked":["Power Through","Body Slam","Clothesline"],"picked":"SKIP","floor":14},{"not_picked":["Dark Embrace","Berserk"],"picked":"Limit Break","floor":16},{"not_picked":["Wild Strike","Anger"],"picked":"Dropkick","floor":18},{"not_picked":["Corruption","Body Slam","Armaments"],"picked":"SKIP","floor":21},{"not_picked":["Perfected Strike","Blood for Blood","Iron Wave"],"picked":"SKIP","floor":27},{"not_picked":["Carnage","Armaments","Pommel Strike"],"picked":"SKIP","floor":29},{"not_picked":["Reaper","Dark Embrace"],"picked":"Double Tap","floor":33},{"not_picked":["Burning Pact","Corruption","Pommel Strike"],"picked":"SKIP","floor":35},{"not_picked":["The Bomb","Good Instincts"],"picked":"Forethought","floor":36},{"not_picked":["Thunderclap","True Grit","Reckless Charge"],"picked":"SKIP","floor":40},{"not_picked":["Rage","Uppercut","Carnage"],"picked":"SKIP","floor":42},{"not_picked":["Sever Soul","Clothesline"],"picked":"Flex+1","floor":46}],"player_experience":338941,"relics_obtained":[{"floor":6,"key":"Red Skull"},{"floor":9,"key":"Bottled Tornado"},{"floor":11,"key":"Juzu Bracelet"},{"floor":26,"key":"Happy Flower"},{"floor":26,"key":"Orichalcum"},{"floor":29,"key":"Regal Pillow"},{"floor":40,"key":"MawBank"},{"floor":43,"key":"Omamori"},{"floor":43,"key":"Bag of Preparation"},{"floor":46,"key":"Tiny Chest"}],"event_choices":[{"event_name":"The Cleric","player_choice":"Card Removal","floor":2,"damage_taken":0},{"event_name":"Purifier","player_choice":"One Purge","floor":3,"damage_taken":0},{"event_name":"Liars Game","player_choice":"disagreed","floor":4,"damage_taken":0},{"event_name":"Golden Wing","player_choice":"Gained Gold","floor":8,"damage_taken":0},{"event_name":"Drug Dealer","player_choice":"Inject Mutagens","floor":19,"damage_taken":0},{"event_name":"Vampires","player_choice":"Ignored","floor":20,"damage_taken":0},{"event_name":"Nest","player_choice":"Stole From Cult","floor":22,"damage_taken":0},{"event_name":"The Mausoleum","player_choice":"Yes","floor":24,"damage_taken":0},{"event_name":"Addict","player_choice":"Obtained Relic","floor":25,"damage_taken":0},{"event_name":"Forgotten Altar","player_choice":"Shed Blood","floor":30,"damage_taken":0},{"event_name":"SensoryStone","player_choice":"Memory 1","floor":36,"damage_taken":0},{"event_name":"Winding Halls","player_choice":"Max HP","floor":37,"damage_taken":0},{"event_name":"WeMeetAgain","player_choice":"Potion","floor":39,"damage_taken":0},{"event_name":"Bonfire Elementals","player_choice":"RARE","floor":47,"damage_taken":0},{"event_name":"Falling","player_choice":"Removed Skill","floor":48,"damage_taken":0}],"is_beta":false,"boss_relics":[{"not_picked":["Runic Pyramid","Eternal Feather"],"picked":"Runic Dome"},{"not_picked":["Black Star","White Beast Statue"],"picked":"Astrolabe"}],"items_purged_floors":[7,13,31,45],"is_endless":false,"potions_floor_spawned":[5,6,10,33,35,40,46],"killed_by":"Awakened One","ascension_level":18}