{"gold_per_floor":[115,125,139,139,139,139,168,343,343,356,384,384,404,420,420,520,520,460,107,107,0,0,0,0,0,0,0,0,0,0,0,0,0,0,0,0,0,0,0,0,0,0,0,0,0,0,0,0,0,0],"floor_reached":51,"playtime":4569,"items_purged":["Strike_G"],"score":1088,"play_id":"b3e32b8e-9bb9-4a04-96fb-94bdf4bf8480","local_time":"20190428190329","is_ascension_mode":true,"campfire_choices":[{"data":"Dash","floor":6,"key":"SMITH"},{"data":"After Image","floor":12,"key":"SMITH"},{"floor":15,"key":"REST"},{"data":"Sucker Punch","floor":23,"key":"SMITH"},{"data":"Neutralize","floor":25,"key":"SMITH"},{"data":"Terror","floor":30,"key":"SMITH"},{"floor":32,"key":"REST"},{"floor":41,"key":"REST"},{"floor":45,"key":"REST"},{"data":"1","floor":49,"key":"LIFT"}],"neow_cost":"NONE","seed_source_timestamp":381382417658681,"circlet_count":0,"master_deck":["Defend_G","Defend_G","Defend_G","Defend_G","Strike_G","Strike_G","Survivor","Neutralize+1","Dagger Spray+1","Poisoned Stab","Dash+1","Tactician","Doubt","After Image+1","Terror+1","Unload","Backstab","Acrobatics","Sucker Punch+1","Heel Hook+1","Dagger Throw","Malaise","Prepared+1","Dagger Spray+1","Endless Agony+1","Dagger Throw","Dash+1"],"relics":["Ring of the Snake","Bag of Marbles","Pocketwatch","Blue Candle","Tough Bandages","Du-Vu Doll","Ectoplasm","Paper Crane","Gremlin Horn","Smiling Mask","Tiny Chest","Blood Vial","Enchiridion","Busted Crown","Snake Skull","Whetstone","Singing Bowl","Girya"],"potions_floor_usage":[4,13,18,27,39,40,50,50,50],"damage_taken":[{"damage":0,"enemies":"Small Slimes","floor":1,"turns":4},{"damage":0,"enemies":"2 Louse","floor":2,"turns":2},{"damage":0,"enemies":"Jaw Worm","floor":3,"turns":3},{"damage":15,"enemies":"3 Sentries","floor":7,"turns":6},{"damage":6,"enemies":"Blue Slaver","floor":10,"turns":3},{"damage":15,"enemies":"Gremlin Nob","floor":11,"turns":4},{"damage":11,"enemies":"Exordium Wildlife","floor":13,"turns":4},{"damage":0,"enemies":"2 Fungi Beasts","floor":14,"turns":2},{"damage":26,"enemies":"Slime Boss","floor":16,"turns":11},{"damage":0,"enemies":"2 Thieves","floor":18,"turns":5},{"damage":1,"enemies":"Chosen","floor":20,"turns":2},{"damage":7,"enemies":"Book of Stabbing","floor":24,"turns":4},{"damage":2,"enemies":"Slavers","floor":27,"turns":5},{"damage":0,"enemies":"Shelled Parasite and Fungi","floor":28,"turns":3},{"damage":10,"enemies":"Gremlin Leader","floor":29,"turns":7},{"damage":60,"enemies":"Champ","floor":33,"turns":15},{"damage":6,"enemies":"3 Shapes","floor":35,"turns":4},{"damage":1,"enemies":"3 Darklings","floor":38,"turns":2},{"damage":1,"enemies":"Transient","floor":39,"turns":5},{"damage":34,"enemies":"Giant Head","floor":40,"turns":8},{"damage":0,"enemies":"Maw","floor":42,"turns":6},{"damage":0,"enemies":"Sphere and 2 Shapes","floor":44,"turns":4},{"damage":1,"enemies":"Reptomancer","floor":46,"turns":5},{"damage":1,"enemies":"Mind Bloom Boss Battle","floor":47,"turns":7},{"damage":22,"enemies":"Writhing Mass","floor":48,"turns":4},{"damage":44,"enemies":"Donu and Deca","floor":50,"turns":10}],"seed_played":"-6628382182845871445","potions_obtained":[{"floor":3,"key":"Fruit Juice"},{"floor":11,"key":"EssenceOfSteel"},{"floor":14,"key":"FairyPotion"},{"floor":16,"key":"SkillPotion"},{"floor":20,"key":"Explosive Potion"},{"floor":33,"key":"Energy Potion"},{"floor":35,"key":"GamblersBrew"},{"floor":42,"key":"Strength Potion"},{"floor":44,"key":"SteroidPotion"},{"floor":48,"key":"Swift Potion"}],"is_trial":false,"path_per_floor":["M","M","M","?","$","R","E","?","T","M","E","R","M","M","R","B",null,"M","$","M","?","?","R","E","R","T","E","M","E","R","?","R","B",null,"M","?","?","M","M","E","R","M","T","M","R","E","?","M","R","B",null],"character_chosen":"THE_SILENT","items_purchased":["Acrobatics","Paper Crane"],"campfire_rested":4,"item_purchase_floors":[19,19],"current_hp_per_floor":[63,63,63,56,56,56,41,41,41,35,20,20,9,9,31,5,58,58,58,57,57,57,57,50,50,50,48,48,38,38,22,44,3,57,53,53,53,54,55,23,45,47,47,49,71,74,77,59,59,17],"gold":0,"neow_bonus":"RANDOM_COMMON_RELIC","is_prod":false,"is_daily":false,"chose_seed":false,"campfire_upgraded":5,"win_rate":0,"timestamp":1556499809,"path_taken":["M","M","M","?","$","R","E","?","T","?","E","R","M","M","R","BOSS","M","$","M","?","?","R","E","R","T","E","M","E","R","?","R","BOSS","M","?","?","M","?","E","R","M","T","M","R","E","?","M","R","BOSS"],"build_version":"2019-04-23","purchased_purges":1,"victory":true,"max_hp_per_floor":[70,70,70,75,75,75,75,75,75,75,75,75,75,75,75,75,75,75,75,75,75,75,75,75,75,75,75,75,75,75,75,75,75,75,75,75,75,75,75,75,75,75,75,75,75,77,79,81,81,81],"card_choices":[{"not_picked":["Dagger Throw","Expertise"],"picked":"Dagger Spray","floor":1},{"not_picked":["Wraith Form v2","Masterful Stab"],"picked":"Poisoned Stab","floor":2},{"not_picked":["Quick Slash","Bane"],"picked":"Dash","floor":3},{"not_picked":["Heel Hook","Dagger Throw"],"picked":"Tactician","floor":7},{"not_picked":["Expertise","Flying Knee","Crippling Poison"],"picked":"SKIP","floor":10},{"not_picked":["Sucker Punch","Outmaneuver"],"picked":"After Image","floor":11},{"not_picked":["Deadly Poison","Slice","Infinite Blades"],"picked":"SKIP","floor":13},{"not_picked":["Dagger Spray","PiercingWail"],"picked":"Terror","floor":14},{"not_picked":["Glass Knife","Doppelganger"],"picked":"Unload","floor":16},{"not_picked":["Poisoned Stab","Dagger Spray+1"],"picked":"Backstab","floor":18},{"not_picked":["Flechettes+1","Blade Dance"],"picked":"Sucker Punch","floor":20},{"not_picked":["Bane","Predator"],"picked":"Heel Hook+1","floor":24},{"not_picked":["Deflect","Bane+1","Slice"],"picked":"SKIP","floor":27},{"not_picked":["Slice","Dagger Spray+1","Flechettes+1"],"picked":"SKIP","floor":28},{"not_picked":["Underhanded Strike","Flying Knee+1"],"picked":"Dagger Throw","floor":29},{"not_picked":["Adrenaline","Night Terror"],"picked":"Malaise","floor":33},{"not_picked":[],"picked":"Prepared+1","floor":35},{"not_picked":[],"picked":"Endless Agony+1","floor":38},{"not_picked":["Crippling Poison"],"picked":"SKIP","floor":39},{"not_picked":["Setup+1"],"picked":"SKIP","floor":40},{"not_picked":[],"picked":"Dagger Throw","floor":42},{"not_picked":[],"picked":"Dash+1","floor":44},{"not_picked":["Caltrops"],"picked":"Singing Bowl","floor":46},{"not_picked":["Slice+1"],"picked":"Singing Bowl","floor":47},{"not_picked":["Dagger Throw+1"],"picked":"Singing Bowl","floor":48}],"player_experience":553287,"relics_obtained":[{"floor":7,"key":"Blue Candle"},{"floor":9,"key":"Tough Bandages"},{"floor":11,"key":"Du-Vu Doll"},{"floor":24,"key":"Gremlin Horn"},{"floor":26,"key":"Smiling Mask"},{"floor":27,"key":"Tiny Chest"},{"floor":29,"key":"Blood Vial"},{"floor":31,"key":"Enchiridion"},{"floor":40,"key":"Snake Skull"},{"floor":43,"key":"Whetstone"},{"floor":46,"key":"Singing Bowl"},{"floor":47,"key":"Girya"}],"event_choices":[{"damage_healed":0,"gold_gain":0,"player_choice":"Success","damage_taken":12,"relics_obtained":["Pocketwatch"],"max_hp_gain":0,"max_hp_loss":0,"event_name":"Scrap Ooze","floor":4,"gold_loss":0},{"damage_healed":0,"gold_gain":175,"player_choice":"AGREE","damage_taken":0,"max_hp_gain":0,"max_hp_loss":0,"event_name":"Liars Game","floor":8,"gold_loss":0,"cards_obtained":["Doubt"]},{"damage_healed":0,"gold_gain":0,"player_choice":"Paid Fearfully","damage_taken":0,"max_hp_gain":0,"max_hp_loss":0,"event_name":"Masked Bandits","floor":21,"gold_loss":107},{"cards_removed":["Strike_G"],"damage_healed":0,"gold_gain":0,"player_choice":"Elegance","damage_taken":0,"max_hp_gain":0,"max_hp_loss":0,"event_name":"Back to Basics","floor":22,"gold_loss":0},{"damage_healed":0,"gold_gain":0,"player_choice":"Obtained Book","damage_taken":16,"max_hp_gain":0,"max_hp_loss":0,"event_name":"Cursed Tome","floor":31,"gold_loss":0},{"cards_removed":["Defend_G"],"damage_healed":0,"gold_gain":0,"player_choice":"Removed Skill","damage_taken":0,"max_hp_gain":0,"max_hp_loss":0,"event_name":"Falling","floor":36,"gold_loss":0},{"damage_healed":0,"gold_gain":0,"cards_transformed":["Strike_G"],"player_choice":"Transformed","damage_taken":0,"max_hp_gain":0,"max_hp_loss":0,"event_name":"Transmorgrifier","floor":37,"gold_loss":0,"cards_obtained":["Dagger Spray"]},{"damage_healed":0,"gold_gain":0,"player_choice":"Fight","damage_taken":0,"max_hp_gain":0,"max_hp_loss":0,"event_name":"MindBloom","floor":47,"gold_loss":0}],"is_beta":true,"boss_relics":[{"not_picked":["Black Star","Empty Cage"],"picked":"Ectoplasm"},{"not_picked":["Snecko Eye","Runic Dome"],"picked":"Busted Crown"}],"items_purged_floors":[19],"is_endless":false,"potions_floor_spawned":[3,11,14,16,20,33,35,42,44,48],"ascension_level":9}