{"path_per_floor":["M","?","M","?","M","E","M","E","T","M","T","M","?","M","R","B",null,"M","M","$","?","M","R","E","R","T","E","M","M","?","$","R","B",null,"M","$","?","M","$","R","?","E","T","R","$","E","M","M","R","B"],"character_chosen":"IRONCLAD","items_purchased":["Perfected Strike","Shuriken","Flame Barrier","Bludgeon"],"gold_per_floor":[117,117,130,130,148,176,193,218,218,237,292,311,311,322,322,419,419,432,449,348,273,288,288,315,315,338,368,378,395,310,3,3,102,102,114,47,47,64,64,64,64,93,93,93,43,69,84,98,98,98],"floor_reached":51,"campfire_rested":4,"playtime":2411,"current_hp_per_floor":[86,86,92,92,92,85,79,65,65,66,66,72,72,78,78,54,95,86,92,92,92,80,80,72,95,95,83,56,35,35,35,63,54,95,83,83,83,72,72,72,95,62,62,90,90,68,62,56,84,56],"items_purged":["Strike_R","Cleave"],"gold":98,"score":853,"play_id":"b2649b43-c5a6-4c74-bf9f-1d3a4313e040","local_time":"20180314222233","is_prod":false,"is_daily":false,"is_ascension_mode":true,"campfire_upgraded":3,"timestamp":1521087753,"path_taken":["M","?","M","?","M","E","?","E","T","M","?","M","?","M","R","BOSS","M","M","$","?","?","R","E","R","T","E","?","M","?","$","R","BOSS","M","?","?","M","$","R","?","E","T","R","$","E","?","M","R","BOSS"],"build_version":"2018-03-12v2","purchased_purges":3,"victory":true,"master_deck":["Strike_R","Strike_R","Strike_R","Defend_R","Defend_R","Defend_R","Defend_R","Bash+1","Uppercut+1","Inflame","Headbutt","Whirlwind+1","Rampage+1","Demon Form+1","Perfected Strike","Uppercut+1","Shrug It Off+1","Pommel Strike+1","Dropkick","Flame Barrier","Bludgeon+1","Perfected Strike","Bludgeon+1","Heavy Blade+1","Writhe","Seeing Red+1"],"max_hp_per_floor":[88,95,95,95,95,95,95,95,95,95,95,95,95,95,95,95,95,95,95,95,95,95,95,95,95,95,95,95,95,95,95,95,95,95,95,95,95,95,95,95,95,95,95,95,95,95,95,95,95,95],"relics":["Burning Blood","Strawberry","Matryoshka","Happy Flower","Oddly Smooth Stone","Art of War","Ancient Tea Set","Tiny Chest","Snecko Eye","Smiling Mask","Whetstone","Dead Branch","Ice Cream","Shuriken","Mark of Pain","Letter Opener","The Courier","Champion Belt"],"card_choices":[{"not_picked":["Shockwave","Havoc"],"picked":"Uppercut"},{"not_picked":["Sword Boomerang","Body Slam"],"picked":"Inflame"},{"not_picked":["Iron Wave","True Grit"],"picked":"Cleave"},{"not_picked":["Perfected Strike","Iron Wave"],"picked":"Headbutt"},{"not_picked":["Perfected Strike","Combust"],"picked":"Whirlwind"},{"not_picked":["Havoc","Flex"],"picked":"Rampage"},{"not_picked":["Offering","Barricade"],"picked":"Demon Form"},{"not_picked":["Shrug It Off","Heavy Blade"],"picked":"Uppercut"},{"not_picked":["Dual Wield","Clothesline"],"picked":"Shrug It Off"},{"not_picked":["Feed","Havoc"],"picked":"Pommel Strike"},{"not_picked":["Power Through","Cleave"],"picked":"Dropkick"},{"not_picked":["Exhume","Berserk"],"picked":"Bludgeon"},{"not_picked":["Flex","Warcry"],"picked":"Perfected Strike"},{"not_picked":["Thunderclap","Clash"],"picked":"Heavy Blade"},{"not_picked":["Inflame","Perfected Strike"],"picked":"Seeing Red"}],"player_experience":205035,"potions_floor_usage":[6,12,19,24,28,33,46],"damage_taken":[{"damage":8,"enemies":"Jaw Worm","floor":1,"turns":4},{"damage":0,"enemies":"Small Slimes","floor":3,"turns":3},{"damage":6,"enemies":"Cultist","floor":5,"turns":3},{"damage":13,"enemies":"Lagavulin","floor":6,"turns":6},{"damage":12,"enemies":"Looter","floor":7,"turns":3},{"damage":20,"enemies":"Gremlin Nob","floor":8,"turns":4},{"damage":5,"enemies":"Gremlin Gang","floor":10,"turns":2},{"damage":0,"enemies":"Exordium Wildlife","floor":12,"turns":2},{"damage":0,"enemies":"Large Slime","floor":14,"turns":4},{"damage":30,"enemies":"The Guardian","floor":16,"turns":8},{"damage":15,"enemies":"Shell Parasite","floor":18,"turns":4},{"damage":0,"enemies":"Chosen","floor":19,"turns":3},{"damage":18,"enemies":"Snake Plant","floor":22,"turns":3},{"damage":23,"enemies":"Book of Stabbing","floor":24,"turns":4},{"damage":18,"enemies":"Gremlin Leader","floor":27,"turns":5},{"damage":42,"enemies":"Slaver and Parasite","floor":28,"turns":4},{"damage":27,"enemies":"Chosen and Byrds","floor":29,"turns":5},{"damage":15,"enemies":"Champ","floor":33,"turns":5},{"damage":18,"enemies":"3 Darklings","floor":35,"turns":4},{"damage":17,"enemies":"3 Shapes","floor":38,"turns":3},{"damage":39,"enemies":"Nemesis","floor":42,"turns":5},{"damage":28,"enemies":"2 Orb Walkers","floor":46,"turns":2},{"damage":12,"enemies":"Spire Growth","floor":47,"turns":2},{"damage":12,"enemies":"3 Darklings","floor":48,"turns":3},{"damage":34,"enemies":"Time Eater","floor":50,"turns":6}],"event_choices":[{"event_name":"Scrap Ooze","player_choice":"success","floor":2,"damage_taken":7},{"event_name":"Upgrade Shrine","player_choice":"Upgraded","floor":4,"damage_taken":0},{"event_name":"Living Wall","player_choice":"Grow","floor":13,"damage_taken":0},{"event_name":"Beggar","player_choice":"Gave Gold","floor":21,"damage_taken":0},{"event_name":"Addict","player_choice":"Obtained Relic","floor":30,"damage_taken":0},{"event_name":"Upgrade Shrine","player_choice":"Upgraded","floor":37,"damage_taken":0},{"event_name":"Winding Halls","player_choice":"Writhe","floor":41,"damage_taken":0}],"boss_relics":[{"not_picked":["Lizard Tail","Black Blood"],"picked":"Snecko Eye"},{"not_picked":["Astrolabe","Velvet Choker"],"picked":"Mark of Pain"}],"potions_floor_spawned":[1,3,6,18,27,29,42],"seed_played":"-7842503045971838216","ascension_level":2,"is_trial":false}