{"path_per_floor":["M","?","M","?","?","R","M","?","T","$","M","E","R","?","R","B",null,"M","$","M","?","M","E","?","R","T","$","M","R","E","M","R"],"character_chosen":"IRONCLAD","items_purchased":["Seeing Red","Battle Trance","Feel No Pain","Dark Shackles"],"gold_per_floor":[109,109,121,121,121,121,133,133,133,21,35,69,69,69,69,165,165,178,41,60,60,73,105,105,105,105,30,48,48,81,93,93],"floor_reached":33,"campfire_rested":4,"playtime":1793,"current_hp_per_floor":[80,80,80,80,73,73,79,80,80,80,80,53,53,53,79,28,87,72,72,62,62,58,13,4,30,30,30,15,40,23,14,39],"items_purged":["Parasite"],"gold":93,"score":311,"play_id":"7e2d1965-e329-4a1e-a72f-9005ea25934a","is_prod":false,"is_daily":false,"is_ascension_mode":true,"campfire_upgraded":2,"path_taken":["M","?","?","?","?","R","M","?","T","$","M","E","R","?","R","BOSS","M","?","M","?","?","E","?","R","T","$","M","R","E","M","R","BOSS"],"build_version":"2018-02-15-PROD1","purchased_purges":1,"victory":false,"master_deck":["Strike_R","Strike_R","Strike_R","Strike_R","Strike_R","Defend_R","Defend_R","Defend_R","Defend_R","Bash","Clash","Reckless Charge+1","Perfected Strike","Seeing Red","Battle Trance","Seeing Red+1","Shrug It Off","Warcry","Reaper","Intimidate","Feel No Pain","Dark Shackles","Metallicize+1","Perfected Strike","True Grit","Pummel+1","Perfected Strike+1","Demon Form","Burning Pact"],"max_hp_per_floor":[80,80,80,80,80,80,80,80,80,80,80,87,87,87,87,87,87,87,87,87,87,87,87,87,87,87,84,84,84,84,84,84],"relics":["Burning Blood","NeowsBlessing","Ice Cream","Dream Catcher","Charon\u0027s Ashes","Strawberry","Philosopher\u0027s Stone","Molten Egg 2","Magic Flower","Dodecahedron"],"card_choices":[{"not_picked":["Perfected Strike","Infernal Blade"],"picked":"Clash"},{"not_picked":["Warcry","Impervious"],"picked":"Reckless Charge"},{"not_picked":["Sword Boomerang","Thunderclap"],"picked":"Perfected Strike"},{"not_picked":["Shrug It Off","Juggernaut"],"picked":"Seeing Red"},{"not_picked":["Heavy Blade","Sword Boomerang"],"picked":"Shrug It Off"},{"not_picked":["Twin Strike","Flex"],"picked":"Warcry"},{"not_picked":["Fiend Fire","Berserk"],"picked":"Reaper"},{"not_picked":["Seeing Red","Heavy Blade"],"picked":"Intimidate"},{"not_picked":["Warcry","Cleave"],"picked":"Metallicize"},{"not_picked":["Sword Boomerang","Twin Strike"],"picked":"Perfected Strike"},{"not_picked":["Berserk","Corruption"],"picked":"True Grit"},{"not_picked":["Perfected Strike","Clothesline"],"picked":"Pummel"},{"not_picked":["Power Through","Twin Strike"],"picked":"Perfected Strike"},{"not_picked":["Hemokinesis","Flex"],"picked":"Demon Form"},{"not_picked":["Shrug It Off","Seeing Red"],"picked":"Burning Pact"}],"player_experience":83364,"potions_floor_usage":[18,23,23,28,31,33,33],"damage_taken":[{"damage":0,"enemies":"Jaw Worm","floor":1,"turns":1},{"damage":4,"enemies":"Small Slimes","floor":3,"turns":2},{"damage":0,"enemies":"Cultist","floor":7,"turns":1},{"damage":0,"enemies":"Large Slime","floor":11,"turns":3},{"damage":40,"enemies":"Lagavulin","floor":12,"turns":4},{"damage":57,"enemies":"Slime Boss","floor":16,"turns":11},{"damage":31,"enemies":"3 Byrds","floor":18,"turns":3},{"damage":20,"enemies":"Shell Parasite","floor":20,"turns":7},{"damage":14,"enemies":"Snecko","floor":22,"turns":7},{"damage":59,"enemies":"Gremlin Leader","floor":23,"turns":6},{"damage":33,"enemies":"Slaver and Parasite","floor":28,"turns":5},{"damage":44,"enemies":"Slavers","floor":30,"turns":6},{"damage":18,"enemies":"Snake Plant","floor":31,"turns":4},{"damage":40,"enemies":"Automaton","floor":33,"turns":4}],"event_choices":[{"event_name":"Big Fish","player_choice":"Box","floor":2,"damage_taken":0},{"event_name":"Fountain of Cleansing","player_choice":"Removed Curse","floor":4,"damage_taken":0},{"event_name":"Scrap Ooze","player_choice":"success","floor":5,"damage_taken":7},{"event_name":"Mushrooms","player_choice":"Healed and dodged fight","floor":8,"damage_taken":0},{"event_name":"The Lab","player_choice":"Got Potions","floor":14,"damage_taken":0},{"event_name":"Addict","player_choice":"Ignored","floor":21,"damage_taken":0},{"event_name":"Cursed Tome","player_choice":"Stopped","floor":24,"damage_taken":0}],"boss_relics":[{"not_picked":["Orrery","Eternal Feather"],"picked":"Philosopher\u0027s Stone"}],"potions_floor_spawned":[7,11,16,18,28,30,31],"seed_played":"13239133735964802","killed_by":"Automaton","ascension_level":2,"is_trial":false}