{"gold_per_floor":[113,125,125,300,318,35,63,63,63,63,38,52,81,95,95,199,199,212,138,158,158,233,233,252,267,294,294,294,306,64,82,82,185,185,198,119,129,144,162,162,162,193,238,338,355,0,0,16,16,16],"floor_reached":51,"playtime":2289,"items_purged":["Doubt"],"score":1072,"play_id":"8ada3bbe-025d-4513-8671-1d64d438609f","local_time":"20190117233725","is_ascension_mode":true,"campfire_choices":[{"floor":8,"key":"REST"},{"floor":10,"key":"REST"},{"floor":15,"key":"REST"},{"floor":23,"key":"REST"},{"floor":28,"key":"REST"},{"floor":32,"key":"REST"},{"floor":40,"key":"REST"},{"floor":49,"key":"REST"}],"neow_cost":"NONE","seed_source_timestamp":2008259393195548,"circlet_count":0,"master_deck":["AscendersBane","Strike_R+1","Strike_R+1","Strike_R+1","Strike_R+1","Strike_R+1","Defend_R+1","Defend_R+1","Defend_R+1","Defend_R+1","Bash","Pommel Strike","Shockwave","Iron Wave","Violence","Iron Wave","Double Tap","Pommel Strike","True Grit","Hemokinesis","Brutality","Burning Pact+1","Anger","True Grit","J.A.X.","Shrug It Off","Anger","Iron Wave","Bandage Up","Headbutt+1","Armaments+1","Flame Barrier","Sentinel+1","Shrug It Off+1"],"relics":["Fusion Hammer","Bottled Lightning","Question Card","Kunai","Regal Pillow","Lizard Tail","Sundial","Anchor","Strawberry","Busted Crown","Pantograph","Bronze Scales","StoneCalendar","Red Mask","Lantern"],"potions_floor_usage":[7,24,33,35,50,50],"damage_taken":[{"damage":6,"enemies":"Cultist","floor":1,"turns":3},{"damage":12,"enemies":"Small Slimes","floor":2,"turns":3},{"damage":4,"enemies":"Jaw Worm","floor":5,"turns":2},{"damage":10,"enemies":"3 Sentries","floor":7,"turns":7},{"damage":5,"enemies":"Blue Slaver","floor":12,"turns":3},{"damage":20,"enemies":"Lagavulin","floor":13,"turns":5},{"damage":7,"enemies":"Exordium Wildlife","floor":14,"turns":3},{"damage":29,"enemies":"Hexaghost","floor":16,"turns":9},{"damage":28,"enemies":"3 Byrds","floor":18,"turns":7},{"damage":21,"enemies":"Spheric Guardian","floor":20,"turns":4},{"damage":15,"enemies":"Snecko","floor":24,"turns":6},{"damage":44,"enemies":"3 Cultists","floor":25,"turns":6},{"damage":16,"enemies":"Snake Plant","floor":29,"turns":3},{"damage":15,"enemies":"Sentry and Sphere","floor":31,"turns":5},{"damage":35,"enemies":"Champ","floor":33,"turns":16},{"damage":5,"enemies":"3 Shapes","floor":35,"turns":4},{"damage":27,"enemies":"3 Darklings","floor":37,"turns":7},{"damage":33,"enemies":"Transient","floor":38,"turns":5},{"damage":9,"enemies":"Jaw Worm Horde","floor":39,"turns":5},{"damage":33,"enemies":"Nemesis","floor":42,"turns":9},{"damage":9,"enemies":"Mind Bloom Boss Battle","floor":44,"turns":8},{"damage":13,"enemies":"Spire Growth","floor":45,"turns":6},{"damage":19,"enemies":"Sphere and 2 Shapes","floor":48,"turns":6},{"damage":103,"enemies":"Donu and Deca","floor":50,"turns":12}],"seed_played":"-7678730221326239772","potions_obtained":[{"floor":5,"key":"Energy Potion"},{"floor":7,"key":"Block Potion"},{"floor":12,"key":"Dexterity Potion"},{"floor":24,"key":"Weak Potion"},{"floor":33,"key":"Explosive Potion"},{"floor":35,"key":"Block Potion"}],"is_trial":false,"path_per_floor":["M","M","T","?","M","$","E","R","T","R","$","M","E","M","R","B",null,"M","$","M","?","T","R","M","M","T","?","R","M","$","M","R","B",null,"M","$","M","M","M","R","?","E","T","?","M","?","T","M","R","B",null],"character_chosen":"IRONCLAD","items_purchased":["Violence","Iron Wave","Pommel Strike","Anger","True Grit","Strawberry","Bandage Up","Flame Barrier"],"campfire_rested":8,"item_purchase_floors":[6,6,11,19,19,30,30,36],"current_hp_per_floor":[66,54,54,54,50,50,40,64,64,80,80,75,55,48,80,51,73,45,45,24,24,24,63,48,4,4,4,43,27,34,23,64,33,74,73,73,50,21,16,57,57,28,28,48,39,39,39,24,65,39],"gold":16,"neow_bonus":"BOSS_RELIC","is_prod":false,"is_daily":false,"chose_seed":false,"campfire_upgraded":0,"win_rate":0,"timestamp":1547768245,"path_taken":["M","M","?","?","M","$","E","R","T","R","?","M","E","M","R","BOSS","M","$","M","?","?","R","M","?","T","?","R","M","$","M","R","BOSS","M","$","M","M","M","R","?","E","T","?","M","?","?","M","R","BOSS"],"build_version":"2019-01-10","purchased_purges":1,"victory":true,"max_hp_per_floor":[80,80,80,80,80,80,80,80,80,80,80,80,80,80,80,80,80,80,80,80,80,80,80,80,80,80,80,80,80,87,87,87,87,87,87,87,87,87,87,87,87,87,87,87,87,87,87,87,87,87],"card_choices":[{"not_picked":["Clothesline","Cleave"],"picked":"Pommel Strike","floor":1},{"not_picked":["Whirlwind","Havoc"],"picked":"Shockwave","floor":2},{"not_picked":["Warcry","Seeing Red"],"picked":"Iron Wave","floor":5},{"not_picked":["Blood for Blood","Cleave"],"picked":"Double Tap","floor":7},{"not_picked":["Anger","Wild Strike","Cleave"],"picked":"True Grit","floor":12},{"not_picked":["Barricade","Iron Wave","Power Through"],"picked":"Hemokinesis","floor":13},{"not_picked":["Uppercut","Seeing Red","Rampage","Carnage"],"picked":"SKIP","floor":14},{"not_picked":["Double Tap","Barricade","Reaper"],"picked":"Brutality","floor":16},{"not_picked":["Uppercut","Cleave+1","Headbutt+1"],"picked":"Burning Pact+1","floor":18},{"not_picked":["Iron Wave","Second Wind+1","Sever Soul","Warcry+1"],"picked":"SKIP","floor":20},{"not_picked":["Iron Wave","Infernal Blade","Brutality"],"picked":"Shrug It Off","floor":24},{"not_picked":["Heavy Blade","Sword Boomerang","Warcry"],"picked":"Anger","floor":25},{"not_picked":["Twin Strike","Wild Strike","Cleave+1"],"picked":"Iron Wave","floor":29},{"not_picked":["Twin Strike","Anger","Entrench"],"picked":"Headbutt+1","floor":31},{"not_picked":["Dual Wield"],"picked":"Armaments+1","floor":35},{"not_picked":["Headbutt","Clash"],"picked":"SKIP","floor":37},{"not_picked":["Clash","Havoc"],"picked":"SKIP","floor":38},{"not_picked":["Headbutt"],"picked":"Sentinel+1","floor":39},{"not_picked":["Carnage","Reckless Charge+1"],"picked":"SKIP","floor":42},{"not_picked":["Pummel","Searing Blow"],"picked":"SKIP","floor":45},{"not_picked":["Heavy Blade"],"picked":"Shrug It Off+1","floor":48}],"player_experience":405309,"relics_obtained":[{"floor":3,"key":"Bottled Lightning"},{"floor":7,"key":"Question Card"},{"floor":9,"key":"Kunai"},{"floor":13,"key":"Regal Pillow"},{"floor":22,"key":"Sundial"},{"floor":26,"key":"Anchor"},{"floor":42,"key":"Pantograph"},{"floor":43,"key":"Bronze Scales"},{"floor":44,"key":"StoneCalendar"},{"floor":47,"key":"Lantern"}],"event_choices":[{"damage_healed":0,"gold_gain":175,"player_choice":"AGREE","damage_taken":0,"max_hp_gain":0,"max_hp_loss":0,"event_name":"Liars Game","floor":4,"gold_loss":0,"cards_obtained":["Doubt"]},{"damage_healed":0,"gold_gain":0,"player_choice":"Obtain J.A.X.","damage_taken":0,"max_hp_gain":0,"max_hp_loss":0,"event_name":"Drug Dealer","floor":21,"gold_loss":0,"cards_obtained":["J.A.X."]},{"damage_healed":0,"gold_gain":0,"player_choice":"Simplicity","damage_taken":0,"max_hp_gain":0,"max_hp_loss":0,"event_name":"Back to Basics","floor":27,"gold_loss":0,"cards_upgraded":["Strike_R","Strike_R","Strike_R","Strike_R","Strike_R","Defend_R","Defend_R","Defend_R","Defend_R"]},{"damage_healed":0,"gold_gain":0,"player_choice":"Ignored","damage_taken":0,"max_hp_gain":0,"max_hp_loss":0,"event_name":"Mysterious Sphere","floor":41,"gold_loss":0},{"damage_healed":0,"gold_gain":0,"player_choice":"Fight","damage_taken":0,"max_hp_gain":0,"max_hp_loss":0,"event_name":"MindBloom","floor":44,"gold_loss":0},{"damage_healed":0,"gold_gain":0,"player_choice":"Paid","damage_taken":0,"relics_obtained":["Red Mask"],"max_hp_gain":0,"max_hp_loss":0,"event_name":"Tomb of Lord Red Mask","floor":46,"gold_loss":355}],"is_beta":false,"boss_relics":[{"not_picked":["Eternal Feather","Cursed Key"],"picked":"Lizard Tail"},{"not_picked":["Coffee Dripper","Calling Bell"],"picked":"Busted Crown"}],"items_purged_floors":[6],"is_endless":false,"potions_floor_spawned":[5,7,12,13,16,24,25,29,33,35,38,39,42,44],"ascension_level":12}