{"gold_per_floor":[113,113,123,103,115,115,128,144,144,144,159,67,84,107,107,107],"floor_reached":16,"playtime":684,"items_purged":[],"score":165,"play_id":"b9ab8830-41d7-45ea-af65-14a11e3ebd24","local_time":"20190121133558","is_ascension_mode":true,"campfire_choices":[{"data":"Forethought","floor":6,"key":"SMITH"},{"data":"Battle Trance","floor":10,"key":"SMITH"},{"data":"Bash","floor":15,"key":"SMITH"}],"neow_cost":"NONE","seed_source_timestamp":2319400370992894,"circlet_count":0,"master_deck":["AscendersBane","Strike_R","Strike_R","Strike_R","Strike_R","Strike_R","Defend_R","Defend_R","Defend_R","Defend_R","Bash+1","Forethought+1","Battle Trance","Twin Strike","Cleave","Battle Trance+1","Shrug It Off+1","True Grit+1","Armaments+1"],"relics":["Burning Blood","Toxic Egg 2","Anchor"],"potions_floor_usage":[16,16],"damage_taken":[{"damage":4,"enemies":"Jaw Worm","floor":1,"turns":3},{"damage":0,"enemies":"Small Slimes","floor":3,"turns":3},{"damage":11,"enemies":"Cultist","floor":5,"turns":4},{"damage":23,"enemies":"Exordium Thugs","floor":7,"turns":3},{"damage":1,"enemies":"2 Fungi Beasts","floor":8,"turns":3},{"damage":18,"enemies":"Red Slaver","floor":11,"turns":5},{"damage":8,"enemies":"Blue Slaver","floor":13,"turns":4},{"damage":45,"enemies":"Hexaghost","floor":16,"turns":12}],"seed_played":"-8113211355458746640","potions_obtained":[{"floor":3,"key":"Weak Potion"},{"floor":4,"key":"AttackPotion"}],"is_trial":false,"path_per_floor":["M","?","M","?","M","R","M","M","T","R","M","$","M","T","R","B"],"character_chosen":"IRONCLAD","items_purchased":["Shrug It Off+1","True Grit+1"],"campfire_rested":0,"item_purchase_floors":[12,12],"current_hp_per_floor":[70,70,75,75,70,70,53,58,58,58,46,46,44,44,44,0],"gold":107,"neow_bonus":"RANDOM_COLORLESS","is_prod":false,"is_daily":false,"chose_seed":false,"campfire_upgraded":3,"win_rate":0,"timestamp":1548077758,"path_taken":["M","?","M","?","M","R","M","M","T","R","?","$","M","?","R","BOSS"],"build_version":"2019-01-17v2","purchased_purges":0,"victory":false,"max_hp_per_floor":[75,75,75,75,75,75,75,75,75,75,75,75,75,75,75,75],"card_choices":[{"not_picked":["Corruption","Wild Strike","Armaments"],"picked":"SKIP","floor":1},{"not_picked":["Sentinel","Havoc"],"picked":"Battle Trance","floor":3},{"not_picked":["Infernal Blade","Disarm"],"picked":"Twin Strike","floor":5},{"not_picked":["Rupture","Havoc"],"picked":"Cleave","floor":7},{"not_picked":["Clash","Bloodletting"],"picked":"Battle Trance","floor":8},{"not_picked":["Cleave","Combust","Wild Strike"],"picked":"SKIP","floor":11},{"not_picked":["Iron Wave","Havoc+1"],"picked":"Armaments+1","floor":13}],"player_experience":443813,"relics_obtained":[{"floor":9,"key":"Toxic Egg 2"},{"floor":14,"key":"Anchor"}],"event_choices":[{"damage_healed":0,"gold_gain":0,"player_choice":"Ignored","damage_taken":0,"max_hp_gain":0,"max_hp_loss":0,"event_name":"Golden Wing","floor":2,"gold_loss":0},{"damage_healed":0,"gold_gain":0,"player_choice":"Bought 1 Potion","damage_taken":0,"max_hp_gain":0,"max_hp_loss":0,"event_name":"The Woman in Blue","floor":4,"gold_loss":0}],"is_beta":false,"boss_relics":[],"items_purged_floors":[],"is_endless":false,"potions_floor_spawned":[3,8,13],"killed_by":"Hexaghost","ascension_level":15}