{"gold_per_floor":[119,134,134,148,148,148,164,125,172,200,218,218,218,9,9,86,86,102,0,19,30,30,30,43,43,43,58,58],"floor_reached":28,"playtime":965,"items_purged":[],"score":385,"play_id":"c2469b5b-b98f-4068-bfa0-a5add9b4ac3d","local_time":"20190121155026","is_ascension_mode":true,"campfire_choices":[{"floor":6,"key":"REST"},{"floor":13,"key":"REST"},{"floor":15,"key":"REST"},{"floor":23,"key":"REST"}],"neow_cost":"NONE","seed_source_timestamp":2327186953932952,"circlet_count":0,"master_deck":["AscendersBane","Strike_B","Strike_B","Strike_B","Strike_B","Defend_B","Defend_B","Defend_B","Defend_B","Zap+1","Dualcast","Leap","Compile Driver","Sweeping Beam","Steam","Rip and Tear","Reboot","Melter","Hyperbeam+1","Conserve Battery","White Noise","Buffer","Conserve Battery","Reinforced Body+1"],"relics":["Fusion Hammer","Strawberry","Omamori","Membership Card","Inserter","Dream Catcher","Centennial Puzzle"],"potions_floor_usage":[10,16,28,28],"damage_taken":[{"damage":4,"enemies":"Small Slimes","floor":1,"turns":5},{"damage":3,"enemies":"2 Louse","floor":2,"turns":3},{"damage":7,"enemies":"Jaw Worm","floor":4,"turns":3},{"damage":0,"enemies":"Large Slime","floor":7,"turns":4},{"damage":27,"enemies":"Lagavulin","floor":10,"turns":6},{"damage":7,"enemies":"Blue Slaver","floor":11,"turns":2},{"damage":49,"enemies":"Slime Boss","floor":16,"turns":11},{"damage":28,"enemies":"2 Thieves","floor":18,"turns":3},{"damage":5,"enemies":"Chosen","floor":20,"turns":3},{"damage":21,"enemies":"Shelled Parasite and Fungi","floor":21,"turns":4},{"damage":17,"enemies":"Centurion and Healer","floor":24,"turns":9},{"damage":18,"enemies":"Snecko","floor":27,"turns":6},{"damage":6,"enemies":"Chosen and Byrds","floor":28,"turns":1}],"seed_played":"840045372277107268","potions_obtained":[{"floor":1,"key":"Energy Potion"},{"floor":7,"key":"Explosive Potion"},{"floor":10,"key":"Fruit Juice"},{"floor":21,"key":"Poison Potion"}],"is_trial":false,"path_per_floor":["M","M","?","M","?","R","M","$","T","E","M","?","R","$","R","B",null,"M","$","M","M","?","R","M","?","T","M","M"],"character_chosen":"DEFECT","items_purchased":["Rip and Tear","Membership Card","Dream Catcher","PowerPotion"],"campfire_rested":4,"item_purchase_floors":[8,14,19,19],"current_hp_per_floor":[60,57,57,50,50,71,71,71,78,56,49,69,83,83,83,34,71,43,43,38,17,17,41,24,24,24,6,0],"gold":58,"neow_bonus":"BOSS_RELIC","is_prod":false,"is_daily":false,"chose_seed":false,"campfire_upgraded":0,"win_rate":0,"timestamp":1548085826,"path_taken":["M","M","?","M","?","R","?","$","T","E","M","?","R","$","R","BOSS","M","$","M","M","?","R","M","?","T","M","?"],"build_version":"2019-01-17v2","purchased_purges":0,"victory":false,"max_hp_per_floor":[71,71,71,71,71,71,71,71,78,83,83,83,83,83,83,83,83,83,83,83,83,83,83,83,83,83,83,83],"card_choices":[{"not_picked":["Chill","Redo"],"picked":"Leap","floor":1},{"not_picked":["Auto Shields","Defragment"],"picked":"Compile Driver","floor":2},{"not_picked":["Compile Driver","Steam"],"picked":"Sweeping Beam","floor":4},{"not_picked":["Darkness","Go for the Eyes"],"picked":"Steam","floor":7},{"not_picked":["Rainbow","Hello World"],"picked":"Reboot","floor":10},{"not_picked":["Coolheaded","Rebound"],"picked":"Melter","floor":11},{"not_picked":["Meteor Strike","All For One"],"picked":"Hyperbeam","floor":16},{"not_picked":["Streamline","Consume"],"picked":"Conserve Battery","floor":18},{"not_picked":["Lockon","Redo"],"picked":"White Noise","floor":20},{"not_picked":["Rebound","Ball Lightning"],"picked":"Buffer","floor":21},{"not_picked":["Rebound+1","Storm"],"picked":"Conserve Battery","floor":23},{"not_picked":["Capacitor","Redo","Ball Lightning"],"picked":"SKIP","floor":24},{"not_picked":["Hologram","Rebound"],"picked":"Reinforced Body+1","floor":27}],"player_experience":449874,"relics_obtained":[{"floor":9,"key":"Strawberry"},{"floor":10,"key":"Omamori"},{"floor":26,"key":"Centennial Puzzle"}],"event_choices":[{"damage_healed":0,"gold_gain":0,"player_choice":"Grow","damage_taken":0,"max_hp_gain":0,"max_hp_loss":0,"event_name":"Living Wall","floor":3,"gold_loss":0,"cards_upgraded":["Zap"]},{"damage_healed":0,"gold_gain":0,"player_choice":"Ignored","damage_taken":0,"max_hp_gain":0,"max_hp_loss":0,"event_name":"Golden Wing","floor":5,"gold_loss":0},{"damage_healed":20,"gold_gain":0,"player_choice":"Healed and dodged fight","damage_taken":0,"max_hp_gain":0,"max_hp_loss":0,"event_name":"Mushrooms","floor":12,"gold_loss":0,"cards_obtained":["Parasite"]},{"damage_healed":0,"gold_gain":0,"player_choice":"Forge","damage_taken":0,"max_hp_gain":0,"max_hp_loss":0,"event_name":"Accursed Blacksmith","floor":25,"gold_loss":0,"cards_upgraded":["Hyperbeam"]}],"is_beta":false,"boss_relics":[{"not_picked":["Snecko Eye","Coffee Dripper"],"picked":"Inserter"}],"items_purged_floors":[],"is_endless":false,"potions_floor_spawned":[1,7,10,21,24],"killed_by":"Chosen and Byrds","ascension_level":15}