{"path_per_floor":["M","M","$","?","M","M","R","M","T","$","M","M","M","M","R","B",null,"M","$","?","M","$","R"],"character_chosen":"THE_SILENT","items_purchased":["Deadly Poison","Deadly Poison","Vajra"],"gold_per_floor":[111,129,30,30,50,68,68,78,378,180,192,207,218,229,229,332,332,344,344,344,363,363,363],"floor_reached":24,"campfire_rested":2,"playtime":1245,"current_hp_per_floor":[63,61,61,61,60,52,52,48,48,48,34,34,34,27,48,38,62,28,28,28,8,8,29],"items_purged":["Strike_G"],"gold":363,"score":259,"play_id":"65a42049-9e07-41bf-a25e-e3e446557b26","is_prod":false,"is_daily":false,"is_ascension_mode":true,"campfire_upgraded":1,"path_taken":["M","M","?","?","M","?","R","M","T","$","?","M","M","M","R","BOSS","M","$","?","M","$","R","M"],"build_version":"2018-02-23-BETA1","purchased_purges":2,"victory":false,"master_deck":["Defend_G","Defend_G","Defend_G","Defend_G","Defend_G","Strike_G","Strike_G","Strike_G","Strike_G","Survivor","Neutralize","Predator","Catalyst+1","Deadly Poison","Poisoned Stab","Glass Knife","Deadly Poison","Bane","Well Laid Plans"],"max_hp_per_floor":[70,70,70,70,70,70,70,70,70,70,70,70,70,70,70,70,70,70,70,70,70,70,70],"relics":["The Specimen","Old Coin","Vajra","Black Star"],"card_choices":[{"not_picked":["Dagger Spray","Underhanded Strike"],"picked":"Predator"},{"not_picked":["Prepared","Leg Sweep"],"picked":"Catalyst"},{"not_picked":["Bane","PiercingWail"],"picked":"Poisoned Stab"},{"not_picked":["Backflip","Blur"],"picked":"Glass Knife"},{"not_picked":["Backflip","Riddle With Holes"],"picked":"Bane"},{"not_picked":["Quick Slash","Deflect"],"picked":"Well Laid Plans"}],"player_experience":192760,"potions_floor_usage":[11,14,21],"damage_taken":[{"damage":0,"enemies":"Cultist","floor":1,"turns":4},{"damage":2,"enemies":"Jaw Worm","floor":2,"turns":5},{"damage":1,"enemies":"2 Louse","floor":5,"turns":3},{"damage":8,"enemies":"Blue Slaver","floor":6,"turns":5},{"damage":4,"enemies":"Red Slaver","floor":8,"turns":3},{"damage":14,"enemies":"Gremlin Gang","floor":11,"turns":4},{"damage":0,"enemies":"Blue Slaver","floor":12,"turns":3},{"damage":0,"enemies":"Large Slime","floor":13,"turns":3},{"damage":19,"enemies":"Exordium Thugs","floor":14,"turns":5},{"damage":10,"enemies":"Slime Boss","floor":16,"turns":5},{"damage":34,"enemies":"Shell Parasite","floor":18,"turns":5},{"damage":20,"enemies":"Chosen","floor":21,"turns":4},{"damage":35,"enemies":"3 Cultists","floor":24,"turns":3}],"event_choices":[{"event_name":"The Cleric","player_choice":"Leave","floor":4,"damage_taken":0},{"event_name":"Drug Dealer","player_choice":"Ignored","floor":20,"damage_taken":0}],"boss_relics":[{"not_picked":["Question Card","Runic Pyramid"],"picked":"Black Star"}],"potions_floor_spawned":[6,8,11,13,16,18,21],"seed_played":"234630966530076443","killed_by":"3 Cultists","ascension_level":7,"is_trial":false}