{"path_per_floor":["M","?","$","?","?","R","M","E","T","R","M","?","$","M","R","B",null,"M","M","?","$","M","R"],"character_chosen":"THE_SILENT","items_purchased":["Infinite Blades","Cloak And Dagger","Poisoned Stab","Concentrate","Flying Knee"],"gold_per_floor":[113,113,22,22,22,22,47,82,82,82,101,101,3,17,17,137,137,158,176,176,48,61,61,61],"floor_reached":24,"campfire_rested":3,"playtime":915,"current_hp_per_floor":[55,55,55,42,35,54,54,43,43,43,41,41,41,39,58,6,50,42,33,33,33,25,44,17],"items_purged":["Strike_G"],"gold":61,"score":281,"play_id":"95c5ee8c-6505-40b4-87eb-5711db540c70","local_time":"20180424115956","is_prod":false,"is_daily":false,"chose_seed":false,"is_ascension_mode":true,"campfire_upgraded":1,"timestamp":1524592796,"path_taken":["M","?","?","?","?","R","?","E","T","R","M","?","$","M","R","BOSS","M","M","?","$","M","R","E"],"build_version":"2018-04-19","seed_source_timestamp":14438749331773,"purchased_purges":2,"victory":false,"master_deck":["Survivor","Neutralize","Quick Slash","Infinite Blades+1","Cloak And Dagger","Dagger Spray","Adrenaline","Cloak And Dagger","Poisoned Stab","Cloak And Dagger","Bullet Time","PiercingWail","Expertise","Well Laid Plans","Sucker Punch","Backstab","Catalyst","Slice","Outmaneuver","Distraction","Malaise","Concentrate","Flying Knee"],"max_hp_per_floor":[70,65,65,65,65,65,65,65,65,65,65,65,65,65,65,65,65,65,65,65,65,65,65,65],"relics":["Lizard Tail","Golden Idol","Snake Skull","Tough Bandages","Ice Cream","Pandora\u0027s Box"],"card_choices":[{"not_picked":["Sucker Punch","Bane"],"picked":"Quick Slash","floor":1},{"not_picked":["Deflect","Slice"],"picked":"Dagger Spray","floor":7},{"not_picked":["Calculated Gamble","Slice"],"picked":"Adrenaline","floor":8},{"not_picked":["Deflect","Underhanded Strike"],"picked":"Cloak And Dagger","floor":11},{"not_picked":["Riddle With Holes","Catalyst"],"picked":"Cloak And Dagger","floor":14},{"not_picked":["Burst","Glass Knife"],"picked":"Bullet Time","floor":16},{"not_picked":["Eviscerate","Masterful Stab"],"picked":"Distraction","floor":18},{"not_picked":["Flying Knee","Sucker Punch"],"picked":"Malaise","floor":19}],"player_experience":327077,"potions_floor_usage":[8,8,16,24],"damage_taken":[{"damage":8,"enemies":"2 Louse","floor":1,"turns":3},{"damage":0,"enemies":"Small Slimes","floor":7,"turns":3},{"damage":11,"enemies":"Lagavulin","floor":8,"turns":8},{"damage":2,"enemies":"Jaw Worm","floor":11,"turns":3},{"damage":2,"enemies":"2 Fungi Beasts","floor":14,"turns":3},{"damage":52,"enemies":"The Guardian","floor":16,"turns":17},{"damage":8,"enemies":"Shell Parasite","floor":18,"turns":5},{"damage":9,"enemies":"3 Byrds","floor":19,"turns":5},{"damage":8,"enemies":"Snecko","floor":22,"turns":6},{"damage":27,"enemies":"Gremlin Leader","floor":24,"turns":8}],"event_choices":[{"event_name":"Golden Idol","player_choice":"Lose Max HP","floor":2,"damage_taken":0},{"event_name":"Shining Light","player_choice":"Entered Light","floor":4,"damage_taken":0},{"event_name":"Golden Wing","player_choice":"Card Removal","floor":5,"damage_taken":0},{"event_name":"Dead Adventurer","player_choice":"Searched \u00271\u0027 times","floor":12,"damage_taken":0},{"event_name":"Vampires","player_choice":"Ignored","floor":20,"damage_taken":0}],"boss_relics":[{"not_picked":["Runic Pyramid","Tiny House"],"picked":"Pandora\u0027s Box"}],"potions_floor_spawned":[1,7,8,19],"seed_played":"-5432081476436562648","killed_by":"Gremlin Leader","ascension_level":9,"is_trial":false}