{"path_per_floor":["M","?","M","T","T","E","R","M","T","E","?","R","$","M","R","B",null,"M","?","M","M","$","R","M","R","T","E","M","M"],"character_chosen":"THE_SILENT","items_purchased":["Calculated Gamble","Acrobatics","Paper Crane"],"gold_per_floor":[113,113,129,129,129,156,156,168,168,200,200,200,114,132,132,262,262,285,285,301,322,80,80,103,103,149,187,207,232,232],"floor_reached":30,"campfire_rested":4,"playtime":853,"current_hp_per_floor":[63,63,63,63,63,49,74,74,74,62,41,66,66,66,66,24,69,61,61,61,48,48,73,69,84,84,49,44,27,0],"items_purged":[],"gold":232,"score":377,"play_id":"b976793f-6a26-4bdc-8dea-a40136a2f964","local_time":"20180406205854","is_prod":false,"is_daily":false,"is_ascension_mode":true,"campfire_upgraded":1,"timestamp":1523069934,"path_taken":["M","?","?","?","?","E","R","M","T","E","?","R","$","?","R","BOSS","M","?","M","?","$","R","M","R","T","E","M","M","?"],"build_version":"2018-04-05","purchased_purges":0,"victory":false,"master_deck":["Defend_G","Defend_G","Defend_G","Defend_G","Defend_G","Strike_G","Strike_G","Strike_G","Survivor","Neutralize","Dash","Quick Slash","Eviscerate","Dagger Spray","Backstab","Calculated Gamble+1","Acrobatics","Calculated Gamble","Tools of the Trade","Flying Knee+1","All Out Attack+1","Terror+1","Pain","Prepared","Underhanded Strike"],"max_hp_per_floor":[70,70,70,70,70,84,84,84,84,84,84,84,84,84,84,84,84,84,84,84,84,84,84,84,84,84,84,84,84,84],"relics":["Sozu","Toolbox","Tingsha","Mango","The Specimen","Matryoshka","Golden Idol","Cursed Key","Paper Crane","Prayer Wheel","Oddly Smooth Stone","Regal Pillow"],"card_choices":[{"not_picked":["Quick Slash","Deflect"],"picked":"Dash","floor":1},{"not_picked":["Flying Knee","Prepared"],"picked":"Eviscerate","floor":3},{"not_picked":["Deflect","Outmaneuver"],"picked":"Dagger Spray","floor":6},{"not_picked":["Infinite Blades","Cloak And Dagger"],"picked":"Backstab","floor":8},{"not_picked":["All Out Attack","Infinite Blades"],"picked":"Calculated Gamble","floor":14},{"not_picked":["Venomology","Storm of Steel"],"picked":"Tools of the Trade","floor":16},{"not_picked":["Deflect","Cloak And Dagger"],"picked":"Flying Knee","floor":20},{"not_picked":["Footwork","Deflect"],"picked":"All Out Attack","floor":21},{"not_picked":["PiercingWail","A Thousand Cuts"],"picked":"Terror","floor":24},{"not_picked":["Malaise","Dodge and Roll"],"picked":"Prepared","floor":27},{"not_picked":["Poisoned Stab","Finisher"],"picked":"Underhanded Strike","floor":28}],"player_experience":284995,"potions_floor_usage":[],"damage_taken":[{"damage":0,"enemies":"Jaw Worm","floor":1,"turns":5},{"damage":0,"enemies":"2 Louse","floor":3,"turns":2},{"damage":28,"enemies":"Gremlin Nob","floor":6,"turns":5},{"damage":0,"enemies":"Cultist","floor":8,"turns":2},{"damage":12,"enemies":"Lagavulin","floor":10,"turns":5},{"damage":0,"enemies":"Exordium Thugs","floor":14,"turns":2},{"damage":42,"enemies":"The Guardian","floor":16,"turns":13},{"damage":8,"enemies":"Shell Parasite","floor":18,"turns":3},{"damage":0,"enemies":"2 Thieves","floor":20,"turns":3},{"damage":13,"enemies":"Chosen and Byrds","floor":21,"turns":4},{"damage":4,"enemies":"Snake Plant","floor":24,"turns":3},{"damage":35,"enemies":"Book of Stabbing","floor":27,"turns":5},{"damage":5,"enemies":"Snecko","floor":28,"turns":3},{"damage":17,"enemies":"Centurion and Healer","floor":29,"turns":6},{"damage":31,"enemies":"Slaver and Parasite","floor":30,"turns":2}],"event_choices":[{"event_name":"Living Wall","player_choice":"Change","floor":2,"damage_taken":0},{"event_name":"Golden Idol","player_choice":"Take Damage","floor":11,"damage_taken":0},{"event_name":"Bonfire Elementals","player_choice":"BASIC","floor":19,"damage_taken":0}],"boss_relics":[{"not_picked":["Black Star","Runic Pyramid"],"picked":"Cursed Key"}],"potions_floor_spawned":[6,8,18,24],"seed_played":"-6640455726508307760","killed_by":"Slaver and Parasite","ascension_level":9,"is_trial":false}