{"gold_per_floor":[18,30,45,65,65,65,92,17,17,17,27,27,39,69,69,69],"floor_reached":16,"playtime":523,"items_purged":[],"score":199,"play_id":"bdf09ca0-8cf4-480b-b3af-298fc3d47a37","local_time":"20190429132430","is_ascension_mode":true,"campfire_choices":[{"data":"Whirlwind","floor":6,"key":"SMITH"},{"data":"Thunderclap","floor":10,"key":"SMITH"},{"data":"Battle Trance","floor":12,"key":"SMITH"},{"data":"Shrug It Off","floor":15,"key":"SMITH"}],"neow_cost":"NO_GOLD","seed_source_timestamp":0,"circlet_count":0,"master_deck":["AscendersBane","Strike_R","Strike_R","Strike_R","Strike_R","Defend_R","Defend_R","Defend_R","Defend_R","Bash","Headbutt","Whirlwind+1","Thunderclap+1","Battle Trance+1","Shrug It Off+1"],"special_seed":0,"relics":["Burning Blood","FossilizedHelix","Odd Mushroom","Nunchaku","Calipers"],"potions_floor_usage":[14,16,16],"damage_taken":[{"damage":8.0,"enemies":"2 Louse","floor":1.0,"turns":3.0},{"damage":0,"enemies":"Small Slimes","floor":2,"turns":3},{"damage":2,"enemies":"Jaw Worm","floor":3,"turns":3},{"damage":1,"enemies":"Looter","floor":4,"turns":4},{"damage":0,"enemies":"The Mushroom Lair","floor":7,"turns":2},{"damage":6,"enemies":"Blue Slaver","floor":11,"turns":4},{"damage":0,"enemies":"Large Slime","floor":13,"turns":4},{"damage":10,"enemies":"3 Sentries","floor":14,"turns":4},{"damage":74,"enemies":"Hexaghost","floor":16,"turns":10}],"seed_played":"-810882897248758366","potions_obtained":[{"floor":1.0,"key":"SkillPotion"},{"floor":11,"key":"Dexterity Potion"},{"floor":14,"key":"SteroidPotion"}],"is_trial":false,"path_per_floor":["M","M","M","M","?","R","?","?","T","R","M","R","M","E","R","B"],"character_chosen":"IRONCLAD","items_purchased":[],"campfire_rested":0,"item_purchase_floors":[],"current_hp_per_floor":[66,72,75,75,75,75,75,75,75,75,75,75,75,71,71,0],"gold":69,"neow_bonus":"ONE_RARE_RELIC","is_prod":false,"is_daily":false,"chose_seed":false,"campfire_upgraded":4,"win_rate":0,"timestamp":1556540670,"path_taken":["M","M","M","M","?","R","?","?","T","R","M","R","M","E","R","BOSS"],"build_version":"2019-01-23","purchased_purges":0,"victory":false,"max_hp_per_floor":[75,75,75,75,75,75,75,75,75,75,75,75,75,75,75,75],"card_choices":[{"not_picked":["Dual Wield","Heavy Blade"],"picked":"Headbutt","floor":1.0},{"not_picked":["Wild Strike","Havoc"],"picked":"Whirlwind","floor":2},{"not_picked":["Pummel","Sever Soul","Pommel Strike"],"picked":"SKIP","floor":3},{"not_picked":["Headbutt","Body Slam"],"picked":"Thunderclap","floor":4},{"not_picked":["Havoc","Headbutt"],"picked":"Battle Trance","floor":7},{"not_picked":["Cleave","Pommel Strike","Headbutt"],"picked":"SKIP","floor":11},{"not_picked":["Blood for Blood","Thunderclap"],"picked":"Shrug It Off","floor":13},{"not_picked":["Feed","Body Slam","Armaments"],"picked":"SKIP","floor":14}],"player_experience":722214,"relics_obtained":[{"floor":7,"key":"Odd Mushroom"},{"floor":9,"key":"Nunchaku"},{"floor":14,"key":"Calipers"}],"event_choices":[{"damage_healed":0,"gold_gain":0,"player_choice":"Ignored","damage_taken":0,"max_hp_gain":0,"max_hp_loss":0,"event_name":"Liars Game","floor":5,"gold_loss":0},{"damage_healed":0,"gold_gain":0,"player_choice":"Fought Mushrooms","damage_taken":0,"max_hp_gain":0,"max_hp_loss":0,"event_name":"Mushrooms","floor":7,"gold_loss":0},{"cards_removed":["Strike_R"],"damage_healed":0,"gold_gain":0,"player_choice":"Card Removal","damage_taken":0,"max_hp_gain":0,"max_hp_loss":0,"event_name":"The Cleric","floor":8,"gold_loss":75}],"is_beta":false,"boss_relics":[],"items_purged_floors":[],"is_endless":false,"potions_floor_spawned":[1,11,13,14],"killed_by":"Hexaghost","ascension_level":19}