{"gold_per_floor":[111,125,138,149,164,164,164,193,216,216,216,1,1,1,1,1],"floor_reached":16,"playtime":407,"items_purged":[],"score":190,"play_id":"81137c43-fc7f-4fd8-99f2-9b8be628d830","local_time":"20190426154419","is_ascension_mode":true,"campfire_choices":[{"data":"Immolate","floor":6,"key":"SMITH"},{"data":"Body Slam","floor":10,"key":"SMITH"},{"data":"Metallicize","floor":13,"key":"SMITH"},{"data":"Thunderclap","floor":15,"key":"SMITH"}],"neow_cost":"CURSE","seed_source_timestamp":3380189068821670,"circlet_count":0,"master_deck":["AscendersBane","Strike_R","Strike_R","Strike_R","Strike_R","Strike_R","Defend_R","Defend_R","Defend_R","Defend_R","Bash","Clumsy","Immolate+1","Body Slam+1","Thunderclap+1","Metallicize+1","Immolate+1"],"relics":["Burning Blood","Singing Bowl","Oddly Smooth Stone","DollysMirror"],"potions_floor_usage":[5,16,16],"damage_taken":[{"damage":0,"enemies":"2 Louse","floor":1,"turns":1},{"damage":7,"enemies":"Small Slimes","floor":2,"turns":2},{"damage":7,"enemies":"Cultist","floor":3,"turns":4},{"damage":21,"enemies":"Looter","floor":4,"turns":4},{"damage":24,"enemies":"Red Slaver","floor":5,"turns":5},{"damage":26,"enemies":"Gremlin Nob","floor":8,"turns":4},{"damage":24,"enemies":"Hexaghost","floor":16,"turns":9}],"seed_played":"2250228815054243201","potions_obtained":[{"floor":1,"key":"Poison Potion"},{"floor":3,"key":"SpeedPotion"},{"floor":8,"key":"Poison Potion"}],"is_trial":false,"path_per_floor":["M","M","M","M","M","R","?","E","T","R","?","$","R","?","R","B"],"character_chosen":"IRONCLAD","items_purchased":["DollysMirror"],"campfire_rested":0,"item_purchase_floors":[12],"current_hp_per_floor":[74,73,72,57,39,39,39,21,21,21,21,21,21,21,21,0],"gold":1,"neow_bonus":"THREE_RARE_CARDS","is_prod":false,"is_daily":false,"chose_seed":false,"campfire_upgraded":4,"win_rate":0,"timestamp":1556289859,"path_taken":["M","M","M","M","M","R","?","E","T","R","?","$","R","?","R","BOSS"],"build_version":"2019-01-23","purchased_purges":0,"victory":false,"max_hp_per_floor":[75,75,75,75,75,75,75,77,77,77,77,77,77,77,77,77],"card_choices":[{"not_picked":["Impervious","Bludgeon"],"picked":"Immolate","floor":0},{"not_picked":["Uppercut","Rupture","Clash"],"picked":"SKIP","floor":1},{"not_picked":["Thunderclap","Seeing Red"],"picked":"Body Slam","floor":2},{"not_picked":["Clothesline","Wild Strike"],"picked":"Thunderclap","floor":3},{"not_picked":["Twin Strike","Power Through"],"picked":"Metallicize","floor":4},{"not_picked":["Pommel Strike","Warcry","Wild Strike"],"picked":"SKIP","floor":5},{"not_picked":["Spot Weakness","Flex","Clash"],"picked":"Singing Bowl","floor":8}],"player_experience":663408,"relics_obtained":[{"floor":8,"key":"Singing Bowl"},{"floor":9,"key":"Oddly Smooth Stone"}],"event_choices":[{"damage_healed":0,"gold_gain":0,"player_choice":"Ignored","damage_taken":0,"max_hp_gain":0,"max_hp_loss":0,"event_name":"Golden Idol","floor":7,"gold_loss":0},{"damage_healed":0,"gold_gain":0,"player_choice":"Ignored","damage_taken":0,"max_hp_gain":0,"max_hp_loss":0,"event_name":"Shining Light","floor":11,"gold_loss":0},{"damage_healed":0,"gold_gain":0,"player_choice":"Leave","damage_taken":0,"max_hp_gain":0,"max_hp_loss":0,"event_name":"The Cleric","floor":14,"gold_loss":0}],"is_beta":false,"boss_relics":[],"items_purged_floors":[],"is_endless":false,"potions_floor_spawned":[1,3,8],"killed_by":"Hexaghost","ascension_level":18}