{"gold_per_floor":[115,133,144,159,179,211,161,196,250,250,262,262,115,126,126,221,221,232,243,168,267,167,194,24,56,56,71,101,112,129,145,145,241,241,256,271,271,44,60,60,60,85,85,85,95,120,120,131,131,131],"floor_reached":51,"playtime":6738,"items_purged":["Defend_B","Strike_B","Defend_B","Strike_B"],"score":881,"play_id":"33fe4c24-c68a-43f0-878c-635ebe95aef2","local_time":"20190429205458","is_ascension_mode":false,"campfire_choices":[{"data":"Coolheaded","floor":10,"key":"SMITH"},{"floor":15,"key":"REST"},{"floor":32,"key":"REST"},{"data":"Seek","floor":41,"key":"SMITH"},{"data":"Coolheaded","floor":44,"key":"SMITH"},{"data":"Echo Form","floor":49,"key":"SMITH"}],"neow_cost":"NONE","seed_source_timestamp":504894671932518,"circlet_count":0,"master_deck":["Strike_B","Strike_B+1","Zap","Dualcast","Glacier","Beam Cell","Turbo","Cold Snap+1","Stack","Coolheaded+1","Echo Form+1","Double Energy","Seek+1","Doom and Gloom+1","Turbo","Conserve Battery","Darkness+1","Blizzard+1","Turbo","Glacier","Coolheaded+1","Skim+1","Electrodynamics","Self Repair+1","Finesse","Glacier","Meteor Strike","Madness","Madness"],"relics":["FrozenCore","Dead Branch","Bag of Preparation","Whetstone","Question Card","Nuclear Battery","Pantograph","Dream Catcher","Mummified Hand","Happy Flower","FaceOfCleric","Torii","Bottled Lightning","Orichalcum"],"potions_floor_usage":[8,16,16,27,31,42,46,50,50,50],"damage_taken":[{"damage":3,"enemies":"Jaw Worm","floor":1,"turns":3},{"damage":8,"enemies":"2 Louse","floor":2,"turns":3},{"damage":3,"enemies":"Small Slimes","floor":3,"turns":3},{"damage":0,"enemies":"Exordium Wildlife","floor":4,"turns":4},{"damage":16,"enemies":"Exordium Thugs","floor":5,"turns":6},{"damage":7,"enemies":"Gremlin Nob","floor":6,"turns":4},{"damage":19,"enemies":"Lagavulin","floor":8,"turns":7},{"damage":0,"enemies":"Large Slime","floor":11,"turns":3},{"damage":19,"enemies":"Gremlin Gang","floor":14,"turns":5},{"damage":1,"enemies":"The Guardian","floor":16,"turns":11},{"damage":0,"enemies":"3 Byrds","floor":18,"turns":6},{"damage":9,"enemies":"Spheric Guardian","floor":19,"turns":4},{"damage":22,"enemies":"Gremlin Leader","floor":23,"turns":4},{"damage":20,"enemies":"Slavers","floor":25,"turns":3},{"damage":0,"enemies":"Snecko","floor":27,"turns":5},{"damage":4,"enemies":"Book of Stabbing","floor":28,"turns":4},{"damage":0,"enemies":"Sentry and Sphere","floor":29,"turns":3},{"damage":21,"enemies":"Snake Plant","floor":30,"turns":3},{"damage":0,"enemies":"Cultist and Chosen","floor":31,"turns":5},{"damage":0,"enemies":"Automaton","floor":33,"turns":7},{"damage":0,"enemies":"3 Shapes","floor":35,"turns":6},{"damage":16,"enemies":"3 Darklings","floor":36,"turns":5},{"damage":13,"enemies":"Writhing Mass","floor":39,"turns":6},{"damage":7,"enemies":"Reptomancer","floor":42,"turns":8},{"damage":0,"enemies":"4 Shapes","floor":45,"turns":3},{"damage":8,"enemies":"Giant Head","floor":46,"turns":7},{"damage":0,"enemies":"3 Darklings","floor":48,"turns":2},{"damage":0,"enemies":"Donu and Deca","floor":50,"turns":10}],"seed_played":"1401453982691963728","potions_obtained":[{"floor":3,"key":"SpeedPotion"},{"floor":5,"key":"Fire Potion"},{"floor":6,"key":"Ancient Potion"},{"floor":8,"key":"FocusPotion"},{"floor":18,"key":"FearPotion"},{"floor":23,"key":"Dexterity Potion"},{"floor":30,"key":"PowerPotion"},{"floor":33,"key":"Strength Potion"},{"floor":39,"key":"Fire Potion"},{"floor":45,"key":"PowerPotion"},{"floor":46,"key":"AttackPotion"}],"is_trial":false,"path_per_floor":["M","M","M","M","M","E","?","E","T","R","M","T","$","M","R","B",null,"M","M","?","?","$","E","$","E","T","M","E","M","M","M","R","B",null,"M","M","?","$","M","?","R","E","T","R","M","E","?","M","R","B",null],"character_chosen":"DEFECT","items_purchased":["Echo Form","Conserve Battery","Glacier"],"campfire_rested":2,"item_purchase_floors":[13,24,38],"current_hp_per_floor":[79,71,68,68,52,45,45,26,26,26,26,26,26,7,31,30,82,82,73,73,73,73,51,51,31,31,31,27,27,6,6,30,55,82,82,66,66,66,73,73,73,83,83,83,84,85,74,85,85,87],"gold":131,"neow_bonus":"TEN_PERCENT_HP_BONUS","is_prod":false,"is_daily":false,"chose_seed":false,"campfire_upgraded":4,"win_rate":0,"timestamp":1556542498,"path_taken":["M","M","M","M","M","E","?","E","T","R","M","?","$","M","R","BOSS","M","M","?","?","$","E","?","E","T","M","E","M","M","M","R","BOSS","M","M","?","$","M","?","R","E","T","R","?","E","?","M","R","BOSS"],"build_version":"2019-01-23","purchased_purges":4,"victory":true,"max_hp_per_floor":[82,82,82,82,82,82,82,82,82,82,82,82,82,82,82,82,82,82,82,82,82,82,82,82,82,82,82,82,82,82,82,82,82,82,82,82,82,82,82,82,82,83,83,83,84,85,85,86,86,87],"card_choices":[{"not_picked":["Steam","Force Field"],"picked":"Glacier","floor":1},{"not_picked":["Glacier","Leap","Darkness"],"picked":"SKIP","floor":2},{"not_picked":["Force Field","Sweeping Beam"],"picked":"Beam Cell","floor":3},{"not_picked":["Rebound","Beam Cell"],"picked":"Turbo","floor":4},{"not_picked":["Stack","Streamline"],"picked":"Cold Snap","floor":5},{"not_picked":["White Noise","Hello World"],"picked":"Stack","floor":6},{"not_picked":["Beam Cell","Hologram"],"picked":"Coolheaded","floor":8},{"not_picked":["Rebound","Leap","Gash"],"picked":"SKIP","floor":11},{"not_picked":["Beam Cell","Turbo","Undo"],"picked":"Double Energy","floor":14},{"not_picked":["Meteor Strike","Hyperbeam","Fission"],"picked":"Seek","floor":16},{"not_picked":["Turbo","Undo","Gash"],"picked":"Doom and Gloom+1","floor":18},{"not_picked":["Doom and Gloom","Rebound","Barrage+1"],"picked":"Turbo","floor":19},{"not_picked":["Auto Shields","Compile Driver","Redo","Turbo"],"picked":"SKIP","floor":23},{"not_picked":["Cold Snap","Stack","Force Field"],"picked":"Darkness+1","floor":25},{"not_picked":["Gash","Rebound+1","Heatsinks","Ball Lightning+1"],"picked":"SKIP","floor":27},{"not_picked":["Streamline+1","All For One","Go for the Eyes+1"],"picked":"Blizzard+1","floor":28},{"not_picked":["Rebound","Chaos","Storm+1"],"picked":"Turbo","floor":29},{"not_picked":["Reprogram","Hologram","Ball Lightning+1"],"picked":"Glacier","floor":30},{"not_picked":["Steam","Hologram","Streamline+1"],"picked":"Coolheaded","floor":31},{"not_picked":["Meteor Strike","Reprogram","Auto Shields"],"picked":"Skim+1","floor":32},{"not_picked":["Buffer","All For One","Amplify"],"picked":"Electrodynamics","floor":33},{"not_picked":["Beam Cell","Stack+1","Streamline+1","Sunder+1"],"picked":"SKIP","floor":35},{"not_picked":["Redo+1","Streamline","Beam Cell+1"],"picked":"Self Repair+1","floor":36},{"not_picked":["Magnetism","Trip","Blind"],"picked":"Finesse","floor":37},{"not_picked":["Compile Driver","Aggregate","Barrage","Capacitor+1"],"picked":"SKIP","floor":39},{"not_picked":["Melter","Gash","Cold Snap+1","Reprogram"],"picked":"SKIP","floor":42},{"not_picked":["Steam+1","Sunder+1","Genetic Algorithm","Reprogram"],"picked":"SKIP","floor":45},{"not_picked":["Beam Cell","Streamline+1","Go for the Eyes"],"picked":"Meteor Strike","floor":46},{"not_picked":["Turbo","Auto Shields","Ball Lightning+1","Go for the Eyes+1"],"picked":"SKIP","floor":48}],"player_experience":293284,"relics_obtained":[{"floor":6,"key":"Dead Branch"},{"floor":8,"key":"Bag of Preparation"},{"floor":9,"key":"Whetstone"},{"floor":12,"key":"Question Card"},{"floor":23,"key":"Pantograph"},{"floor":25,"key":"Dream Catcher"},{"floor":26,"key":"Mummified Hand"},{"floor":28,"key":"Happy Flower"},{"floor":42,"key":"Torii"},{"floor":43,"key":"Bottled Lightning"},{"floor":46,"key":"Orichalcum"}],"event_choices":[{"cards_removed":["Defend_B"],"damage_healed":0,"gold_gain":0,"player_choice":"Card Removal","damage_taken":0,"max_hp_gain":0,"max_hp_loss":0,"event_name":"The Cleric","floor":7,"gold_loss":50},{"cards_removed":["Defend_B"],"damage_healed":0,"gold_gain":0,"player_choice":"Gave Gold","damage_taken":0,"max_hp_gain":0,"max_hp_loss":0,"event_name":"Beggar","floor":20,"gold_loss":75},{"damage_healed":0,"gold_gain":99,"player_choice":"Stole From Cult","damage_taken":0,"max_hp_gain":0,"max_hp_loss":0,"event_name":"Nest","floor":21,"gold_loss":0},{"damage_healed":0,"gold_gain":0,"player_choice":"Memory 1","damage_taken":0,"max_hp_gain":0,"max_hp_loss":0,"event_name":"SensoryStone","floor":37,"gold_loss":0},{"damage_healed":0,"gold_gain":0,"player_choice":"Trade","damage_taken":0,"relics_obtained":["FaceOfCleric"],"max_hp_gain":0,"max_hp_loss":0,"event_name":"FaceTrader","floor":40,"gold_loss":0},{"damage_healed":0,"gold_gain":0,"player_choice":"Embrace Madness","damage_taken":11,"max_hp_gain":0,"max_hp_loss":0,"event_name":"Winding Halls","floor":47,"gold_loss":0,"cards_obtained":["Madness","Madness"]}],"is_beta":false,"boss_relics":[{"not_picked":["Cursed Key","Pandora\u0027s Box"],"picked":"Nuclear Battery"},{"not_picked":["Orrery","Astrolabe"],"picked":"FrozenCore"}],"items_purged_floors":[13,22,24,38],"is_endless":false,"potions_floor_spawned":[3,5,6,8,18,23,30,33,39,45,46],"ascension_level":0}