{"gold_per_floor":[211,286,286,13,29,61,61,9,9,9,19,19,38,54,54,127,127,143,68,68,86,111,111,111,111],"floor_reached":25,"playtime":691,"items_purged":[],"score":423,"play_id":"f784fa30-0085-4172-86ab-fdfda3e2c996","local_time":"20190121000640","is_ascension_mode":true,"campfire_choices":[{"floor":10,"key":"REST"},{"data":"Loop","floor":15,"key":"SMITH"},{"floor":24,"key":"REST"}],"neow_cost":"NONE","seed_source_timestamp":2270829726846680,"circlet_count":0,"master_deck":["AscendersBane","Strike_B+1","Strike_B+1","Strike_B+1","Defend_B","Defend_B","Defend_B","Dualcast","Loop+1","Leap","Beam Cell","Ball Lightning+1","Conserve Battery","Lockon","Cold Snap","Compile Driver","Seek","Stack","Fission","Genetic Algorithm","Rebound","Glacier"],"relics":["Cracked Core","Anchor","Whetstone","DataDisk","Pear","Black Star","Red Mask"],"potions_floor_usage":[6,16,16,22],"damage_taken":[{"damage":3,"enemies":"2 Louse","floor":1,"turns":3},{"damage":0,"enemies":"Jaw Worm","floor":5,"turns":2},{"damage":20,"enemies":"Lagavulin","floor":6,"turns":4},{"damage":0,"enemies":"Cultist","floor":11,"turns":2},{"damage":0,"enemies":"Red Slaver","floor":13,"turns":3},{"damage":0,"enemies":"Looter","floor":14,"turns":2},{"damage":0,"enemies":"Slime Boss","floor":16,"turns":4},{"damage":13,"enemies":"2 Thieves","floor":18,"turns":4},{"damage":0,"enemies":"Chosen","floor":21,"turns":4},{"damage":58,"enemies":"Masked Bandits","floor":22,"turns":6},{"damage":1,"enemies":"Colosseum Slavers","floor":23,"turns":6},{"damage":29,"enemies":"Snecko","floor":25,"turns":5}],"seed_played":"-5392724234086529052","potions_obtained":[{"floor":1,"key":"Block Potion"},{"floor":11,"key":"PowerPotion"},{"floor":18,"key":"AttackPotion"}],"is_trial":false,"path_per_floor":["M","?","?","$","M","E","$","$","T","R","M","T","M","M","R","B",null,"M","?","?","M","?","?","R","M"],"character_chosen":"DEFECT","items_purchased":["Fire Potion","Leap","Anchor","Beam Cell","AttackPotion"],"campfire_rested":2,"item_purchase_floors":[4,4,4,4,8],"current_hp_per_floor":[61,50,36,36,36,16,16,16,16,37,37,47,47,47,47,47,73,60,60,60,60,2,1,25,0],"gold":111,"neow_bonus":"HUNDRED_GOLD","is_prod":false,"is_daily":false,"chose_seed":false,"campfire_upgraded":1,"win_rate":0,"timestamp":1548029200,"path_taken":["M","?","?","$","M","E","?","$","T","R","?","?","?","M","R","BOSS","M","?","?","M","?","?","R","M"],"build_version":"2019-01-17v2","purchased_purges":0,"victory":false,"max_hp_per_floor":[71,71,71,71,71,71,71,71,71,71,71,81,81,81,81,81,81,81,81,81,81,81,81,81,81],"card_choices":[{"not_picked":["Hologram","Leap"],"picked":"Loop","floor":1},{"not_picked":["Force Field","Recycle"],"picked":"Ball Lightning","floor":5},{"not_picked":["Aggregate","Coolheaded"],"picked":"Conserve Battery","floor":6},{"not_picked":["Barrage","Capacitor"],"picked":"Lockon","floor":11},{"not_picked":["Coolheaded","Sweeping Beam"],"picked":"Cold Snap","floor":13},{"not_picked":["Go for the Eyes","Stack"],"picked":"Compile Driver","floor":14},{"not_picked":["Creative AI","Rainbow"],"picked":"Seek","floor":16},{"not_picked":["Barrage","Conserve Battery"],"picked":"Stack","floor":18},{"not_picked":["Gash","Beam Cell"],"picked":"Rebound","floor":21},{"not_picked":["Stack","Redo"],"picked":"Glacier","floor":22}],"player_experience":439240,"relics_obtained":[{"floor":6,"key":"Whetstone"},{"floor":9,"key":"DataDisk"},{"floor":12,"key":"Pear"},{"floor":22,"key":"Red Mask"}],"event_choices":[{"damage_healed":0,"gold_gain":75,"player_choice":"Gather Gold","damage_taken":11,"max_hp_gain":0,"max_hp_loss":0,"event_name":"World of Goop","floor":2,"gold_loss":0},{"damage_healed":0,"gold_gain":0,"player_choice":"Entered Light","damage_taken":14,"max_hp_gain":0,"max_hp_loss":0,"event_name":"Shining Light","floor":3,"gold_loss":0,"cards_upgraded":["Strike_B","Strike_B"]},{"cards_removed":["Strike_B"],"damage_healed":0,"gold_gain":0,"player_choice":"Gave Gold","damage_taken":0,"max_hp_gain":0,"max_hp_loss":0,"event_name":"Beggar","floor":19,"gold_loss":75},{"damage_healed":0,"gold_gain":0,"cards_transformed":["Defend_B","Zap"],"player_choice":"Became Test Subject","damage_taken":0,"max_hp_gain":0,"max_hp_loss":0,"event_name":"Drug Dealer","floor":20,"gold_loss":0,"cards_obtained":["Fission","Genetic Algorithm"]},{"damage_healed":0,"gold_gain":0,"player_choice":"Fought Bandits","damage_taken":0,"max_hp_gain":0,"max_hp_loss":0,"event_name":"Masked Bandits","floor":22,"gold_loss":0},{"damage_healed":0,"gold_gain":0,"player_choice":"Fight","damage_taken":0,"max_hp_gain":0,"max_hp_loss":0,"event_name":"Colosseum","floor":23,"gold_loss":0},{"damage_healed":0,"gold_gain":0,"player_choice":"Fled From Nobs","damage_taken":0,"max_hp_gain":0,"max_hp_loss":0,"event_name":"Colosseum","floor":23,"gold_loss":0}],"is_beta":false,"boss_relics":[{"not_picked":["Lizard Tail","Velvet Choker"],"picked":"Black Star"}],"items_purged_floors":[],"is_endless":false,"potions_floor_spawned":[1,11,18],"killed_by":"Snecko","ascension_level":14}