{"gold_per_floor":[119,137,151,131,145,145,176,176,176,203,213,224,224,31,31,136,136,153,153,153,169,11,40,40,60,60,60,60,60,95,95,95,95],"floor_reached":33,"playtime":1197,"items_purged":[],"score":479,"play_id":"b76f5458-d5a7-4c8d-b45c-f1d6f08de5a3","local_time":"20190116160609","is_ascension_mode":true,"campfire_choices":[{"data":"Dagger Spray","floor":6,"key":"SMITH"},{"floor":8,"key":"REST"},{"floor":13,"key":"REST"},{"data":"Malaise","floor":15,"key":"SMITH"},{"data":"Burst","floor":24,"key":"SMITH"},{"floor":27,"key":"REST"},{"floor":32,"key":"REST"}],"neow_cost":"NONE","seed_source_timestamp":1895881735941867,"circlet_count":0,"master_deck":["AscendersBane","Defend_G","Defend_G","Defend_G","Defend_G","Defend_G","Strike_G","Strike_G","Strike_G","Strike_G","Strike_G","Survivor","Neutralize","Blade Dance","Dagger Spray+1","Backflip","Poisoned Stab+1","Malaise+1","Sucker Punch+1","Corpse Explosion","Burst+1"],"relics":["Busted Crown","Sundial","Ornamental Fan","Molten Egg 2","White Beast Statue","Pear","PreservedInsect","Blue Candle","Omamori"],"potions_floor_usage":[7,7,18,23,33,33],"damage_taken":[{"damage":1,"enemies":"Cultist","floor":1,"turns":5},{"damage":6,"enemies":"Jaw Worm","floor":2,"turns":6},{"damage":0,"enemies":"Small Slimes","floor":3,"turns":3},{"damage":13,"enemies":"2 Fungi Beasts","floor":5,"turns":4},{"damage":37,"enemies":"Gremlin Nob","floor":7,"turns":6},{"damage":9,"enemies":"3 Sentries","floor":10,"turns":9},{"damage":0,"enemies":"Blue Slaver","floor":11,"turns":3},{"damage":2,"enemies":"Looter","floor":12,"turns":3},{"damage":3,"enemies":"The Guardian","floor":16,"turns":14},{"damage":15,"enemies":"2 Thieves","floor":18,"turns":3},{"damage":10,"enemies":"Spheric Guardian","floor":21,"turns":6},{"damage":14,"enemies":"Slavers","floor":23,"turns":3},{"damage":10,"enemies":"Chosen and Byrds","floor":25,"turns":8},{"damage":24,"enemies":"Book of Stabbing","floor":30,"turns":8},{"damage":34,"enemies":"Champ","floor":33,"turns":7}],"seed_played":"8082080078878177536","potions_obtained":[{"floor":3,"key":"Dexterity Potion"},{"floor":4,"key":"Swift Potion"},{"floor":7,"key":"Energy Potion"},{"floor":11,"key":"FearPotion"},{"floor":18,"key":"Weak Potion"},{"floor":21,"key":"SteroidPotion"},{"floor":23,"key":"Strength Potion"},{"floor":25,"key":"GhostInAJar"}],"is_trial":false,"path_per_floor":["M","M","M","?","M","R","E","R","T","E","M","M","R","$","R","B",null,"M","?","T","M","$","E","R","M","T","R","?","$","E","$","R","B"],"character_chosen":"THE_SILENT","items_purchased":["Malaise","Sucker Punch+1","Burst"],"campfire_rested":4,"item_purchase_floors":[14,14,22],"current_hp_per_floor":[62,56,56,56,43,43,6,27,27,18,18,16,37,37,37,34,61,46,46,56,46,46,32,32,22,22,46,31,31,7,7,32,0],"gold":95,"neow_bonus":"BOSS_RELIC","is_prod":false,"is_daily":false,"chose_seed":false,"campfire_upgraded":3,"win_rate":0,"timestamp":1547654769,"path_taken":["M","M","?","?","M","R","E","R","T","E","M","M","R","?","R","BOSS","M","?","?","M","$","E","R","?","T","R","?","$","E","?","R","BOSS"],"build_version":"2019-01-10","purchased_purges":0,"victory":false,"max_hp_per_floor":[70,70,70,70,70,70,70,70,70,70,70,70,70,70,70,70,70,70,70,80,80,80,80,80,80,80,80,85,85,85,85,85,85],"card_choices":[{"not_picked":["Underhanded Strike"],"picked":"SKIP","floor":1},{"not_picked":[],"picked":"Blade Dance","floor":2},{"not_picked":[],"picked":"Dagger Spray","floor":3},{"not_picked":["Bane"],"picked":"SKIP","floor":5},{"not_picked":[],"picked":"Backflip","floor":7},{"not_picked":["Venomology"],"picked":"SKIP","floor":10},{"not_picked":["Bane+1"],"picked":"SKIP","floor":11},{"not_picked":[],"picked":"Poisoned Stab+1","floor":12},{"not_picked":[],"picked":"Corpse Explosion","floor":16},{"not_picked":["Backstab+1"],"picked":"SKIP","floor":18},{"not_picked":["Calculated Gamble"],"picked":"SKIP","floor":21},{"not_picked":["Prepared+1"],"picked":"SKIP","floor":23},{"not_picked":["Calculated Gamble"],"picked":"SKIP","floor":25},{"not_picked":["Poisoned Stab+1"],"picked":"SKIP","floor":30}],"player_experience":360696,"relics_obtained":[{"floor":7,"key":"Sundial"},{"floor":9,"key":"Ornamental Fan"},{"floor":10,"key":"Molten Egg 2"},{"floor":20,"key":"Pear"},{"floor":23,"key":"PreservedInsect"},{"floor":26,"key":"Blue Candle"},{"floor":30,"key":"Omamori"}],"event_choices":[{"damage_healed":0,"gold_gain":0,"player_choice":"Bought 1 Potion","damage_taken":0,"max_hp_gain":0,"max_hp_loss":0,"event_name":"The Woman in Blue","floor":4,"gold_loss":0},{"damage_healed":0,"gold_gain":0,"player_choice":"Ignored","damage_taken":0,"max_hp_gain":0,"max_hp_loss":0,"event_name":"Ghosts","floor":19,"gold_loss":0},{"damage_healed":0,"gold_gain":0,"player_choice":"Shed Blood","damage_taken":20,"max_hp_gain":5,"max_hp_loss":0,"event_name":"Forgotten Altar","floor":28,"gold_loss":0}],"is_beta":false,"boss_relics":[{"not_picked":["HoveringKite","Runic Dome"],"picked":"White Beast Statue"}],"items_purged_floors":[],"is_endless":false,"potions_floor_spawned":[3,7,11,18,21,23,25,30],"killed_by":"Champ","ascension_level":11}