{"gold_per_floor":[118,137,137,150,160,160,172,172,172,185,185,185,202,202,202,305,305,286,1,18,31,31,58,8,8],"floor_reached":25,"playtime":1276,"items_purged":[],"score":371,"play_id":"ddf7b70e-f129-47fb-a602-8655fbae614d","local_time":"20190114115821","is_ascension_mode":true,"campfire_choices":[{"data":"Blur","floor":6,"key":"SMITH"},{"data":"Footwork","floor":8,"key":"SMITH"},{"data":"Survivor","floor":15,"key":"SMITH"}],"neow_cost":"NONE","seed_source_timestamp":1708126101023635,"circlet_count":0,"master_deck":["Defend_G","Defend_G","Defend_G+1","Defend_G","Defend_G+1","Strike_G","Strike_G","Strike_G","Strike_G","Strike_G","Survivor+1","Neutralize","Quick Slash","Blur+1","Footwork+1","Predator","Acrobatics","Deflect+1","Sucker Punch","All Out Attack+1","Flying Knee","Dodge and Roll+1","Backflip+1","RitualDagger","Well Laid Plans+1"],"relics":["Coffee Dripper","Frozen Egg 2","Unceasing Top","Eternal Feather","Sundial","Dodecahedron"],"potions_floor_usage":[16,18,18,21,23,25],"damage_taken":[{"damage":4,"enemies":"2 Louse","floor":1,"turns":3},{"damage":6,"enemies":"Jaw Worm","floor":2,"turns":5},{"damage":0,"enemies":"Small Slimes","floor":4,"turns":4},{"damage":0,"enemies":"Exordium Wildlife","floor":5,"turns":5},{"damage":0,"enemies":"Large Slime","floor":7,"turns":6},{"damage":0,"enemies":"Exordium Thugs","floor":10,"turns":5},{"damage":0,"enemies":"3 Louse","floor":13,"turns":5},{"damage":0,"enemies":"The Guardian","floor":16,"turns":18},{"damage":3,"enemies":"2 Thieves","floor":18,"turns":4},{"damage":10,"enemies":"3 Byrds","floor":20,"turns":7},{"damage":6,"enemies":"Sentry and Sphere","floor":21,"turns":8},{"damage":34,"enemies":"Book of Stabbing","floor":23,"turns":9},{"damage":10,"enemies":"Snake Plant","floor":25,"turns":2}],"seed_played":"1055436102519276545","potions_obtained":[{"floor":2,"key":"SneckoOil"},{"floor":4,"key":"Fire Potion"},{"floor":5,"key":"Poison Potion"},{"floor":7,"key":"SkillPotion"},{"floor":16,"key":"SteroidPotion"},{"floor":21,"key":"Fruit Juice"},{"floor":23,"key":"Fire Potion"}],"is_trial":false,"path_per_floor":["M","M","?","M","M","R","M","R","T","M","?","?","M","?","R","B",null,"M","$","M","M","?","E","$","M"],"character_chosen":"THE_SILENT","items_purchased":["Sundial","Flying Knee","AttackPotion"],"campfire_rested":0,"item_purchase_floors":[19,19,24],"current_hp_per_floor":[59,53,39,39,39,39,39,39,39,39,27,27,27,27,27,27,59,56,56,46,45,39,5,5,0],"gold":8,"neow_bonus":"BOSS_RELIC","is_prod":false,"is_daily":false,"chose_seed":false,"campfire_upgraded":3,"win_rate":0,"timestamp":1547467101,"path_taken":["M","M","?","M","M","R","M","R","T","M","?","?","?","?","R","BOSS","M","$","M","M","?","E","$","M"],"build_version":"2019-01-10","purchased_purges":0,"victory":false,"max_hp_per_floor":[70,70,70,70,70,70,70,70,70,70,70,70,70,70,70,70,70,70,70,70,75,75,75,75,75],"card_choices":[{"not_picked":["Acrobatics","Flechettes"],"picked":"Quick Slash","floor":1},{"not_picked":["Outmaneuver","Catalyst"],"picked":"Blur","floor":2},{"not_picked":["Cloak And Dagger","Deadly Poison"],"picked":"Footwork","floor":4},{"not_picked":["Distraction","Corpse Explosion"],"picked":"Predator","floor":5},{"not_picked":["Slice","Bane"],"picked":"Acrobatics","floor":7},{"not_picked":["Reflex","Acrobatics"],"picked":"Deflect","floor":10},{"not_picked":["Blade Dance","PiercingWail"],"picked":"Sucker Punch","floor":13},{"not_picked":["Escape Plan","Dagger Spray"],"picked":"All Out Attack+1","floor":18},{"not_picked":["Sucker Punch","Backstab"],"picked":"Dodge and Roll+1","floor":20},{"not_picked":["Dagger Spray","Footwork+1"],"picked":"Backflip+1","floor":21},{"not_picked":["Dash","Deflect"],"picked":"Well Laid Plans+1","floor":23}],"player_experience":275486,"relics_obtained":[{"floor":9,"key":"Frozen Egg 2"},{"floor":23,"key":"Dodecahedron"}],"event_choices":[{"damage_healed":0,"gold_gain":0,"player_choice":"Entered Light","damage_taken":14,"max_hp_gain":0,"max_hp_loss":0,"event_name":"Shining Light","floor":3,"gold_loss":0,"cards_upgraded":["Defend_G","Defend_G"]},{"damage_healed":0,"gold_gain":0,"player_choice":"Success","damage_taken":12,"relics_obtained":["Unceasing Top"],"max_hp_gain":0,"max_hp_loss":0,"event_name":"Scrap Ooze","floor":11,"gold_loss":0},{"damage_healed":0,"gold_gain":0,"player_choice":"Ignored","damage_taken":0,"max_hp_gain":0,"max_hp_loss":0,"event_name":"Liars Game","floor":12,"gold_loss":0},{"damage_healed":0,"gold_gain":0,"player_choice":"Grow","damage_taken":0,"max_hp_gain":0,"max_hp_loss":0,"event_name":"Living Wall","floor":14,"gold_loss":0,"cards_upgraded":["Deflect"]},{"damage_healed":0,"gold_gain":0,"player_choice":"Joined the Cult","damage_taken":6,"max_hp_gain":0,"max_hp_loss":0,"event_name":"Nest","floor":22,"gold_loss":0,"cards_obtained":["RitualDagger"]}],"is_beta":false,"boss_relics":[{"not_picked":["Philosopher\u0027s Stone","Black Star"],"picked":"Eternal Feather"}],"items_purged_floors":[],"is_endless":false,"potions_floor_spawned":[2,4,5,7,16,21,23],"killed_by":"Snake Plant","ascension_level":8}