{"gold_per_floor":[110,110,130,41,54,119,119,153,153,169,186,27,27,27,27,27],"floor_reached":16,"playtime":649,"items_purged":["Defend_G"],"score":204,"play_id":"c406b477-66ea-48e7-8db2-b515aa6bf1ed","local_time":"20190423125911","is_ascension_mode":true,"campfire_choices":[{"data":"Cloak And Dagger","floor":7,"key":"SMITH"},{"floor":13,"key":"REST"},{"data":"After Image","floor":15,"key":"SMITH"}],"neow_cost":"NONE","seed_source_timestamp":3110827731932834,"circlet_count":0,"master_deck":["AscendersBane","Defend_G","Defend_G","Defend_G","Defend_G","Strike_G","Strike_G","Strike_G","Strike_G","Strike_G","Survivor","Neutralize","Unload+1","Endless Agony","Deflect","After Image+1","Cloak And Dagger+1","Dodge and Roll","Blur"],"relics":["Ring of the Snake","Tiny Chest","Pantograph","Dream Catcher"],"potions_floor_usage":[8,16,16],"damage_taken":[{"damage":0,"enemies":"Jaw Worm","floor":1,"turns":4},{"damage":0,"enemies":"Cultist","floor":3,"turns":4},{"damage":0,"enemies":"2 Louse","floor":5,"turns":2},{"damage":41,"enemies":"Gremlin Nob","floor":6,"turns":6},{"damage":9,"enemies":"Lagavulin","floor":8,"turns":10},{"damage":2,"enemies":"2 Fungi Beasts","floor":10,"turns":4},{"damage":4,"enemies":"Large Slime","floor":11,"turns":5},{"damage":54,"enemies":"Slime Boss","floor":16,"turns":9}],"seed_played":"2615456355411208677","potions_obtained":[{"floor":3,"key":"EssenceOfSteel"},{"floor":8,"key":"Swift Potion"},{"floor":11,"key":"LiquidBronze"}],"is_trial":false,"path_per_floor":["M","?","M","$","M","E","R","E","T","M","M","$","R","$","R","B"],"character_chosen":"THE_SILENT","items_purchased":["After Image","Blur"],"campfire_rested":1,"item_purchase_floors":[4,12],"current_hp_per_floor":[59,59,59,59,59,18,18,9,9,7,3,3,22,22,22,0],"gold":27,"neow_bonus":"ONE_RANDOM_RARE_CARD","is_prod":false,"is_daily":false,"chose_seed":false,"campfire_upgraded":2,"win_rate":0,"timestamp":1556020751,"path_taken":["M","?","M","$","?","E","R","E","T","M","M","$","R","?","R","BOSS"],"build_version":"2019-01-23","purchased_purges":1,"victory":false,"max_hp_per_floor":[66,66,66,66,66,66,66,66,66,66,66,66,66,66,66,66],"card_choices":[{"not_picked":["Dodge and Roll","Bane"],"picked":"Endless Agony","floor":1},{"not_picked":["Dagger Throw","Bane"],"picked":"Deflect","floor":3},{"not_picked":["Dagger Throw","Underhanded Strike","Phantasmal Killer"],"picked":"SKIP","floor":5},{"not_picked":["Bane","Backstab"],"picked":"Cloak And Dagger","floor":6},{"not_picked":["Catalyst","Bane","Outmaneuver"],"picked":"SKIP","floor":8},{"not_picked":["Infinite Blades","Sucker Punch"],"picked":"Dodge and Roll","floor":10},{"not_picked":["Deflect","Prepared","Deadly Poison"],"picked":"SKIP","floor":11}],"player_experience":630202,"relics_obtained":[{"floor":6,"key":"Tiny Chest"},{"floor":8,"key":"Pantograph"},{"floor":9,"key":"Dream Catcher"}],"event_choices":[{"damage_healed":0,"gold_gain":0,"player_choice":"Upgraded","damage_taken":0,"max_hp_gain":0,"max_hp_loss":0,"event_name":"Upgrade Shrine","floor":2,"gold_loss":0,"cards_upgraded":["Unload"]}],"is_beta":false,"boss_relics":[],"items_purged_floors":[12],"is_endless":false,"potions_floor_spawned":[3,8,11],"killed_by":"Slime Boss","ascension_level":17}