{"gold_per_floor":[115,115,132,53,64,64,79,79,79,109,120,120,120,120,120,120],"floor_reached":16,"playtime":408,"items_purged":[],"score":190,"play_id":"ba702f9d-2130-49dc-9f1e-8634cd63cbb7","local_time":"20190426173947","is_ascension_mode":true,"campfire_choices":[{"data":"Blade Dance","floor":6,"key":"SMITH"},{"data":"Bane","floor":8,"key":"SMITH"},{"floor":15,"key":"REST"}],"neow_cost":"NONE","seed_source_timestamp":3387115801521459,"circlet_count":0,"master_deck":["AscendersBane","Defend_G","Defend_G","Defend_G","Defend_G","Strike_G","Strike_G","Strike_G","Strike_G","Strike_G","Survivor","Neutralize","Blade Dance+1","Poisoned Stab","Dagger Throw","Bane+1","Flying Knee","Deadly Poison","Doubt","Backflip","Decay"],"relics":["Cursed Key","Mummified Hand","Kunai","WingedGreaves"],"potions_floor_usage":[10,16],"damage_taken":[{"damage":5,"enemies":"Small Slimes","floor":1,"turns":5},{"damage":0,"enemies":"Cultist","floor":3,"turns":4},{"damage":2,"enemies":"Jaw Worm","floor":5,"turns":2},{"damage":6,"enemies":"Looter","floor":7,"turns":3},{"damage":17,"enemies":"Lagavulin","floor":10,"turns":5},{"damage":18,"enemies":"Large Slime","floor":11,"turns":4},{"damage":42,"enemies":"Slime Boss","floor":16,"turns":7}],"seed_played":"2197034723091636789","potions_obtained":[{"floor":1,"key":"Weak Potion"},{"floor":7,"key":"LiquidBronze"}],"is_trial":false,"path_per_floor":["M","?","M","$","M","R","M","R","T","E","M","T","?","?","R","B"],"character_chosen":"THE_SILENT","items_purchased":["Dagger Throw","Bane"],"campfire_rested":1,"item_purchase_floors":[4,4],"current_hp_per_floor":[54,54,54,54,52,52,46,46,46,29,11,11,11,11,30,0],"gold":120,"neow_bonus":"BOSS_RELIC","is_prod":false,"is_daily":false,"chose_seed":false,"campfire_upgraded":2,"win_rate":0,"timestamp":1556296787,"path_taken":["M","?","M","$","M","R","?","R","T","E","M","?","?","?","R","BOSS"],"build_version":"2019-01-23","purchased_purges":0,"victory":false,"max_hp_per_floor":[66,66,66,66,66,66,66,66,66,66,66,66,66,66,66,66],"card_choices":[{"not_picked":["Footwork","Outmaneuver"],"picked":"Blade Dance","floor":1},{"not_picked":["Backflip","Well Laid Plans"],"picked":"Poisoned Stab","floor":3},{"not_picked":["Predator","Slice"],"picked":"Flying Knee","floor":5},{"not_picked":["Endless Agony","PiercingWail"],"picked":"Deadly Poison","floor":7},{"not_picked":["Deadly Poison","Riddle With Holes","Choke"],"picked":"SKIP","floor":10},{"not_picked":["Heel Hook","Flechettes"],"picked":"Backflip","floor":11}],"player_experience":668947,"relics_obtained":[{"floor":9,"key":"Mummified Hand"},{"floor":10,"key":"Kunai"},{"floor":12,"key":"WingedGreaves"}],"event_choices":[{"cards_removed":["Defend_G"],"damage_healed":0,"gold_gain":0,"player_choice":"Purged","damage_taken":0,"max_hp_gain":0,"max_hp_loss":0,"event_name":"Purifier","floor":2,"gold_loss":0},{"damage_healed":0,"gold_gain":0,"player_choice":"Ignored","damage_taken":0,"max_hp_gain":0,"max_hp_loss":0,"event_name":"Shining Light","floor":13,"gold_loss":0},{"damage_healed":0,"gold_gain":0,"player_choice":"Ignored","damage_taken":0,"max_hp_gain":0,"max_hp_loss":0,"event_name":"Golden Idol","floor":14,"gold_loss":0}],"is_beta":false,"boss_relics":[],"items_purged_floors":[],"is_endless":false,"potions_floor_spawned":[1,7],"killed_by":"Slime Boss","ascension_level":18}