{"gold_per_floor":[114,94,42,62,79,79,79,110,110,153,153,177,177,193,193,282,282,298,331,331,6,20,58,58,58,84,97,42,82,82,118,118,214,214,230,452,12,12,36,36,67,85,85,85,119,119,65,81,81,81],"floor_reached":51,"playtime":2030,"items_purged":[],"score":1477,"play_id":"f8f60fee-77e9-499a-afb1-85655b578eb0","local_time":"20190429152258","is_ascension_mode":true,"campfire_choices":[{"floor":7,"key":"REST"},{"floor":13,"key":"REST"},{"data":"Shrug It Off","floor":15,"key":"SMITH"},{"floor":30,"key":"REST"},{"floor":32,"key":"REST"},{"floor":40,"key":"REST"},{"data":"Thunderclap","floor":44,"key":"SMITH"},{"floor":49,"key":"REST"}],"neow_cost":"NONE","seed_source_timestamp":3636487537361262,"circlet_count":0,"master_deck":["AscendersBane","Strike_R+1","Strike_R+1","Strike_R+1","Strike_R+1","Defend_R+1","Defend_R+1","Defend_R+1","Defend_R+1","Bash","Perfected Strike","Thunderclap+1","Headbutt","Shrug It Off+1","Thunderclap","Shrug It Off","Dropkick+1","Feed+1","Sword Boomerang+1","Armaments+1","Iron Wave+1","Writhe","Rage+1","Intimidate","Reaper+1","Iron Wave+1","Shrug It Off","Writhe","Body Slam+1","Sword Boomerang+1","Twin Strike+1","Body Slam+1"],"relics":["Burning Blood","NeowsBlessing","Golden Idol","Blue Candle","Molten Egg 2","Torii","Du-Vu Doll","Philosopher\u0027s Stone","Red Mask","Shuriken","Dodecahedron","Gambling Chip","Bottled Flame","Blood Vial","Ornamental Fan","Red Skull","Runic Pyramid","War Paint","Juzu Bracelet","Meat on the Bone","Self Forming Clay","Anchor"],"potions_floor_usage":[8,10,22,23,29,31,33,41,50,50],"damage_taken":[{"damage":0,"enemies":"Cultist","floor":1,"turns":1},{"damage":0,"enemies":"Jaw Worm","floor":4,"turns":1},{"damage":0,"enemies":"2 Louse","floor":5,"turns":1},{"damage":34,"enemies":"3 Sentries","floor":8,"turns":7},{"damage":42,"enemies":"Lagavulin","floor":10,"turns":7},{"damage":0,"enemies":"2 Fungi Beasts","floor":12,"turns":2},{"damage":1,"enemies":"Looter","floor":14,"turns":2},{"damage":26,"enemies":"The Guardian","floor":16,"turns":12},{"damage":13,"enemies":"3 Byrds","floor":18,"turns":5},{"damage":30,"enemies":"Masked Bandits","floor":19,"turns":4},{"damage":1,"enemies":"Spheric Guardian","floor":22,"turns":3},{"damage":22,"enemies":"Book of Stabbing","floor":23,"turns":4},{"damage":1,"enemies":"Centurion and Healer","floor":27,"turns":4},{"damage":21,"enemies":"Slavers","floor":29,"turns":4},{"damage":31,"enemies":"Book of Stabbing","floor":31,"turns":4},{"damage":35,"enemies":"Collector","floor":33,"turns":7},{"damage":28,"enemies":"3 Shapes","floor":35,"turns":3},{"damage":0,"enemies":"Orb Walker","floor":39,"turns":2},{"damage":10,"enemies":"Nemesis","floor":41,"turns":5},{"damage":0,"enemies":"Transient","floor":42,"turns":6},{"damage":19,"enemies":"Giant Head","floor":45,"turns":6},{"damage":8,"enemies":"Spire Growth","floor":48,"turns":3},{"damage":35,"enemies":"Time Eater","floor":50,"turns":7}],"seed_played":"-5041559533259931164","potions_obtained":[{"floor":1,"key":"Swift Potion"},{"floor":2,"key":"Poison Potion"},{"floor":4,"key":"AttackPotion"},{"floor":5,"key":"Dexterity Potion"},{"floor":19,"key":"BloodPotion"},{"floor":22,"key":"Poison Potion"},{"floor":29,"key":"GamblersBrew"},{"floor":33,"key":"Fruit Juice"},{"floor":42,"key":"GamblersBrew"},{"floor":45,"key":"PowerPotion"}],"is_trial":false,"path_per_floor":["M","?","$","M","M","?","R","E","T","E","T","M","R","M","R","B",null,"M","?","?","$","M","E","?","T","T","M","$","E","R","E","R","B",null,"M","?","$","?","M","R","E","M","T","R","E","?","$","M","R","B",null],"character_chosen":"IRONCLAD","items_purchased":["Thunderclap","Shuriken","Iron Wave+1","Explosive Potion","War Paint","Juzu Bracelet","Shrug It Off","AttackPotion","PowerPotion"],"campfire_rested":6,"item_purchase_floors":[3,21,21,28,37,37,37,37,47],"current_hp_per_floor":[74,74,74,75,75,49,71,43,43,7,7,13,35,40,40,20,61,58,38,38,38,51,35,35,35,35,46,46,37,64,41,68,46,84,68,68,68,88,96,100,100,100,100,100,91,91,91,95,108,79],"gold":81,"neow_bonus":"THREE_ENEMY_KILL","is_prod":false,"is_daily":false,"chose_seed":false,"campfire_upgraded":2,"win_rate":0,"timestamp":1556547778,"path_taken":["M","?","?","?","M","?","R","E","T","E","?","M","R","M","R","BOSS","M","?","?","$","M","E","?","?","T","M","$","E","R","E","R","BOSS","M","?","?","?","M","R","E","M","T","R","E","?","$","M","R","BOSS"],"build_version":"2019-01-23","purchased_purges":0,"victory":true,"max_hp_per_floor":[75,75,75,75,75,75,75,75,75,75,75,75,75,75,75,75,75,79,83,83,83,83,83,83,83,83,87,87,91,91,91,91,96,96,100,100,100,100,100,100,100,100,100,100,104,104,104,108,108,108],"card_choices":[{"not_picked":["Combust","Heavy Blade"],"picked":"Perfected Strike","floor":1},{"not_picked":["Seeing Red","Anger"],"picked":"Headbutt","floor":4},{"not_picked":["Heavy Blade","Iron Wave"],"picked":"Shrug It Off","floor":5},{"not_picked":["Headbutt","Clothesline"],"picked":"Thunderclap","floor":8},{"not_picked":["Rampage+1","Intimidate"],"picked":"Shrug It Off","floor":10},{"not_picked":["Uppercut+1","Heavy Blade+1","Shockwave"],"picked":"SKIP","floor":12},{"not_picked":["Combust","Wild Strike+1"],"picked":"Dropkick+1","floor":14},{"not_picked":["Juggernaut","Offering"],"picked":"Feed+1","floor":16},{"not_picked":["Heavy Blade+1","True Grit"],"picked":"Sword Boomerang+1","floor":18},{"not_picked":["Havoc+1","Inflame"],"picked":"Armaments","floor":19},{"not_picked":["Dual Wield","Sever Soul+1","Clothesline+1"],"picked":"SKIP","floor":22},{"not_picked":["Brutality","Dark Embrace","Barricade"],"picked":"SKIP","floor":23},{"not_picked":["Sever Soul+1","Clothesline+1"],"picked":"Rage","floor":27},{"not_picked":["Burning Pact","Headbutt+1","Combust"],"picked":"SKIP","floor":29},{"not_picked":["Heavy Blade+1","Entrench"],"picked":"Intimidate","floor":31},{"not_picked":["Exhume","Fiend Fire+1"],"picked":"Reaper+1","floor":33},{"not_picked":["Havoc","Flex+1"],"picked":"Iron Wave+1","floor":35},{"not_picked":["Entrench","Sever Soul+1"],"picked":"Body Slam+1","floor":39},{"not_picked":["Clash+1","Flex","Second Wind+1"],"picked":"SKIP","floor":41},{"not_picked":["Shrug It Off","True Grit+1"],"picked":"Sword Boomerang+1","floor":42},{"not_picked":["Armaments","Juggernaut"],"picked":"Twin Strike+1","floor":45},{"not_picked":["Dropkick+1","Searing Blow+1"],"picked":"Body Slam+1","floor":48}],"player_experience":726863,"relics_obtained":[{"floor":8,"key":"Blue Candle"},{"floor":9,"key":"Molten Egg 2"},{"floor":10,"key":"Torii"},{"floor":11,"key":"Du-Vu Doll"},{"floor":19,"key":"Red Mask"},{"floor":23,"key":"Dodecahedron"},{"floor":25,"key":"Bottled Flame"},{"floor":26,"key":"Blood Vial"},{"floor":29,"key":"Ornamental Fan"},{"floor":31,"key":"Red Skull"},{"floor":41,"key":"Meat on the Bone"},{"floor":43,"key":"Self Forming Clay"},{"floor":45,"key":"Anchor"}],"event_choices":[{"damage_healed":0,"gold_gain":0,"player_choice":"Bought 1 Potion","damage_taken":0,"max_hp_gain":0,"max_hp_loss":0,"event_name":"The Woman in Blue","floor":2,"gold_loss":0},{"damage_healed":0,"gold_gain":0,"player_choice":"Take Damage","damage_taken":26,"relics_obtained":["Golden Idol"],"max_hp_gain":0,"max_hp_loss":0,"event_name":"Golden Idol","floor":6,"gold_loss":0},{"damage_healed":0,"gold_gain":0,"player_choice":"Fought Bandits","damage_taken":0,"max_hp_gain":0,"max_hp_loss":0,"event_name":"Masked Bandits","floor":19,"gold_loss":0},{"damage_healed":0,"gold_gain":0,"player_choice":"Simplicity","damage_taken":0,"max_hp_gain":0,"max_hp_loss":0,"event_name":"Back to Basics","floor":20,"gold_loss":0,"cards_upgraded":["Strike_R","Strike_R","Strike_R","Strike_R","Strike_R","Defend_R","Defend_R","Defend_R","Defend_R"]},{"damage_healed":0,"gold_gain":0,"player_choice":"Opened","damage_taken":0,"relics_obtained":["Gambling Chip"],"max_hp_gain":0,"max_hp_loss":0,"event_name":"The Mausoleum","floor":24,"gold_loss":0,"cards_obtained":["Writhe"]},{"damage_healed":0,"gold_gain":222,"player_choice":"Wore Mask","damage_taken":0,"max_hp_gain":0,"max_hp_loss":0,"event_name":"Tomb of Lord Red Mask","floor":36,"gold_loss":0},{"damage_healed":20,"gold_gain":0,"player_choice":"Writhe","damage_taken":0,"max_hp_gain":0,"max_hp_loss":0,"event_name":"Winding Halls","floor":38,"gold_loss":0,"cards_obtained":["Writhe"]},{"cards_removed":["Strike_R"],"damage_healed":0,"gold_gain":0,"player_choice":"Removed Attack","damage_taken":0,"max_hp_gain":0,"max_hp_loss":0,"event_name":"Falling","floor":46,"gold_loss":0}],"is_beta":false,"boss_relics":[{"not_picked":["Cursed Key","Black Star"],"picked":"Philosopher\u0027s Stone"},{"not_picked":["Snecko Eye","Black Blood"],"picked":"Runic Pyramid"}],"items_purged_floors":[],"is_endless":false,"potions_floor_spawned":[1,4,5,19,22,29,33,42,45,48],"ascension_level":19}