{"gold_per_floor":[110,285,285,133,147,178,178,196,196,196,211,211,211,235,235,358,358,343,361,361],"floor_reached":20,"playtime":1533,"items_purged":["Doubt"],"score":199,"play_id":"487f4ca8-698d-4b5c-9182-1dbe3181f9dc","local_time":"20181119234348","is_ascension_mode":false,"campfire_choices":[{"data":"Go for the Eyes","floor":7.0,"key":"SMITH"},{"data":"Zap","floor":10.0,"key":"SMITH"},{"data":"Stack","floor":12.0,"key":"SMITH"},{"data":"Fusion","floor":15.0,"key":"SMITH"}],"neow_cost":"NONE","seed_source_timestamp":0,"circlet_count":0,"master_deck":["Strike_B","Strike_B","Strike_B","Defend_B","Defend_B","Defend_B","Defend_B","Zap+1","Dualcast","Ball Lightning","Capacitor","Lockon","Go for the Eyes+1","Auto Shields","Stack+1","Iron Wave","Fusion+1","Echo Form","Loop+1","Force Field"],"special_seed":0,"relics":["Cracked Core","NeowsBlessing","Golden Idol","Bottled Flame","Sundial","Snecko Eye"],"potions_floor_usage":[18],"damage_taken":[{"damage":0.0,"enemies":"Small Slimes","floor":1.0,"turns":1.0},{"damage":0.0,"enemies":"Cultist","floor":5.0,"turns":1.0},{"damage":0.0,"enemies":"Gremlin Nob","floor":6.0,"turns":1.0},{"damage":0.0,"enemies":"2 Louse","floor":8.0,"turns":2.0},{"damage":5.0,"enemies":"Blue Slaver","floor":11.0,"turns":3.0},{"damage":0.0,"enemies":"Red Slaver","floor":14.0,"turns":3.0},{"damage":32.0,"enemies":"Slime Boss","floor":16.0,"turns":11.0},{"damage":17,"enemies":"2 Thieves","floor":18,"turns":4},{"damage":41,"enemies":"3 Byrds","floor":19,"turns":7},{"damage":13,"enemies":"Centurion and Healer","floor":20,"turns":2}],"seed_played":"-8814594498354813930","potions_obtained":[{"floor":5.0,"key":"SkillPotion"},{"floor":8.0,"key":"Fire Potion"},{"floor":11.0,"key":"Energy Potion"},{"floor":16.0,"key":"Strength Potion"},{"floor":19,"key":"Fire Potion"}],"is_trial":false,"path_per_floor":["M","?","?","$","M","E","R","M","T","R","M","R","?","M","R","B",null,"M","M","M"],"character_chosen":"DEFECT","items_purchased":["Capacitor"],"campfire_rested":0,"item_purchase_floors":[4],"current_hp_per_floor":[75,75,69,69,69,69,69,69,69,69,64,64,64,64,64,32,69,52,11,0],"gold":361,"neow_bonus":"THREE_ENEMY_KILL","is_prod":false,"is_daily":false,"chose_seed":false,"campfire_upgraded":4,"win_rate":0,"timestamp":1542689028,"path_taken":["M","?","?","$","M","E","R","M","T","R","M","R","?","M","R","BOSS","M","M","M"],"build_version":"2018-11-15","purchased_purges":1,"victory":false,"max_hp_per_floor":[75,75,69,69,69,69,69,69,69,69,69,69,69,69,69,69,69,69,69,69],"card_choices":[{"not_picked":["Rebound","Gash"],"picked":"Ball Lightning","floor":1.0},{"not_picked":["Steam Power","Streamline"],"picked":"Lockon","floor":5.0},{"not_picked":["Double Energy","Gash"],"picked":"Go for the Eyes","floor":6.0},{"not_picked":["Lockon","Steam Power"],"picked":"Auto Shields","floor":8.0},{"not_picked":["Go for the Eyes","Cold Snap"],"picked":"Stack","floor":11.0},{"not_picked":["Stack","Force Field"],"picked":"Fusion","floor":14.0},{"not_picked":["Biased Cognition","Creative AI"],"picked":"Echo Form","floor":16.0},{"not_picked":["Turbo","Go for the Eyes"],"picked":"Loop+1","floor":18},{"not_picked":["Go for the Eyes","Hello World+1"],"picked":"Force Field","floor":19}],"player_experience":339995,"relics_obtained":[{"floor":6.0,"key":"Bottled Flame"},{"floor":9.0,"key":"Sundial"}],"event_choices":[{"damage_healed":0.0,"max_hp_gain":0.0,"max_hp_loss":0.0,"gold_gain":175.0,"event_name":"Liars Game","player_choice":"AGREE","floor":2.0,"gold_loss":0.0,"damage_taken":0.0,"cards_obtained":["Doubt"]},{"damage_healed":0.0,"max_hp_gain":0.0,"max_hp_loss":6.0,"gold_gain":0.0,"event_name":"Golden Idol","player_choice":"Lose Max HP","floor":3.0,"gold_loss":0.0,"damage_taken":0.0,"relics_obtained":["Golden Idol"]},{"cards_removed":["Strike_B"],"damage_healed":0.0,"max_hp_gain":0.0,"max_hp_loss":0.0,"gold_gain":0.0,"event_name":"NoteForYourself","player_choice":"Took Card","floor":13.0,"gold_loss":0.0,"damage_taken":0.0,"cards_obtained":["Iron Wave"]}],"is_beta":false,"boss_relics":[{"not_picked":["Runic Dome","Empty Cage"],"picked":"Snecko Eye"}],"items_purged_floors":[4],"is_endless":false,"potions_floor_spawned":[5,8,11,16,19],"killed_by":"Centurion and Healer","ascension_level":0}