{"path_per_floor":["M","?","M","?","$","E","R","E","T","$","M","R","T","M","R","B",null,"M","M","M","?","?","R","M"],"character_chosen":"IRONCLAD","items_purchased":[],"gold_per_floor":[110,110,128,128,53,82,82,116,116,16,35,35,88,108,108,203,203,214,229,245,245,245,245,261],"floor_reached":25,"campfire_rested":1,"playtime":1572,"current_hp_per_floor":[80,80,78,78,78,52,52,44,44,44,45,72,79,72,72,34,97,85,38,36,36,36,36,24],"items_purged":["Regret","Strike_R"],"gold":261,"play_id":"8adbf169-c78c-4045-896f-70310d069821","is_prod":false,"is_daily":false,"campfire_rituals":0,"campfire_upgraded":3,"is_hardmode":false,"path_taken":["M","?","M","?","?","E","R","E","T","$","?","R","?","M","R","BOSS","M","?","M","?","?","R","M","M"],"build_version":"2018-01-11-PROD2","purchased_purges":2,"victory":false,"master_deck":["Strike_R","Strike_R","Strike_R","Strike_R","Defend_R","Defend_R","Defend_R","Defend_R","Bash","Flex","Cleave","Rampage","Flex","Armaments","Double Tap","Warcry","Cleave","Evolve"],"max_hp_per_floor":[80,80,80,80,80,80,80,90,90,90,90,90,97,97,97,97,97,97,97,97,97,97,97,97],"relics":["Burning Blood","Happy Flower","Orichalcum","Bag of Marbles","Pear","Ancient Tea Set","Strawberry"],"campfire_meditates":0,"card_choices":[{"not_picked":["Warcry","Perfected Strike"],"picked":"Flex"},{"not_picked":["Wild Strike","Intimidate"],"picked":"Cleave"},{"not_picked":["Shrug It Off","Pommel Strike"],"picked":"Rampage"},{"not_picked":["True Grit","Havoc"],"picked":"Flex"},{"not_picked":["True Grit","Power Through"],"picked":"Armaments"},{"not_picked":["Juggernaut","Reaper"],"picked":"Double Tap"},{"not_picked":["Armaments","Sword Boomerang"],"picked":"Warcry"},{"not_picked":["Armaments","Havoc"],"picked":"Cleave"},{"not_picked":["Flex","Sentinel"],"picked":"Evolve"}],"player_experience":261177,"potions_floor_usage":[6,16,24,25,25],"damage_taken":[{"damage":0,"enemies":"Small Slimes","floor":1,"turns":4},{"damage":8,"enemies":"Blue Slaver","floor":3,"turns":5},{"damage":32,"enemies":"Lagavulin","floor":6,"turns":8},{"damage":24,"enemies":"Gremlin Nob","floor":8,"turns":4},{"damage":5,"enemies":"Jaw Worm","floor":11,"turns":2},{"damage":13,"enemies":"Large Slime","floor":14,"turns":7},{"damage":44,"enemies":"Hexaghost","floor":16,"turns":8},{"damage":18,"enemies":"2 Thieves","floor":18,"turns":4},{"damage":53,"enemies":"3 Byrds","floor":19,"turns":8},{"damage":8,"enemies":"Snecko","floor":20,"turns":5},{"damage":18,"enemies":"3 Cultists","floor":24,"turns":5},{"damage":36,"enemies":"Slaver and Parasite","floor":25,"turns":5}],"event_choices":[{"event_name":"Wheel of Change","player_choice":"Full Heal","floor":2,"damage_taken":0},{"event_name":"Big Fish","player_choice":"Box","floor":4,"damage_taken":0},{"event_name":"Vampires","player_choice":"Ignored","floor":21,"damage_taken":0},{"event_name":"The Lab","player_choice":"Got Potions","floor":22,"damage_taken":0}],"boss_relics":[{"not_picked":["Sozu","Pandora\u0027s Box","Ectoplasm"]}],"potions_floor_spawned":[1,14,16,18,19],"seed_played":"4771533512726231450","killed_by":"Slaver and Parasite","is_trial":false}