{"gold_per_floor":[109,109,109,125,145,145,170,190,190,190,203,203,215,235,235,235],"floor_reached":16,"playtime":502,"items_purged":[],"score":198,"play_id":"b1a73de0-ff66-4f0f-81c9-ef622fe82fad","local_time":"20190426152421","is_ascension_mode":true,"campfire_choices":[{"data":"Body Slam","floor":6,"key":"SMITH"},{"floor":10,"key":"REST"},{"data":"Body Slam","floor":15,"key":"SMITH"}],"neow_cost":"NONE","seed_source_timestamp":3378896008079525,"circlet_count":0,"master_deck":["AscendersBane","Strike_R+1","Strike_R","Strike_R","Strike_R","Strike_R","Defend_R+1","Defend_R","Defend_R","Defend_R","Bash","Body Slam","Battle Trance","Pommel Strike","Body Slam+1","Armaments+1","Shrug It Off+1","Warcry+1","Sentinel+1","Body Slam+1","Warcry+1"],"relics":["Burning Blood","PreservedInsect","Prayer Wheel","Toxic Egg 2","Champion Belt"],"potions_floor_usage":[7,13,16],"damage_taken":[{"damage":12,"enemies":"Small Slimes","floor":1,"turns":6},{"damage":2,"enemies":"Jaw Worm","floor":4,"turns":4},{"damage":2,"enemies":"2 Louse","floor":5,"turns":3},{"damage":25,"enemies":"Lagavulin","floor":7,"turns":4},{"damage":3,"enemies":"Blue Slaver","floor":8,"turns":4},{"damage":0,"enemies":"Red Slaver","floor":11,"turns":2},{"damage":0,"enemies":"Exordium Wildlife","floor":13,"turns":4},{"damage":13,"enemies":"Blue Slaver","floor":14,"turns":4},{"damage":40,"enemies":"Slime Boss","floor":16,"turns":8}],"seed_played":"-8356019952675864964","potions_obtained":[{"floor":1,"key":"SkillPotion"},{"floor":11,"key":"Block Potion"},{"floor":14,"key":"Swift Potion"}],"is_trial":false,"path_per_floor":["M","?","?","M","M","R","E","M","T","R","M","?","M","M","R","B"],"character_chosen":"IRONCLAD","items_purchased":[],"campfire_rested":1,"item_purchase_floors":[],"current_hp_per_floor":[62,44,21,25,29,29,10,13,13,35,41,41,47,40,40,0],"gold":235,"neow_bonus":"RANDOM_COMMON_RELIC","is_prod":false,"is_daily":false,"chose_seed":false,"campfire_upgraded":2,"win_rate":0,"timestamp":1556288661,"path_taken":["M","?","?","?","M","R","E","M","T","R","M","?","M","M","R","BOSS"],"build_version":"2019-01-23","purchased_purges":0,"victory":false,"max_hp_per_floor":[75,75,75,75,75,75,75,75,75,75,75,75,75,75,75,75],"card_choices":[{"not_picked":["Fire Breathing","Second Wind"],"picked":"Body Slam","floor":1},{"not_picked":["Second Wind","Pummel"],"picked":"Battle Trance","floor":4},{"not_picked":["Sword Boomerang","Body Slam","Sentinel"],"picked":"SKIP","floor":4},{"not_picked":["True Grit","Thunderclap"],"picked":"Pommel Strike","floor":5},{"not_picked":["Clash","Pommel Strike"],"picked":"Body Slam","floor":5},{"not_picked":["Shrug It Off","Rupture"],"picked":"Armaments","floor":7},{"not_picked":["Anger","Dual Wield+1"],"picked":"Shrug It Off+1","floor":8},{"not_picked":["Thunderclap","Carnage","Iron Wave"],"picked":"SKIP","floor":8},{"not_picked":["Infernal Blade+1","Evolve"],"picked":"Warcry+1","floor":11},{"not_picked":["Thunderclap","Immolate","Sword Boomerang"],"picked":"SKIP","floor":11},{"not_picked":["Warcry+1","Rupture"],"picked":"Sentinel+1","floor":13},{"not_picked":["Flame Barrier+1","Wild Strike"],"picked":"Body Slam","floor":13},{"not_picked":["Iron Wave","Heavy Blade"],"picked":"Warcry+1","floor":14},{"not_picked":["Blood for Blood","Evolve","Heavy Blade"],"picked":"SKIP","floor":14}],"player_experience":662163,"relics_obtained":[{"floor":7,"key":"Toxic Egg 2"},{"floor":9,"key":"Champion Belt"}],"event_choices":[{"damage_healed":0,"gold_gain":0,"player_choice":"Success","damage_taken":18,"relics_obtained":["Prayer Wheel"],"max_hp_gain":0,"max_hp_loss":0,"event_name":"Scrap Ooze","floor":2,"gold_loss":0},{"damage_healed":0,"gold_gain":0,"player_choice":"Entered Light","damage_taken":23,"max_hp_gain":0,"max_hp_loss":0,"event_name":"Shining Light","floor":3,"gold_loss":0,"cards_upgraded":["Defend_R","Strike_R"]},{"damage_healed":0,"gold_gain":0,"player_choice":"Ignored","damage_taken":0,"max_hp_gain":0,"max_hp_loss":0,"event_name":"Golden Idol","floor":12,"gold_loss":0}],"is_beta":false,"boss_relics":[],"items_purged_floors":[],"is_endless":false,"potions_floor_spawned":[1,11,14],"killed_by":"Slime Boss","ascension_level":18}