{"path_per_floor":["M","?","M","T","?","$","M","M","T","M","E","R","M","M","R","B",null,"M","M","$","M","T","R","E","R","T","M","M"],"character_chosen":"THE_SILENT","items_purchased":["Well Laid Plans","Ornamental Fan","Bane","Caltrops"],"gold_per_floor":[119,119,136,161,161,85,101,118,118,128,160,160,177,195,195,299,299,315,329,2,19,44,44,78,78,78,98,113],"floor_reached":29,"campfire_rested":3,"playtime":1921,"current_hp_per_floor":[68,68,68,75,75,75,75,75,75,71,65,65,47,25,48,30,77,54,44,44,39,39,62,26,52,52,25,15],"items_purged":[],"gold":113,"play_id":"0b3aaa07-1474-4a87-a905-14775cb2e090","is_prod":false,"is_daily":false,"campfire_rituals":0,"campfire_upgraded":1,"is_hardmode":false,"path_taken":["M","?","M","?","?","?","M","M","T","?","E","R","M","M","R","BOSS","M","M","$","M","?","R","E","R","T","M","M","M"],"build_version":"2017-12-21-PROD1","purchased_purges":0,"victory":false,"master_deck":["Defend_G","Defend_G","Defend_G","Defend_G","Defend_G","Strike_G","Strike_G","Strike_G","Strike_G","Survivor","Neutralize","Catalyst","Bouncing Flask","Blade Dance","Well Laid Plans","Poisoned Stab","Quick Slash","Prepared","Envenom","Infinite Blades","Phantasmal Killer","Finisher","Poisoned Stab","Bane","Caltrops","Finisher","Parasite","Noxious Fumes","Blade Dance","Poisoned Stab","Decay","Choke","Outmaneuver"],"max_hp_per_floor":[70,70,70,77,77,77,77,77,77,77,77,77,77,77,77,77,77,77,77,77,77,77,77,87,87,87,87,87],"relics":["Ring of the Snake","Molten Egg","Strawberry","Tingsha","Vajra","Cursed Key","Ornamental Fan","Dream Catcher","Pear","Unceasing Top"],"campfire_meditates":0,"card_choices":[{"not_picked":["Poisoned Stab","Corpse Explosion"],"picked":"Catalyst"},{"not_picked":["Dagger Throw","PiercingWail"],"picked":"Bouncing Flask"},{"not_picked":["Quick Slash","Well Laid Plans"],"picked":"Poisoned Stab"},{"not_picked":["Deflect","Underhanded Strike"],"picked":"Quick Slash"},{"not_picked":["Dodge and Roll","Endless Agony"],"picked":"Prepared"},{"not_picked":["Leg Sweep","Noxious Fumes"],"picked":"Envenom"},{"not_picked":["Dagger Spray","Flechettes"],"picked":"Infinite Blades"},{"not_picked":["Doppelganger","Glass Knife"],"picked":"Phantasmal Killer"},{"not_picked":["Leg Sweep","Masterful Stab"],"picked":"Finisher"},{"not_picked":["Dagger Throw","Heel Hook"],"picked":"Poisoned Stab"},{"not_picked":["Riddle With Holes","PiercingWail"],"picked":"Finisher"},{"not_picked":["Leg Sweep","Blur"],"picked":"Noxious Fumes"},{"not_picked":["Poisoned Stab","Sucker Punch"],"picked":"Blade Dance"},{"not_picked":["Slice","Backflip"],"picked":"Poisoned Stab"},{"not_picked":["Caltrops","Blur"],"picked":"Choke"},{"not_picked":["Heel Hook","PiercingWail"],"picked":"Outmaneuver"}],"player_experience":76690,"potions_floor_usage":[11,18,24,28,29],"damage_taken":[{"damage":2,"enemies":"Looter","floor":1,"turns":4},{"damage":0,"enemies":"Cultist","floor":3,"turns":5},{"damage":0,"enemies":"Jaw Worm","floor":7,"turns":3},{"damage":0,"enemies":"Red Slaver","floor":8,"turns":3},{"damage":4,"enemies":"2 Fungi Beasts","floor":10,"turns":3},{"damage":6,"enemies":"Lagavulin","floor":11,"turns":5},{"damage":18,"enemies":"Exordium Wildlife","floor":13,"turns":4},{"damage":22,"enemies":"Exordium Thugs","floor":14,"turns":4},{"damage":18,"enemies":"The Guardian","floor":16,"turns":8},{"damage":23,"enemies":"Spheric Guardian","floor":18,"turns":5},{"damage":10,"enemies":"3 Byrds","floor":19,"turns":4},{"damage":5,"enemies":"Snake Plant","floor":21,"turns":3},{"damage":61,"enemies":"Gremlin Leader","floor":24,"turns":5},{"damage":27,"enemies":"Sentry and Sphere","floor":27,"turns":5},{"damage":10,"enemies":"Snecko","floor":28,"turns":5},{"damage":23,"enemies":"Centurion and Healer","floor":29,"turns":2}],"event_choices":[{"event_name":"The Cleric","player_choice":"Leave","floor":2,"damage_taken":0},{"event_name":"Transmorgrifier","player_choice":"Transform","floor":5,"damage_taken":0}],"boss_relics":[{"not_picked":["Sozu","Tiny House"],"picked":"Cursed Key"}],"potions_floor_spawned":[1,10,14,21,27,28],"seed_played":"6361602170752906396","killed_by":"Centurion and Healer","is_trial":false}