{"gold_per_floor":[118,130,32,32,107,134,151,180,215,227,256,268,17,29,29,29],"floor_reached":16,"playtime":602,"items_purged":[],"score":160,"play_id":"254ce5d9-e7df-4a9e-8f94-3dd0587809df","local_time":"20190114164609","is_ascension_mode":true,"campfire_choices":[{"floor":10,"key":"REST"},{"data":"Shrug It Off","floor":15,"key":"SMITH"}],"neow_cost":"NONE","seed_source_timestamp":1726069183153521,"circlet_count":0,"master_deck":["Strike_R","Strike_R","Strike_R","Strike_R","Defend_R+1","Defend_R+1","Defend_R","Defend_R","Bash","Shockwave","Shrug It Off+1","Anger","Battle Trance","Flex"],"relics":["Burning Blood","Vajra","Singing Bowl","Du-Vu Doll","MawBank","War Paint","Matryoshka"],"potions_floor_usage":[8],"damage_taken":[{"damage":6,"enemies":"Cultist","floor":1,"turns":4},{"damage":7,"enemies":"2 Louse","floor":2,"turns":3},{"damage":21,"enemies":"Gremlin Nob","floor":6,"turns":4},{"damage":12,"enemies":"Small Slimes","floor":7,"turns":3},{"damage":30,"enemies":"Lagavulin","floor":8,"turns":4},{"damage":10,"enemies":"Red Slaver","floor":11,"turns":3},{"damage":6,"enemies":"Exordium Wildlife","floor":14,"turns":3},{"damage":47,"enemies":"The Guardian","floor":16,"turns":12}],"seed_played":"-7892684832331711316","potions_obtained":[{"floor":7,"key":"AttackPotion"},{"floor":8,"key":"Energy Potion"},{"floor":14,"key":"EssenceOfSteel"}],"is_trial":false,"path_per_floor":["M","M","$","T","?","E","M","E","T","R","M","?","$","M","R","B"],"character_chosen":"IRONCLAD","items_purchased":["Shrug It Off","Anger","Matryoshka","Flex"],"campfire_rested":1,"item_purchase_floors":[3,3,13,13],"current_hp_per_floor":[72,71,71,71,60,47,43,21,21,46,44,44,44,46,46,0],"gold":29,"neow_bonus":"RANDOM_COMMON_RELIC","is_prod":false,"is_daily":false,"chose_seed":false,"campfire_upgraded":1,"win_rate":0,"timestamp":1547484369,"path_taken":["M","?","?","?","?","E","M","E","T","R","M","?","$","?","R","BOSS"],"build_version":"2019-01-10","purchased_purges":0,"victory":false,"max_hp_per_floor":[80,80,80,80,80,82,84,86,86,86,88,88,88,90,90,90],"card_choices":[{"not_picked":["Twin Strike","Fire Breathing"],"picked":"Shockwave","floor":1},{"not_picked":["Power Through","Blood for Blood","Havoc"],"picked":"SKIP","floor":2},{"not_picked":["Warcry","Perfected Strike","Armaments"],"picked":"Singing Bowl","floor":6},{"not_picked":["Intimidate","Combust","Evolve"],"picked":"Singing Bowl","floor":7},{"not_picked":["Pummel","Heavy Blade","Evolve"],"picked":"Singing Bowl","floor":8},{"not_picked":["Seeing Red","Entrench","Rage"],"picked":"Singing Bowl","floor":11},{"not_picked":["Wild Strike","Heavy Blade","Headbutt"],"picked":"Singing Bowl","floor":14}],"player_experience":291939,"relics_obtained":[{"floor":4,"key":"Singing Bowl"},{"floor":6,"key":"Du-Vu Doll"},{"floor":8,"key":"MawBank"},{"floor":9,"key":"War Paint"}],"event_choices":[{"damage_healed":0,"gold_gain":75,"player_choice":"Gather Gold","damage_taken":11,"max_hp_gain":0,"max_hp_loss":0,"event_name":"World of Goop","floor":5,"gold_loss":0},{"damage_healed":0,"gold_gain":0,"cards_transformed":["Strike_R"],"player_choice":"Transformed","damage_taken":0,"max_hp_gain":0,"max_hp_loss":0,"event_name":"Transmorgrifier","floor":12,"gold_loss":0,"cards_obtained":["Battle Trance"]}],"is_beta":false,"boss_relics":[],"items_purged_floors":[],"is_endless":false,"potions_floor_spawned":[7,8,14],"killed_by":"The Guardian","ascension_level":9}