{"path_per_floor":["M","$","?","M","T","R","?","R","T","?","E","M","R","E","R","B",null,"M","?","M","M","M","E","R","M","T","?","M","T","R","M","R","B",null,"M","M","$","M","M","E","?","T","T","R","E","R","?","M","R","B"],"character_chosen":"IRONCLAD","items_purchased":["Pen Nib","Anchor","Regal Pillow","Dexterity Potion"],"gold_per_floor":[118,43,43,58,58,58,58,88,142,142,176,193,193,224,224,323,323,342,342,353,371,387,422,422,435,435,435,445,471,471,485,485,584,584,601,617,30,46,65,97,142,142,188,188,223,523,523,543,543,543],"floor_reached":51,"campfire_rested":0,"playtime":3281,"current_hp_per_floor":[80,80,90,90,90,90,90,90,90,90,53,60,60,58,58,75,92,84,84,71,66,57,34,41,47,47,47,55,55,55,59,59,67,107,93,86,86,81,85,75,72,72,72,72,85,85,85,98,98,73],"items_purged":["Strike_R","Strike_R"],"gold":543,"play_id":"86a33873-d43a-41e8-800f-f50cb6a8ca97","is_prod":false,"is_daily":false,"campfire_rituals":0,"campfire_upgraded":0,"is_hardmode":false,"path_taken":["M","$","?","M","?","R","?","R","T","?","E","?","R","E","R","BOSS","M","?","?","M","M","E","R","M","T","?","M","?","R","M","R","BOSS","M","M","$","M","M","E","?","?","T","R","E","R","?","M","R","BOSS"],"build_version":"2018-01-18-PROD4","purchased_purges":2,"victory":true,"master_deck":["Strike_R","Strike_R","Strike_R","Defend_R","Defend_R","Defend_R","Defend_R","Bash","Iron Wave","Battle Trance","Whirlwind","Berserk","Iron Wave","Spot Weakness","Body Slam","Flame Barrier","Body Slam","Pommel Strike","Battle Trance","Inflame","Iron Wave","Inflame"],"max_hp_per_floor":[80,80,90,90,90,90,90,90,90,90,90,92,92,92,92,92,92,92,92,92,92,94,96,103,103,103,103,105,105,105,105,105,107,107,107,109,109,109,111,111,113,113,113,113,113,113,113,115,115,115],"relics":["Black Blood","Shovel","Pear","Ginger","Ancient Tea Set","Spirit Poop","Tiny Chest","Singing Bowl","Toxic Egg","Shuriken","Pantograph","Orichalcum","Runic Dome","Bag of Preparation","Strawberry","Calipers","War Paint","Self Forming Clay","Oddly Smooth Stone","Pen Nib","Anchor","Regal Pillow","Omamori","Magic Flower","Dream Catcher","Vajra","Paper Frog","Prayer Wheel","Old Coin","Meat on the Bone"],"campfire_meditates":0,"card_choices":[{"not_picked":["Disarm","Bloodletting"],"picked":"Battle Trance"},{"not_picked":["Disarm","Twin Strike"],"picked":"Whirlwind"},{"not_picked":["Brutality","Bludgeon"],"picked":"Berserk"},{"not_picked":["Wild Strike","Flex"],"picked":"Iron Wave"},{"not_picked":["Heavy Blade","Iron Wave"],"picked":"Body Slam"},{"not_picked":["Armaments","Combust"],"picked":"Flame Barrier"},{"not_picked":["Sword Boomerang","Havoc"],"picked":"Body Slam"},{"not_picked":["Uppercut","Flex"],"picked":"Pommel Strike"},{"not_picked":["Perfected Strike","Rage"],"picked":"Battle Trance"},{"not_picked":["Whirlwind","Searing Blow"],"picked":"Inflame"},{"not_picked":["Cleave","Perfected Strike"],"picked":"Iron Wave"},{"not_picked":["Heavy Blade","Cleave"],"picked":"Inflame"}],"player_experience":312751,"potions_floor_usage":[14,16,20,22,28,33,40,45,45,48,50,50],"damage_taken":[{"damage":1,"enemies":"Jaw Worm","floor":1,"turns":5},{"damage":3,"enemies":"2 Louse","floor":4,"turns":4},{"damage":43,"enemies":"3 Sentries","floor":11,"turns":12},{"damage":1,"enemies":"Cultist","floor":12,"turns":4},{"damage":8,"enemies":"Lagavulin","floor":14,"turns":5},{"damage":14,"enemies":"Slime Boss","floor":16,"turns":8},{"damage":14,"enemies":"Shell Parasite","floor":18,"turns":6},{"damage":19,"enemies":"Spheric Guardian","floor":20,"turns":4},{"damage":11,"enemies":"Chosen and Byrds","floor":21,"turns":5},{"damage":17,"enemies":"3 Cultists","floor":22,"turns":5},{"damage":31,"enemies":"Gremlin Leader","floor":23,"turns":6},{"damage":0,"enemies":"Snecko","floor":25,"turns":5},{"damage":0,"enemies":"Snake Plant","floor":28,"turns":3},{"damage":2,"enemies":"3 Cultists","floor":31,"turns":5},{"damage":25,"enemies":"Collector","floor":33,"turns":9},{"damage":24,"enemies":"3 Darklings","floor":35,"turns":6},{"damage":19,"enemies":"3 Shapes","floor":36,"turns":5},{"damage":15,"enemies":"Sphere and 2 Shapes","floor":38,"turns":5},{"damage":8,"enemies":"4 Shapes","floor":39,"turns":5},{"damage":20,"enemies":"Giant Head","floor":40,"turns":7},{"damage":15,"enemies":"Mysterious Sphere","floor":41,"turns":5},{"damage":2,"enemies":"2 Orb Walkers","floor":45,"turns":5},{"damage":4,"enemies":"Maw","floor":48,"turns":5},{"damage":75,"enemies":"Donu and Deca","floor":50,"turns":8}],"event_choices":[{"event_name":"Big Fish","player_choice":"Box","floor":3,"damage_taken":0},{"event_name":"Bonfire Elementals","player_choice":"CURSE","floor":7,"damage_taken":0},{"event_name":"Match and Keep!","player_choice":"2 cards matched","floor":10,"damage_taken":0},{"event_name":"The Library","player_choice":"Read","floor":19,"damage_taken":0},{"event_name":"Fountain of Cleansing","player_choice":"Removed Curse","floor":27,"damage_taken":0},{"event_name":"Mysterious Sphere","player_choice":"Fight","floor":41,"damage_taken":0}],"boss_relics":[{"not_picked":["Velvet Choker","Eternal Feather"],"picked":"Runic Dome"},{"not_picked":["Tiny House","Lizard Tail"],"picked":"Black Blood"}],"potions_floor_spawned":[12,14,18,20,25,31,39,40,41,45,48],"seed_played":"3288743113126038644","is_trial":false}