{"gold_per_floor":[109,109,56,56,72,72,84,84,84,84,99,133,133,148,148,148],"floor_reached":16,"playtime":413,"items_purged":[],"score":195,"play_id":"68cd6b9e-4f26-43a6-86e8-fcb0ecff2ef9","local_time":"20190427204339","is_ascension_mode":true,"campfire_choices":[{"data":"Body Slam","floor":6,"key":"SMITH"},{"data":"Headbutt","floor":10,"key":"SMITH"},{"data":"Battle Trance","floor":13,"key":"SMITH"},{"data":"Iron Wave","floor":15,"key":"SMITH"}],"neow_cost":"NONE","seed_source_timestamp":3484547475162034,"circlet_count":0,"master_deck":["AscendersBane","Strike_R","Strike_R","Defend_R+1","Defend_R","Defend_R","Defend_R+1","Bash","Sword Boomerang","Body Slam+1","Battle Trance+1","Headbutt+1","Iron Wave+1"],"relics":["Empty Cage","Bottled Lightning","Question Card"],"potions_floor_usage":[12,16,16],"damage_taken":[{"damage":12,"enemies":"Jaw Worm","floor":1,"turns":3},{"damage":8,"enemies":"Small Slimes","floor":5,"turns":4},{"damage":0,"enemies":"Cultist","floor":7,"turns":3},{"damage":3,"enemies":"Blue Slaver","floor":11,"turns":3},{"damage":8,"enemies":"Gremlin Nob","floor":12,"turns":3},{"damage":0,"enemies":"2 Fungi Beasts","floor":14,"turns":3},{"damage":39,"enemies":"Hexaghost","floor":16,"turns":7}],"seed_played":"6936114528635219402","potions_obtained":[{"floor":5,"key":"SteroidPotion"},{"floor":11,"key":"PowerPotion"},{"floor":12,"key":"AttackPotion"}],"is_trial":false,"path_per_floor":["M","?","$","?","M","R","M","?","T","R","M","E","R","M","R","B"],"character_chosen":"IRONCLAD","items_purchased":["Body Slam"],"campfire_rested":0,"item_purchase_floors":[3],"current_hp_per_floor":[56,33,33,58,50,50,50,50,50,50,47,39,39,39,39,0],"gold":148,"neow_bonus":"BOSS_RELIC","is_prod":false,"is_daily":false,"chose_seed":false,"campfire_upgraded":4,"win_rate":0,"timestamp":1556394219,"path_taken":["M","?","$","?","M","R","M","?","T","R","?","E","R","M","R","BOSS"],"build_version":"2019-01-23","purchased_purges":0,"victory":false,"max_hp_per_floor":[75,75,75,75,75,75,75,75,75,75,75,75,75,75,75,75],"card_choices":[{"not_picked":["Feel No Pain","True Grit"],"picked":"Sword Boomerang","floor":1},{"not_picked":["Anger","Havoc"],"picked":"Battle Trance","floor":5},{"not_picked":["Fire Breathing","Sentinel"],"picked":"Headbutt","floor":7},{"not_picked":["Sword Boomerang","Twin Strike","Rupture"],"picked":"SKIP","floor":11},{"not_picked":["Second Wind","Clash","Infernal Blade"],"picked":"SKIP","floor":12},{"not_picked":["Twin Strike","Havoc","Hemokinesis"],"picked":"Iron Wave","floor":14}],"player_experience":716659,"relics_obtained":[{"floor":9,"key":"Bottled Lightning"},{"floor":12,"key":"Question Card"}],"event_choices":[{"damage_healed":0,"gold_gain":0,"player_choice":"Entered Light","damage_taken":23,"max_hp_gain":0,"max_hp_loss":0,"event_name":"Shining Light","floor":2,"gold_loss":0,"cards_upgraded":["Defend_R","Defend_R"]},{"damage_healed":25,"gold_gain":0,"player_choice":"Banana","damage_taken":0,"max_hp_gain":0,"max_hp_loss":0,"event_name":"Big Fish","floor":4,"gold_loss":0},{"cards_removed":["Strike_R"],"damage_healed":0,"gold_gain":0,"player_choice":"Purged","damage_taken":0,"max_hp_gain":0,"max_hp_loss":0,"event_name":"Purifier","floor":8,"gold_loss":0}],"is_beta":false,"boss_relics":[],"items_purged_floors":[],"is_endless":false,"potions_floor_spawned":[5,11,12],"killed_by":"Hexaghost","ascension_level":19}