{"gold_per_floor":[119,137,87,87,101,135,135,165,165,165,185,201,201,201,201,298,298,313,313],"floor_reached":19,"playtime":2581,"items_purged":[],"score":212,"play_id":"78d6973a-5ad8-4c6a-97b1-747d3c0957d4","local_time":"20190118230631","is_ascension_mode":true,"campfire_choices":[{"data":"Noxious Fumes","floor":7,"key":"SMITH"},{"data":"Neutralize","floor":10,"key":"SMITH"},{"data":"Distraction","floor":13,"key":"SMITH"},{"data":"Calculated Gamble","floor":15,"key":"SMITH"}],"neow_cost":"NONE","seed_source_timestamp":1425917030067556,"circlet_count":0,"master_deck":["Defend_G","Defend_G","Defend_G","Defend_G","Defend_G","Strike_G","Strike_G","Strike_G","Strike_G","Survivor","Neutralize+1","Noxious Fumes+1","Dagger Throw","Dash","Backflip","Calculated Gamble+1","Distraction+1","Well Laid Plans","Grand Finale","Dodge and Roll","PiercingWail","Footwork","Tactician","Calculated Gamble","Terror+1"],"relics":["Ring of the Snake","Pear","Gremlin Horn","Pen Nib","Orrery"],"potions_floor_usage":[5,6,6,8],"damage_taken":[{"damage":0,"enemies":"Cultist","floor":1,"turns":4},{"damage":3,"enemies":"Jaw Worm","floor":2,"turns":4},{"damage":1,"enemies":"Small Slimes","floor":5,"turns":3},{"damage":10,"enemies":"Lagavulin","floor":6,"turns":7},{"damage":20,"enemies":"Gremlin Nob","floor":8,"turns":5},{"damage":0,"enemies":"Looter","floor":11,"turns":3},{"damage":8,"enemies":"Large Slime","floor":12,"turns":8},{"damage":22,"enemies":"The Guardian","floor":16,"turns":12},{"damage":21,"enemies":"2 Thieves","floor":18,"turns":4},{"damage":68,"enemies":"Masked Bandits","floor":19,"turns":3}],"seed_played":"-6633508836656502946","potions_obtained":[{"floor":0,"key":"SpeedPotion"},{"floor":0,"key":"SpeedPotion"},{"floor":0,"key":"SkillPotion"},{"floor":1,"key":"Swift Potion"},{"floor":5,"key":"GamblersBrew"}],"is_trial":false,"path_per_floor":["M","M","?","?","M","E","R","E","T","R","M","M","R","?","R","B",null,"M","?"],"character_chosen":"THE_SILENT","items_purchased":[],"campfire_rested":0,"item_purchase_floors":[],"current_hp_per_floor":[70,67,67,70,69,69,69,49,49,49,49,41,41,29,29,7,80,59,0],"gold":313,"neow_bonus":"THREE_SMALL_POTIONS","is_prod":false,"is_daily":false,"chose_seed":false,"campfire_upgraded":4,"win_rate":0,"timestamp":1547874391,"path_taken":["M","M","?","?","M","E","R","E","T","R","M","?","R","?","R","BOSS","M","?"],"build_version":"2019-01-17v2","purchased_purges":0,"victory":false,"max_hp_per_floor":[70,70,70,70,70,80,80,80,80,80,80,80,80,80,80,80,80,80,80],"card_choices":[{"not_picked":["Finisher","Poisoned Stab"],"picked":"Noxious Fumes","floor":1},{"not_picked":["Prepared","Blade Dance"],"picked":"Dagger Throw","floor":2},{"not_picked":["Heel Hook","Cloak And Dagger"],"picked":"Dash","floor":5},{"not_picked":["Masterful Stab","Choke"],"picked":"Backflip","floor":6},{"not_picked":["Acrobatics","Deflect"],"picked":"Calculated Gamble","floor":8},{"not_picked":["Acrobatics","Sucker Punch"],"picked":"Distraction","floor":11},{"not_picked":["Quick Slash","Bane"],"picked":"Well Laid Plans","floor":12},{"not_picked":["Glass Knife","Bullet Time"],"picked":"Grand Finale","floor":16},{"not_picked":["Deflect","Sucker Punch"],"picked":"Dodge and Roll","floor":17},{"not_picked":["Slice","Setup"],"picked":"PiercingWail","floor":17},{"not_picked":["Deflect","Cloak And Dagger"],"picked":"Footwork","floor":17},{"not_picked":["Setup","PiercingWail"],"picked":"Tactician","floor":17},{"not_picked":["Outmaneuver","Blade Dance"],"picked":"Calculated Gamble","floor":17},{"not_picked":["Quick Slash","Unload"],"picked":"Terror+1","floor":18}],"player_experience":173558,"relics_obtained":[{"floor":6,"key":"Pear"},{"floor":8,"key":"Gremlin Horn"}],"event_choices":[{"cards_removed":["Strike_G"],"damage_healed":0,"gold_gain":0,"player_choice":"Card Removal","damage_taken":0,"max_hp_gain":0,"max_hp_loss":0,"event_name":"The Cleric","floor":3,"gold_loss":50},{"damage_healed":3,"gold_gain":0,"player_choice":"Full Heal","damage_taken":0,"max_hp_gain":0,"max_hp_loss":0,"event_name":"Wheel of Change","floor":4,"gold_loss":0},{"damage_healed":0,"gold_gain":0,"player_choice":"Success","damage_taken":12,"relics_obtained":["Pen Nib"],"max_hp_gain":0,"max_hp_loss":0,"event_name":"Scrap Ooze","floor":14,"gold_loss":0},{"damage_healed":0,"gold_gain":0,"player_choice":"Fought Bandits","damage_taken":0,"max_hp_gain":0,"max_hp_loss":0,"event_name":"Masked Bandits","floor":19,"gold_loss":0}],"is_beta":false,"boss_relics":[{"not_picked":["Eternal Feather","White Beast Statue"],"picked":"Orrery"}],"items_purged_floors":[],"is_endless":false,"potions_floor_spawned":[1,5],"killed_by":"Masked Bandits","ascension_level":4}