{"gold_per_floor":[109,10,26,26,44,44,109,79,79,79,79],"floor_reached":11,"playtime":238,"items_purged":["Pain"],"score":98,"play_id":"15d1e913-2a89-4687-beac-0bc3122c538e","local_time":"20190117183920","is_ascension_mode":true,"campfire_choices":[{"data":"Pommel Strike","floor":6,"key":"SMITH"}],"neow_cost":"NONE","seed_source_timestamp":1992433329669980,"circlet_count":0,"master_deck":["AscendersBane","Strike_R","Strike_R","Strike_R","Strike_R","Strike_R","Defend_R","Defend_R","Defend_R","Defend_R","Bash","Regret","Writhe","Pommel Strike+1","True Grit","Shrug It Off","Thunderclap","Shrug It Off","True Grit"],"relics":["Calling Bell","Regal Pillow","Question Card","Unceasing Top","Pear","The Courier"],"potions_floor_usage":[7,11],"damage_taken":[{"damage":11,"enemies":"Small Slimes","floor":1,"turns":4},{"damage":15,"enemies":"Jaw Worm","floor":3,"turns":2},{"damage":8,"enemies":"Cultist","floor":5,"turns":3},{"damage":54,"enemies":"Gremlin Nob","floor":7,"turns":5},{"damage":13,"enemies":"Looter","floor":8,"turns":4},{"damage":10,"enemies":"3 Louse","floor":11,"turns":1}],"seed_played":"-800388137087637489","potions_obtained":[{"floor":5,"key":"LiquidBronze"},{"floor":7,"key":"EssenceOfSteel"}],"is_trial":false,"path_per_floor":["M","$","M","?","M","R","?","M","T","?","M"],"character_chosen":"IRONCLAD","items_purchased":["True Grit"],"campfire_rested":0,"item_purchase_floors":[2],"current_hp_per_floor":[61,61,46,72,64,64,20,7,7,7,0],"gold":79,"neow_bonus":"BOSS_RELIC","is_prod":false,"is_daily":false,"chose_seed":false,"campfire_upgraded":1,"win_rate":0,"timestamp":1547750360,"path_taken":["M","$","M","?","M","R","?","M","T","?","?"],"build_version":"2019-01-10","purchased_purges":1,"victory":false,"max_hp_per_floor":[80,80,80,80,80,80,90,90,90,90,90],"card_choices":[{"not_picked":["Armaments","Pummel","Havoc"],"picked":"Pommel Strike","floor":1},{"not_picked":["Hemokinesis","Perfected Strike","Pummel"],"picked":"Shrug It Off","floor":3},{"not_picked":["Perfected Strike","Whirlwind","Feel No Pain"],"picked":"Thunderclap","floor":5},{"not_picked":["Carnage","Thunderclap","Warcry"],"picked":"Shrug It Off","floor":7},{"not_picked":["Pommel Strike","Headbutt","Barricade"],"picked":"True Grit","floor":8}],"player_experience":393205,"relics_obtained":[{"floor":0,"key":"Regal Pillow"},{"floor":0,"key":"Question Card"},{"floor":0,"key":"Unceasing Top"},{"floor":7,"key":"Pear"},{"floor":9,"key":"The Courier"}],"event_choices":[{"damage_healed":26,"gold_gain":0,"player_choice":"Banana","damage_taken":0,"max_hp_gain":0,"max_hp_loss":0,"event_name":"Big Fish","floor":4,"gold_loss":0},{"damage_healed":0,"gold_gain":0,"player_choice":"Searched \u00271\u0027 times","damage_taken":0,"max_hp_gain":0,"max_hp_loss":0,"event_name":"Dead Adventurer","floor":7,"gold_loss":0},{"damage_healed":0,"gold_gain":0,"player_choice":"Ignored","damage_taken":0,"max_hp_gain":0,"max_hp_loss":0,"event_name":"Shining Light","floor":10,"gold_loss":0}],"is_beta":false,"boss_relics":[],"items_purged_floors":[2],"is_endless":false,"potions_floor_spawned":[5,7],"killed_by":"3 Louse","ascension_level":12}