{"gold_per_floor":[113,113,113,124,136,136,136,146,146,146,1,1,13,28,28,123,123,97,112,112,112,27,27,39,49,49,83,5,5,18,35,35,35],"floor_reached":33,"playtime":4546,"items_purged":[],"score":426,"play_id":"031df296-f6e3-4a81-90f2-8a83998fa903","local_time":"20190115170246","is_ascension_mode":true,"campfire_choices":[{"data":"Neutralize","floor":6,"key":"SMITH"},{"data":"Strike_G","floor":12,"key":"SMITH"},{"data":"Skewer","floor":15,"key":"SMITH"},{"floor":23,"key":"DIG"},{"floor":29,"key":"DIG"},{"floor":32,"key":"DIG"}],"neow_cost":"NONE","seed_source_timestamp":1809517567321438,"circlet_count":0,"master_deck":["AscendersBane","Defend_G","Defend_G","Defend_G+1","Defend_G+1","Defend_G","Strike_G","Strike_G+1","Strike_G","Strike_G","Strike_G","Survivor","Neutralize+1","Deflect","Dodge and Roll+1","Deadly Poison+1","Parasite","PiercingWail+1","Skewer+1","Bullet Time+1","Backflip+1","PiercingWail+1","Predator","Deflect+1","Deflect+1","Backflip+1","Noxious Fumes","Acrobatics+1","Adrenaline+1","Crippling Poison+1","Cloak And Dagger+1","Cloak And Dagger+1","Sucker Punch"],"relics":["Coffee Dripper","Toxic Egg 2","War Paint","Bronze Scales","Orrery","Shovel","Enchiridion","The Specimen","Shuriken","Smiling Mask","Potion Belt","Centennial Puzzle","Bottled Flame"],"potions_floor_usage":[8,8,16,24,31,31,31,33],"damage_taken":[{"damage":3,"enemies":"2 Louse","floor":1,"turns":3},{"damage":3,"enemies":"Jaw Worm","floor":4,"turns":5},{"damage":0,"enemies":"Cultist","floor":5,"turns":5},{"damage":7,"enemies":"Exordium Thugs","floor":8,"turns":5},{"damage":2,"enemies":"Blue Slaver","floor":13,"turns":3},{"damage":0,"enemies":"3 Louse","floor":14,"turns":3},{"damage":30,"enemies":"Hexaghost","floor":16,"turns":11},{"damage":10,"enemies":"2 Thieves","floor":18,"turns":5},{"damage":6,"enemies":"Spheric Guardian","floor":19,"turns":6},{"damage":12,"enemies":"Centurion and Healer","floor":24,"turns":6},{"damage":9,"enemies":"Cultist and Chosen","floor":25,"turns":8},{"damage":0,"enemies":"Book of Stabbing","floor":27,"turns":6},{"damage":0,"enemies":"Chosen and Byrds","floor":30,"turns":6},{"damage":0,"enemies":"Shelled Parasite and Fungi","floor":31,"turns":4},{"damage":19,"enemies":"Champ","floor":33,"turns":11}],"seed_played":"-996034278213114199","potions_obtained":[{"floor":1,"key":"AttackPotion"},{"floor":5,"key":"Dexterity Potion"},{"floor":13,"key":"GhostInAJar"},{"floor":18,"key":"FearPotion"},{"floor":25,"key":"Explosive Potion"},{"floor":30,"key":"Regen Potion"},{"floor":31,"key":"FearPotion"}],"is_trial":false,"path_per_floor":["M","?","?","M","M","R","?","M","T","?","$","R","M","M","R","B",null,"M","M","?","?","?","R","M","M","T","E","$","R","M","M","R","B"],"character_chosen":"THE_SILENT","items_purchased":["Bronze Scales","Strength Potion","Cloak And Dagger+1"],"campfire_rested":0,"item_purchase_floors":[11,28,28],"current_hp_per_floor":[60,60,27,24,24,24,41,34,34,39,39,39,37,37,37,7,58,48,42,42,26,26,26,14,5,5,5,5,5,5,19,19,0],"gold":35,"neow_bonus":"BOSS_RELIC","is_prod":false,"is_daily":false,"chose_seed":false,"campfire_upgraded":3,"win_rate":0,"timestamp":1547571766,"path_taken":["M","?","?","?","M","R","?","M","T","?","?","R","?","M","R","BOSS","M","M","?","?","?","R","M","M","T","E","$","R","M","M","R","BOSS"],"build_version":"2019-01-10","purchased_purges":0,"victory":false,"max_hp_per_floor":[70,70,70,70,70,70,70,70,70,75,75,75,75,75,75,75,75,75,75,75,75,75,75,75,75,75,75,75,75,75,75,75,75],"card_choices":[{"not_picked":["Bane","All Out Attack"],"picked":"Deflect","floor":1},{"not_picked":["Escape Plan+1","PiercingWail+1"],"picked":"Dodge and Roll+1","floor":4},{"not_picked":["Prepared+1","Quick Slash"],"picked":"Deadly Poison+1","floor":5},{"not_picked":["Acrobatics+1","Slice"],"picked":"PiercingWail+1","floor":8},{"not_picked":["Underhanded Strike","Expertise+1"],"picked":"Skewer","floor":13},{"not_picked":["Acrobatics+1","Flying Knee","Prepared+1"],"picked":"SKIP","floor":14},{"not_picked":["Grand Finale","Glass Knife"],"picked":"Bullet Time+1","floor":16},{"not_picked":["Footwork","PiercingWail+1"],"picked":"Backflip+1","floor":17},{"not_picked":["Dagger Throw","Slice"],"picked":"PiercingWail+1","floor":17},{"not_picked":["Tactician+1","Flechettes"],"picked":"Predator","floor":17},{"not_picked":["Endless Agony","Underhanded Strike"],"picked":"Deflect+1","floor":17},{"not_picked":["Setup+1","Blade Dance+1"],"picked":"Deflect+1","floor":17},{"not_picked":["Sucker Punch","Calculated Gamble+1"],"picked":"Backflip+1","floor":18},{"not_picked":["Backstab","Flying Knee"],"picked":"Noxious Fumes","floor":19},{"not_picked":["Dash","Concentrate+1"],"picked":"Acrobatics+1","floor":24},{"not_picked":["Calculated Gamble+1","Sucker Punch"],"picked":"Adrenaline+1","floor":25},{"not_picked":["Bane","Underhanded Strike"],"picked":"Crippling Poison+1","floor":27},{"not_picked":["Flying Knee","Reflex+1"],"picked":"Cloak And Dagger+1","floor":30},{"not_picked":["Poisoned Stab","Deflect+1"],"picked":"Sucker Punch","floor":31}],"player_experience":325764,"relics_obtained":[{"floor":9,"key":"War Paint"},{"floor":21,"key":"Enchiridion"},{"floor":23,"key":"Shuriken"},{"floor":26,"key":"Smiling Mask"},{"floor":27,"key":"Potion Belt"},{"floor":29,"key":"Centennial Puzzle"},{"floor":32,"key":"Bottled Flame"}],"event_choices":[{"damage_healed":0,"gold_gain":0,"player_choice":"Ignored","damage_taken":0,"max_hp_gain":0,"max_hp_loss":0,"event_name":"Golden Idol","floor":2,"gold_loss":0},{"damage_healed":0,"gold_gain":0,"player_choice":"Success","damage_taken":33,"relics_obtained":["Toxic Egg 2"],"max_hp_gain":0,"max_hp_loss":0,"event_name":"Scrap Ooze","floor":3,"gold_loss":0},{"damage_healed":17,"gold_gain":0,"player_choice":"Healed and dodged fight","damage_taken":0,"max_hp_gain":0,"max_hp_loss":0,"event_name":"Mushrooms","floor":7,"gold_loss":0,"cards_obtained":["Parasite"]},{"damage_healed":0,"gold_gain":0,"player_choice":"Donut","damage_taken":0,"max_hp_gain":5,"max_hp_loss":0,"event_name":"Big Fish","floor":10,"gold_loss":0},{"damage_healed":0,"gold_gain":0,"player_choice":"Opened","damage_taken":0,"relics_obtained":["Shovel"],"max_hp_gain":0,"max_hp_loss":0,"event_name":"The Mausoleum","floor":20,"gold_loss":0},{"damage_healed":0,"gold_gain":0,"player_choice":"Obtained Book","damage_taken":16,"max_hp_gain":0,"max_hp_loss":0,"event_name":"Cursed Tome","floor":21,"gold_loss":0},{"damage_healed":0,"gold_gain":0,"player_choice":"Obtained Relic","damage_taken":0,"relics_obtained":["The Specimen"],"max_hp_gain":0,"max_hp_loss":0,"event_name":"Addict","floor":22,"gold_loss":85}],"is_beta":false,"boss_relics":[{"not_picked":["Runic Dome","Ectoplasm"],"picked":"Orrery"}],"items_purged_floors":[],"is_endless":false,"potions_floor_spawned":[1,5,13,18,25,30,31],"killed_by":"Champ","ascension_level":10}