{"path_per_floor":["M","?","M","M","M","E","R","E","T","R","$","M","R","?","R","B",null,"M","?","?","$","M","E","R","E","T","M","?","$","M","M","R","B",null,"M","M","?","M","?","R","M","E","T","?","$","M","?","M","R","B"],"character_chosen":"THE_SILENT","items_purchased":["Underhanded Strike","Underhanded Strike","Prepared","Shuriken"],"gold_per_floor":[117,117,133,145,161,187,187,217,217,217,91,107,107,107,107,203,203,213,213,213,61,81,108,108,134,160,177,77,28,38,50,50,154,154,170,182,182,197,248,248,260,289,338,338,81,98,0,19,19,19],"floor_reached":51,"campfire_rested":4,"playtime":5719,"current_hp_per_floor":[75,50,50,59,41,15,38,12,12,35,35,35,58,58,58,41,77,77,77,77,77,73,73,73,73,73,74,74,74,73,72,72,73,79,76,78,78,70,49,83,85,82,82,82,82,72,72,73,73,70],"items_purged":["Catalyst","Choke"],"gold":19,"play_id":"920f7ed0-7bdd-4a0e-ac1a-eded3cd49918","is_prod":false,"is_daily":false,"campfire_rituals":0,"campfire_upgraded":4,"is_hardmode":false,"path_taken":["M","?","?","M","M","E","R","E","T","R","$","M","R","?","R","BOSS","M","?","?","$","M","E","R","E","T","?","?","$","M","M","R","BOSS","M","M","?","M","?","R","M","E","T","?","$","M","?","M","R","BOSS"],"build_version":"2018-01-11-PROD2","purchased_purges":2,"victory":true,"master_deck":["Survivor","Neutralize","Cloak And Dagger","Terror","Venomology","Tactician","Underhanded Strike","Backflip","Acrobatics","Adrenaline","PiercingWail","Underhanded Strike","Sucker Punch","Slice","Slice","Slice","Dagger Spray","Masterful Stab","Underhanded Strike","Blur","Acrobatics","Dagger Spray","Reflex","J.A.X.","Prepared","Well Laid Plans","Calculated Gamble","Prepared","Blur","Blur","Deflect","Reflex","Underhanded Strike","Cloak And Dagger","Acrobatics","Acrobatics"],"max_hp_per_floor":[77,77,77,77,77,77,77,77,77,77,77,77,77,77,77,77,77,77,77,77,77,77,77,77,77,77,77,77,77,77,77,77,79,79,79,79,79,81,83,83,85,87,87,87,87,87,87,89,89,89],"relics":["Ring of the Snake","Matryoshka","Tingsha","Dream Catcher","Thread and Needle","Dodecahedron","Pandora\u0027s Box","Singing Bowl","Regal Pillow","Bag of Preparation","Mummified Hand","Blood Vial","Orrery","Frozen Eye","Oddly Smooth Stone","Art of War","Shuriken","Red Mask"],"campfire_meditates":0,"card_choices":[{"not_picked":["Backstab","Slice"],"picked":"Catalyst"},{"not_picked":["Flechettes","Reflex"],"picked":"Cloak And Dagger"},{"not_picked":["Slice","Acrobatics"],"picked":"Terror"},{"not_picked":["Masterful Stab","Underhanded Strike"],"picked":"Venomology"},{"not_picked":["Prepared","Masterful Stab"],"picked":"Tactician"},{"not_picked":["PiercingWail","Blade Dance"],"picked":"Backflip"},{"not_picked":["Cloak And Dagger","Deflect"],"picked":"Acrobatics"},{"not_picked":["Phantasmal Killer","Wraith Form"],"picked":"Adrenaline"},{"not_picked":["Malaise","Finisher"],"picked":"Masterful Stab"},{"not_picked":["Setup","Poisoned Stab"],"picked":"Blur"},{"not_picked":["Backflip","Slice"],"picked":"Acrobatics"},{"not_picked":["Backflip","Envenom"],"picked":"Dagger Spray"},{"not_picked":["Terror","Bouncing Flask"],"picked":"Reflex"},{"not_picked":["Slice","Catalyst"],"picked":"Well Laid Plans"},{"not_picked":["Quick Slash","Finisher"],"picked":"Calculated Gamble"},{"not_picked":["Flechettes","All Out Attack"],"picked":"Prepared"},{"not_picked":["Bane","Dagger Throw"],"picked":"Blur"},{"not_picked":["Bouncing Flask","Dagger Spray"],"picked":"Blur"},{"not_picked":["Poisoned Stab","Heel Hook"],"picked":"Deflect"},{"not_picked":["Backflip","Flying Knee"],"picked":"Reflex"},{"not_picked":["Glass Knife","Cloak And Dagger"],"picked":"Underhanded Strike"},{"not_picked":["Flying Knee","Sucker Punch"],"picked":"Cloak And Dagger"},{"not_picked":["Skewer","Poisoned Stab"],"picked":"Acrobatics"},{"not_picked":["Cloak And Dagger","Backflip"],"picked":"Acrobatics"}],"player_experience":263925,"potions_floor_usage":[4,6,6,6,8,16,16,16,23,23,31,33,38,38,39,39,41,41,42,46,48,50,50,50],"damage_taken":[{"damage":2,"enemies":"Cultist","floor":1,"turns":5},{"damage":0,"enemies":"2 Louse","floor":3,"turns":2},{"damage":3,"enemies":"Blue Slaver","floor":4,"turns":6},{"damage":18,"enemies":"Gremlin Gang","floor":5,"turns":8},{"damage":26,"enemies":"Lagavulin","floor":6,"turns":10},{"damage":26,"enemies":"Gremlin Nob","floor":8,"turns":5},{"damage":0,"enemies":"Looter","floor":12,"turns":4},{"damage":32,"enemies":"Hexaghost","floor":16,"turns":16},{"damage":0,"enemies":"Spheric Guardian","floor":18,"turns":3},{"damage":4,"enemies":"2 Thieves","floor":22,"turns":3},{"damage":0,"enemies":"Slavers","floor":23,"turns":5},{"damage":0,"enemies":"Book of Stabbing","floor":25,"turns":4},{"damage":1,"enemies":"3 Cultists","floor":27,"turns":3},{"damage":3,"enemies":"Centurion and Healer","floor":30,"turns":3},{"damage":3,"enemies":"Snake Plant","floor":31,"turns":3},{"damage":3,"enemies":"Collector","floor":33,"turns":6},{"damage":3,"enemies":"3 Darklings","floor":35,"turns":4},{"damage":0,"enemies":"Orb Walker","floor":36,"turns":3},{"damage":14,"enemies":"Sphere and 2 Shapes","floor":38,"turns":6},{"damage":31,"enemies":"Mysterious Sphere","floor":39,"turns":4},{"damage":0,"enemies":"3 Darklings","floor":41,"turns":4},{"damage":5,"enemies":"2 Orb Walkers","floor":42,"turns":6},{"damage":12,"enemies":"4 Shapes","floor":46,"turns":3},{"damage":3,"enemies":"Maw","floor":48,"turns":5},{"damage":5,"enemies":"Donu and Deca","floor":50,"turns":7}],"event_choices":[{"event_name":"Scrap Ooze","player_choice":"success","floor":2,"damage_taken":25},{"event_name":"The Lab","player_choice":"Got Potions","floor":14,"damage_taken":0},{"event_name":"The Mausoleum","player_choice":"Yes","floor":19,"damage_taken":0},{"event_name":"Back to Basics","player_choice":"Elegance","floor":20,"damage_taken":0},{"event_name":"Drug Dealer","player_choice":"Got JAXXED","floor":28,"damage_taken":0},{"event_name":"Mysterious Sphere","player_choice":"Fight","floor":39,"damage_taken":0},{"event_name":"Upgrade Shrine","player_choice":"Upgraded","floor":44,"damage_taken":0},{"event_name":"Tomb of Lord Red Mask","player_choice":"Paid","floor":47,"damage_taken":0}],"boss_relics":[{"not_picked":["Ectoplasm","The Specimen"],"picked":"Pandora\u0027s Box"},{"not_picked":["Sozu","Runic Pyramid"],"picked":"Orrery"}],"potions_floor_spawned":[1,3,5,22,27,30,38,39,41,42,46],"seed_played":"5754119472192337383","is_trial":false}