{"gold_per_floor":[117,117,133,153,171,205,220,220,268,86,101,136,136,136,136,241,241,255,154,154,167,179,179,179,12,63,75,75,75,90,104,104,199,199,213,230,230,81,94,94,110,110],"floor_reached":42,"playtime":3518,"items_purged":["Defend_B","Genetic Algorithm"],"score":512,"play_id":"187158b5-72d4-4ca3-9039-aeae151fbe1c","local_time":"20190420145023","is_ascension_mode":false,"campfire_choices":[{"data":"Coolheaded","floor":8,"key":"SMITH"},{"floor":13,"key":"REST"},{"floor":15,"key":"REST"},{"data":"Loop","floor":23,"key":"SMITH"},{"data":"Capacitor","floor":29,"key":"SMITH"},{"data":"Consume","floor":32,"key":"SMITH"},{"data":"Coolheaded","floor":40,"key":"SMITH"}],"neow_cost":"NONE","seed_source_timestamp":2855399919175278,"circlet_count":0,"master_deck":["Strike_B","Strike_B","Strike_B","Defend_B","Defend_B+1","Defend_B","Zap+1","Coolheaded+1","Glacier","Compile Driver","Coolheaded+1","Conserve Battery","BootSequence","Cold Snap","Consume+1","Sweeping Beam","Loop+1","Conserve Battery+1","Reprogram","Capacitor+1","Cold Snap+1","Blizzard","All For One","Hologram+1","Capacitor+1","Dark Shackles"],"special_seed":0,"relics":["Snecko Eye"],"potions_floor_usage":[12,12,12,31,39,41,42,42,42],"damage_taken":[{"damage":1.0,"enemies":"Small Slimes","floor":1.0,"turns":3.0},{"damage":3.0,"enemies":"2 Louse","floor":3.0,"turns":3.0},{"damage":0.0,"enemies":"Jaw Worm","floor":4.0,"turns":5.0},{"damage":11.0,"enemies":"Gremlin Gang","floor":5.0,"turns":5.0},{"damage":5.0,"enemies":"3 Sentries","floor":6.0,"turns":13.0},{"damage":0,"enemies":"Blue Slaver","floor":7,"turns":4},{"damage":8,"enemies":"Exordium Thugs","floor":11,"turns":9},{"damage":20,"enemies":"Gremlin Nob","floor":12,"turns":6},{"damage":0,"enemies":"Slime Boss","floor":16,"turns":21},{"damage":0,"enemies":"Spheric Guardian","floor":18,"turns":12},{"damage":19,"enemies":"3 Byrds","floor":21,"turns":8},{"damage":14,"enemies":"Snake Plant","floor":22,"turns":13},{"damage":6,"enemies":"Sentry and Sphere","floor":27,"turns":11},{"damage":0,"enemies":"3 Cultists","floor":30,"turns":7},{"damage":26,"enemies":"Cultist and Chosen","floor":31,"turns":8},{"damage":0,"enemies":"Automaton","floor":33,"turns":17},{"damage":13,"enemies":"3 Darklings","floor":35,"turns":4},{"damage":0,"enemies":"3 Shapes","floor":36,"turns":10},{"damage":0,"enemies":"Jaw Worm Horde","floor":39,"turns":10},{"damage":62,"enemies":"Transient","floor":41,"turns":5},{"damage":13,"enemies":"Maw","floor":42,"turns":13}],"seed_played":"6537662361344950619","potions_obtained":[{"floor":1.0,"key":"LiquidBronze"},{"floor":3.0,"key":"Block Potion"},{"floor":5.0,"key":"FearPotion"},{"floor":22,"key":"SpeedPotion"},{"floor":27,"key":"EssenceOfSteel"},{"floor":30,"key":"GamblersBrew"},{"floor":35,"key":"SpeedPotion"},{"floor":39,"key":"EssenceOfSteel"},{"floor":41,"key":"Poison Potion"}],"is_trial":false,"path_per_floor":["M","?","M","M","M","E","M","R","T","$","M","E","R","?","R","B",null,"M","$","?","M","M","R","?","$","T","M","?","R","M","M","R","B",null,"M","M","?","$","M","R","M","M"],"character_chosen":"DEFECT","items_purchased":["BootSequence","Cold Snap","Weak Potion","Explosive Potion","Capacitor","Dark Shackles","Energy Potion"],"campfire_rested":2,"item_purchase_floors":[10,10,19,19,25,38,38],"current_hp_per_floor":[74,59,56,56,45,40,40,40,40,40,32,12,34,34,56,56,75,75,75,75,56,42,42,42,42,42,36,85,85,85,59,59,59,85,72,72,72,72,72,72,10,0],"gold":110,"neow_bonus":"BOSS_RELIC","is_prod":false,"is_daily":false,"chose_seed":false,"campfire_upgraded":5,"win_rate":0,"timestamp":1555768223,"path_taken":["M","?","M","M","M","E","M","R","T","$","M","E","R","?","R","BOSS","M","$","?","M","M","R","?","$","T","M","?","R","?","M","R","BOSS","M","?","?","?","M","R","M","M"],"build_version":"2019-01-23","purchased_purges":2,"victory":false,"max_hp_per_floor":[75,75,75,75,75,75,75,75,75,75,75,75,75,75,75,75,75,75,75,75,75,75,75,75,75,75,75,85,85,85,85,85,85,85,85,85,85,85,85,85,85,85],"card_choices":[{"not_picked":["Fusion","Compile Driver"],"picked":"Coolheaded","floor":1.0},{"not_picked":["Chaos","Conserve Battery"],"picked":"Glacier","floor":3.0},{"not_picked":["Barrage","Static Discharge"],"picked":"Compile Driver","floor":4.0},{"not_picked":["Double Energy","Streamline","Stack"],"picked":"SKIP","floor":5.0},{"not_picked":["Defragment","Turbo"],"picked":"Coolheaded","floor":6},{"not_picked":["Steam","White Noise"],"picked":"Conserve Battery","floor":7},{"not_picked":["Coolheaded","FTL"],"picked":"Consume","floor":11},{"not_picked":["Meteor Strike","Steam"],"picked":"Sweeping Beam","floor":12},{"not_picked":["All For One","Meteor Strike"],"picked":"Core Surge","floor":16},{"not_picked":["Stack","Redo"],"picked":"Loop","floor":18},{"not_picked":["Stack","Streamline"],"picked":"Barrage","floor":21},{"not_picked":["Force Field","Lockon"],"picked":"Conserve Battery+1","floor":22},{"not_picked":["Beam Cell+1","Hello World"],"picked":"Cold Snap+1","floor":27},{"not_picked":["Hologram","Conserve Battery+1"],"picked":"Blizzard","floor":30},{"not_picked":["Thunder Strike","Ball Lightning","Heatsinks"],"picked":"SKIP","floor":31},{"not_picked":["Reboot","Creative AI"],"picked":"All For One","floor":33},{"not_picked":["Beam Cell","FTL"],"picked":"Hologram+1","floor":35},{"not_picked":["Recycle","Glacier+1"],"picked":"Capacitor+1","floor":36},{"not_picked":["Rip and Tear+1","Gash","Cold Snap"],"picked":"SKIP","floor":39},{"not_picked":["Compile Driver+1","Leap","Genetic Algorithm"],"picked":"SKIP","floor":41}],"player_experience":604593,"relics_obtained":[],"event_choices":[{"damage_healed":0.0,"max_hp_gain":0.0,"max_hp_loss":0.0,"gold_gain":0.0,"event_name":"Shining Light","player_choice":"Entered Light","floor":2.0,"gold_loss":0.0,"damage_taken":15.0,"cards_upgraded":["Defend_B","Zap"]},{"damage_healed":0,"gold_gain":0,"player_choice":"Ignored","damage_taken":0,"max_hp_gain":0,"max_hp_loss":0,"event_name":"Golden Idol","floor":14,"gold_loss":0},{"damage_healed":0,"gold_gain":0,"player_choice":"Ignored","damage_taken":0,"max_hp_gain":0,"max_hp_loss":0,"event_name":"Beggar","floor":20,"gold_loss":0},{"damage_healed":0,"gold_gain":0,"cards_transformed":["Dualcast","Strike_B"],"player_choice":"Became Test Subject","damage_taken":0,"max_hp_gain":0,"max_hp_loss":0,"event_name":"Drug Dealer","floor":24,"gold_loss":0,"cards_obtained":["Genetic Algorithm","Reprogram"]},{"cards_removed":["Core Surge"],"damage_healed":39,"gold_gain":0,"player_choice":"Offered Rare","damage_taken":0,"max_hp_gain":10,"max_hp_loss":0,"event_name":"Bonfire Elementals","floor":28,"gold_loss":0},{"cards_removed":["Barrage"],"damage_healed":0,"gold_gain":0,"player_choice":"Removed Attack","damage_taken":0,"max_hp_gain":0,"max_hp_loss":0,"event_name":"Falling","floor":37,"gold_loss":0}],"is_beta":false,"boss_relics":[{"not_picked":["Velvet Choker","Busted Crown","Runic Dome"]},{"not_picked":["Inserter","Empty Cage","Astrolabe"]}],"items_purged_floors":[10,25],"is_endless":false,"potions_floor_spawned":[1,3,5,22,27,30,35,39,41],"killed_by":"Maw","ascension_level":0}