{"path_per_floor":["M","$","M","?","M","E","R","M","T","?","M","R","?","M","R","B",null,"M","$","?","M","?","M","R","M","T","M","?","M","R","E","R"],"character_chosen":"IRONCLAD","items_purchased":["Kunai"],"gold_per_floor":[110,35,45,45,59,94,94,119,119,119,135,135,135,149,149,274,274,289,40,40,60,60,76,76,91,91,107,107,117,117,145,145],"floor_reached":33,"campfire_rested":3,"playtime":1706,"current_hp_per_floor":[80,80,80,60,60,40,40,46,46,30,37,61,61,66,66,41,80,74,74,74,68,68,58,64,40,40,29,29,26,56,30,60],"items_purged":["Strike_R"],"gold":145,"play_id":"99d6bc72-f351-420d-97ca-5152552f27a2","is_prod":false,"is_daily":false,"is_ascension_mode":false,"campfire_upgraded":3,"path_taken":["M","$","M","?","M","E","R","?","T","?","M","R","?","M","R","BOSS","M","$","?","M","?","M","R","M","T","M","?","?","R","E","R","BOSS"],"build_version":"2018-01-30-BETA2","purchased_purges":2,"victory":false,"master_deck":["Strike_R","Strike_R","Strike_R","Defend_R","Defend_R","Defend_R","Defend_R","Bash+1","Headbutt","Body Slam+1","Flex+1","Ghostly Armor","Dropkick+1","Burning Pact","Fiend Fire+1","Dropkick","Thunderclap"],"max_hp_per_floor":[80,80,80,80,80,80,80,80,80,80,80,80,80,80,80,80,80,80,80,80,80,80,80,80,80,80,80,80,80,80,80,80],"relics":["Burning Blood","Bag of Marbles","Bloody Idol","Lantern","Oddly Smooth Stone","Eternal Feather","Kunai","Gambling Chip","Meat on the Bone"],"card_choices":[{"not_picked":["Second Wind","Clash"],"picked":"Headbutt"},{"not_picked":["Havoc","Clothesline"],"picked":"Body Slam"},{"not_picked":["Havoc","Thunderclap"],"picked":"Flex"},{"not_picked":["Hemokinesis","Bloodletting"],"picked":"Ghostly Armor"},{"not_picked":["Shockwave","Armaments"],"picked":"Dropkick"},{"not_picked":["Feel No Pain","Havoc"],"picked":"Burning Pact"},{"not_picked":["Juggernaut","Double Tap"],"picked":"Fiend Fire"},{"not_picked":["Evolve","Blood for Blood"],"picked":"Dropkick"},{"not_picked":["Warcry","Sword Boomerang"],"picked":"Thunderclap"}],"player_experience":118991,"potions_floor_usage":[6,11,23,23,31],"damage_taken":[{"damage":0,"enemies":"2 Louse","floor":1,"turns":2},{"damage":6,"enemies":"Jaw Worm","floor":3,"turns":4},{"damage":6,"enemies":"Blue Slaver","floor":5,"turns":4},{"damage":26,"enemies":"Lagavulin","floor":6,"turns":5},{"damage":0,"enemies":"Looter","floor":8,"turns":3},{"damage":14,"enemies":"Large Slime","floor":11,"turns":7},{"damage":1,"enemies":"3 Louse","floor":14,"turns":2},{"damage":31,"enemies":"Hexaghost","floor":16,"turns":9},{"damage":12,"enemies":"2 Thieves","floor":18,"turns":4},{"damage":12,"enemies":"Spheric Guardian","floor":21,"turns":4},{"damage":31,"enemies":"Centurion and Healer","floor":23,"turns":7},{"damage":30,"enemies":"3 Cultists","floor":25,"turns":7},{"damage":17,"enemies":"Snake Plant","floor":27,"turns":3},{"damage":14,"enemies":"Snecko","floor":29,"turns":5},{"damage":37,"enemies":"Slavers","floor":31,"turns":5},{"damage":71,"enemies":"Automaton","floor":33,"turns":6}],"event_choices":[{"event_name":"Golden Idol","player_choice":"Take Damage","floor":4,"damage_taken":0},{"event_name":"Shining Light","player_choice":"Entered Light","floor":10,"damage_taken":0},{"event_name":"Living Wall","player_choice":"Forget","floor":13,"damage_taken":0},{"event_name":"Vampires","player_choice":"Ignored","floor":20,"damage_taken":0},{"event_name":"Drug Dealer","player_choice":"Ignored","floor":22,"damage_taken":0},{"event_name":"Forgotten Altar","player_choice":"Gave Idol","floor":28,"damage_taken":0}],"boss_relics":[{"not_picked":["Snecko Eye","Runic Pyramid"],"picked":"Eternal Feather"}],"potions_floor_spawned":[1,8,11,21,25],"seed_played":"-4364457538293621640","killed_by":"Automaton","ascension_level":0,"is_trial":false}