{"gold_per_floor":[112,60,78,153,165,165,232,232,258,258,268,282,282,282,282,377,377,395,395,395,320,109,109,109,128,128,140,140],"floor_reached":28,"playtime":639,"items_purged":["Strike_G"],"score":206,"play_id":"f9643a30-b355-4ec8-9d26-e1c044c3ad27","local_time":"20190208215220","is_ascension_mode":false,"campfire_choices":[{"data":"Dagger Spray","floor":6.0,"key":"SMITH"},{"data":"Backstab","floor":8.0,"key":"SMITH"},{"data":"Cloak And Dagger","floor":13.0,"key":"SMITH"},{"data":"Defend_G","floor":15.0,"key":"SMITH"},{"data":"J.A.X.","floor":23,"key":"SMITH"}],"neow_cost":"NONE","seed_source_timestamp":0,"circlet_count":0,"master_deck":["Defend_G+1","Defend_G","Defend_G","Defend_G","Defend_G","Strike_G","Strike_G","Strike_G","Survivor","Neutralize+1","Flying Knee","Cloak And Dagger+1","Dagger Spray+1","Backstab+1","Poisoned Stab","Unload","J.A.X.+1","Blade Dance","Blind","Backstab","Deflect"],"special_seed":0,"relics":["Lizard Tail"],"potions_floor_usage":[],"damage_taken":[{"damage":0.0,"enemies":"Cultist","floor":1.0,"turns":4.0},{"damage":1.0,"enemies":"Jaw Worm","floor":3.0,"turns":3.0},{"damage":0.0,"enemies":"2 Louse","floor":5.0,"turns":2.0},{"damage":0.0,"enemies":"Looter","floor":11.0,"turns":2.0},{"damage":2.0,"enemies":"Blue Slaver","floor":12.0,"turns":3.0},{"damage":66.0,"enemies":"Hexaghost","floor":16.0,"turns":16.0},{"damage":17,"enemies":"Spheric Guardian","floor":18,"turns":4},{"damage":16,"enemies":"2 Thieves","floor":25,"turns":4},{"damage":32,"enemies":"Snake Plant","floor":27,"turns":7},{"damage":12,"enemies":"Chosen and Byrds","floor":28,"turns":4}],"seed_played":"8157610100321670085","potions_obtained":[{"floor":1.0,"key":"AttackPotion"},{"floor":5.0,"key":"EssenceOfSteel"},{"floor":11.0,"key":"Energy Potion"}],"is_trial":false,"path_per_floor":["M","$","M","?","M","R","?","R","T","?","M","M","R","?","R","B",null,"M","?","?","?","$","R","?","M","T","M","M"],"character_chosen":"THE_SILENT","items_purchased":["Cloak And Dagger","Blade Dance","Blind"],"campfire_rested":0,"item_purchase_floors":[2,22,22],"current_hp_per_floor":[70,70,69,58,58,58,58,58,58,58,58,56,56,56,56,25,70,53,53,53,53,53,53,53,37,37,5,0],"gold":140,"neow_bonus":"BOSS_RELIC","is_prod":false,"is_daily":false,"chose_seed":false,"campfire_upgraded":5,"win_rate":0,"timestamp":1549662740,"path_taken":["M","?","M","?","M","R","?","R","T","?","?","M","R","?","R","BOSS","M","?","?","?","?","R","?","M","T","?","M"],"build_version":"2019-01-23","purchased_purges":1,"victory":false,"max_hp_per_floor":[70,70,70,70,70,70,70,70,70,70,70,70,70,70,70,70,70,70,70,70,70,70,70,70,70,70,70,70],"card_choices":[{"not_picked":["Bane","Expertise"],"picked":"Flying Knee","floor":1.0},{"not_picked":["Quick Slash","Underhanded Strike"],"picked":"Dagger Spray","floor":3.0},{"not_picked":["Dodge and Roll","Prepared"],"picked":"Backstab","floor":5.0},{"not_picked":["Accuracy","Dagger Throw","Reflex"],"picked":"SKIP","floor":11.0},{"not_picked":["Concentrate","Prepared"],"picked":"Poisoned Stab","floor":12.0},{"not_picked":["Venomology","Bullet Time"],"picked":"Unload","floor":16.0},{"not_picked":["Bane+1","Flying Knee","Dagger Throw"],"picked":"SKIP","floor":18},{"not_picked":["Slice","Dagger Spray"],"picked":"Backstab","floor":25},{"not_picked":["Heel Hook","Well Laid Plans"],"picked":"Deflect","floor":27}],"player_experience":555713,"relics_obtained":[],"event_choices":[{"damage_healed":0.0,"max_hp_gain":0.0,"max_hp_loss":0.0,"gold_gain":75.0,"event_name":"World of Goop","player_choice":"Gather Gold","floor":4.0,"gold_loss":0.0,"damage_taken":11.0},{"damage_healed":0.0,"max_hp_gain":0.0,"max_hp_loss":0.0,"gold_gain":67.0,"event_name":"Golden Wing","player_choice":"Gained Gold","floor":7.0,"gold_loss":0.0,"damage_taken":0.0},{"damage_healed":0.0,"max_hp_gain":0.0,"max_hp_loss":0.0,"gold_gain":0.0,"event_name":"Dead Adventurer","player_choice":"Searched \u00270\u0027 times","floor":10.0,"gold_loss":0.0,"damage_taken":0.0},{"damage_healed":0.0,"max_hp_gain":0.0,"max_hp_loss":0.0,"gold_gain":0.0,"event_name":"Living Wall","player_choice":"Grow","floor":14.0,"gold_loss":0.0,"damage_taken":0.0,"cards_upgraded":["Neutralize"]},{"damage_healed":0,"gold_gain":0,"player_choice":"Ignored","damage_taken":0,"max_hp_gain":0,"max_hp_loss":0,"event_name":"The Mausoleum","floor":19,"gold_loss":0},{"damage_healed":0,"gold_gain":0,"player_choice":"Obtain J.A.X.","damage_taken":0,"max_hp_gain":0,"max_hp_loss":0,"event_name":"Drug Dealer","floor":20,"gold_loss":0,"cards_obtained":["J.A.X."]},{"cards_removed":["Strike_G"],"damage_healed":0,"gold_gain":0,"player_choice":"Gave Gold","damage_taken":0,"max_hp_gain":0,"max_hp_loss":0,"event_name":"Beggar","floor":21,"gold_loss":75}],"is_beta":false,"boss_relics":[{"not_picked":["Sozu","Coffee Dripper","Astrolabe"]}],"items_purged_floors":[22],"is_endless":false,"potions_floor_spawned":[1,5,11],"killed_by":"Chosen and Byrds","ascension_level":0}