{"gold_per_floor":[117,131,131,131,147,147,167,167,248,268,268,285,285,22,22,93,93,57,57,57,71,71,87,120,120,120,130,145,156,156],"floor_reached":30,"playtime":1341,"items_purged":[],"score":476,"play_id":"4fc5eef2-8d23-490c-a44e-8ad269700497","local_time":"20190202190525","is_ascension_mode":true,"campfire_choices":[{"data":"Cloak And Dagger","floor":6,"key":"SMITH"},{"data":"Cloak And Dagger","floor":8,"key":"SMITH"},{"data":"Envenom","floor":13,"key":"SMITH"},{"data":"Cloak And Dagger","floor":15,"key":"SMITH"},{"floor":25,"key":"REST"}],"neow_cost":"NONE","seed_source_timestamp":175321929789726,"circlet_count":0,"master_deck":["AscendersBane","Defend_G","Defend_G+1","Defend_G","Defend_G","Defend_G+1","Strike_G+1","Strike_G","Strike_G","Strike_G","Strike_G","Survivor","Neutralize","Cloak And Dagger+1","Dodge and Roll+1","Cloak And Dagger+1","Cloak And Dagger+1","Envenom+1","After Image","Blade Dance","Dash","Cloak And Dagger","Footwork"],"relics":["Ring of the Snake","Orichalcum","Kunai","Pear","Black Star","War Paint","Vajra","Meat on the Bone"],"potions_floor_usage":[24,24,30],"damage_taken":[{"damage":0,"enemies":"Jaw Worm","floor":1,"turns":6},{"damage":1,"enemies":"2 Louse","floor":2,"turns":3},{"damage":0,"enemies":"Cultist","floor":5,"turns":3},{"damage":10,"enemies":"2 Fungi Beasts","floor":7,"turns":5},{"damage":5,"enemies":"Exordium Wildlife","floor":10,"turns":4},{"damage":7,"enemies":"3 Louse","floor":12,"turns":4},{"damage":4,"enemies":"Hexaghost","floor":16,"turns":13},{"damage":27,"enemies":"2 Thieves","floor":18,"turns":5},{"damage":6,"enemies":"Shell Parasite","floor":21,"turns":9},{"damage":7,"enemies":"Centurion and Healer","floor":23,"turns":9},{"damage":6,"enemies":"Slavers","floor":24,"turns":7},{"damage":4,"enemies":"Sentry and Sphere","floor":27,"turns":10},{"damage":20,"enemies":"Snecko","floor":28,"turns":8},{"damage":22,"enemies":"Shelled Parasite and Fungi","floor":29,"turns":8},{"damage":34,"enemies":"Book of Stabbing","floor":30,"turns":7}],"seed_played":"-7738551865922421408","potions_obtained":[{"floor":2,"key":"GhostInAJar"},{"floor":5,"key":"Energy Potion"},{"floor":20,"key":"AttackPotion"},{"floor":28,"key":"FearPotion"}],"is_trial":false,"path_per_floor":["M","M","?","?","M","R","M","R","T","M","?","M","R","$","R","B",null,"M","?","?","M","$","M","E","R","T","M","M","M","E"],"character_chosen":"THE_SILENT","items_purchased":["Pear"],"campfire_rested":1,"item_purchase_floors":[14],"current_hp_per_floor":[59,58,38,43,43,43,33,33,33,28,28,21,21,31,31,27,64,37,37,37,31,31,24,18,40,40,48,40,30,0],"gold":156,"neow_bonus":"RANDOM_COMMON_RELIC","is_prod":false,"is_daily":false,"chose_seed":false,"campfire_upgraded":4,"win_rate":0,"timestamp":1549134325,"path_taken":["M","M","?","?","?","R","M","R","T","M","?","M","R","?","R","BOSS","M","?","?","M","$","M","E","R","T","M","M","M","E"],"build_version":"2019-01-23","purchased_purges":0,"victory":false,"max_hp_per_floor":[66,66,66,66,66,66,66,66,66,66,66,66,66,76,76,76,76,76,76,76,76,76,76,76,76,76,76,76,76,76],"card_choices":[{"not_picked":["Dagger Spray","Deflect"],"picked":"Cloak And Dagger","floor":1},{"not_picked":["Blade Dance","Slice"],"picked":"Dodge and Roll","floor":2},{"not_picked":["Terror","Finisher"],"picked":"Dodge and Roll","floor":5},{"not_picked":["Distraction","Prepared"],"picked":"Cloak And Dagger","floor":7},{"not_picked":["Blade Dance","Deadly Poison"],"picked":"Cloak And Dagger","floor":10},{"not_picked":["Quick Slash","Dodge and Roll"],"picked":"Envenom","floor":12},{"not_picked":["Malaise","Grand Finale"],"picked":"After Image","floor":16},{"not_picked":["Endless Agony","Underhanded Strike"],"picked":"Blade Dance","floor":18},{"not_picked":["Prepared","Well Laid Plans"],"picked":"Dash","floor":21},{"not_picked":["Skewer","PiercingWail"],"picked":"Cloak And Dagger","floor":23},{"not_picked":["Flying Knee","Calculated Gamble"],"picked":"Footwork","floor":24},{"not_picked":["Acrobatics+1","PiercingWail","Dagger Throw"],"picked":"SKIP","floor":27},{"not_picked":["Caltrops","Flying Knee","Underhanded Strike"],"picked":"SKIP","floor":28},{"not_picked":["Skewer","Poisoned Stab","Flying Knee"],"picked":"SKIP","floor":29}],"player_experience":533361,"relics_obtained":[{"floor":9,"key":"Kunai"},{"floor":24,"key":"War Paint"},{"floor":24,"key":"Vajra"},{"floor":26,"key":"Meat on the Bone"}],"event_choices":[{"damage_healed":0,"gold_gain":0,"player_choice":"Entered Light","damage_taken":20,"max_hp_gain":0,"max_hp_loss":0,"event_name":"Shining Light","floor":3,"gold_loss":0,"cards_upgraded":["Defend_G","Strike_G"]},{"cards_removed":["Dodge and Roll"],"damage_healed":5,"gold_gain":0,"player_choice":"Offered Common","damage_taken":0,"max_hp_gain":0,"max_hp_loss":0,"event_name":"Bonfire Elementals","floor":4,"gold_loss":0},{"cards_removed":["Dodge and Roll"],"damage_healed":5,"gold_gain":0,"player_choice":"Offered Special","damage_taken":0,"max_hp_gain":0,"max_hp_loss":0,"event_name":"Bonfire Elementals","floor":4,"gold_loss":0},{"damage_healed":0,"gold_gain":0,"player_choice":"Ignored","damage_taken":0,"max_hp_gain":0,"max_hp_loss":0,"event_name":"Golden Idol","floor":11,"gold_loss":0},{"damage_healed":0,"gold_gain":0,"player_choice":"Ignored","damage_taken":0,"max_hp_gain":0,"max_hp_loss":0,"event_name":"Cursed Tome","floor":19,"gold_loss":0},{"damage_healed":0,"gold_gain":0,"player_choice":"Got Potions","damage_taken":0,"max_hp_gain":0,"max_hp_loss":0,"event_name":"Lab","floor":20,"gold_loss":0}],"is_beta":false,"boss_relics":[{"not_picked":["Snecko Eye","Fusion Hammer"],"picked":"Black Star"}],"items_purged_floors":[],"is_endless":false,"potions_floor_spawned":[2,5,7,10,23,28],"killed_by":"Book of Stabbing","ascension_level":17}