{"gold_per_floor":[117,136,152,102,27,46,377,396,396,458,512,528,528,557,557,657,657,669,682,701,701],"floor_reached":21,"playtime":1838,"items_purged":["Strike_R"],"score":193,"play_id":"8e38c97b-1254-44da-8896-7d5b0abf9b00","local_time":"20190428183429","is_ascension_mode":false,"campfire_choices":[{"floor":13,"key":"REST"},{"data":"Forethought","floor":15,"key":"SMITH"}],"neow_cost":"NONE","seed_source_timestamp":415003006748682,"circlet_count":0,"master_deck":["Strike_R","Strike_R","Strike_R","Defend_R","Defend_R","Defend_R","Defend_R","Bash","Forethought+1","Blood for Blood","Carnage","Armaments+1","Infernal Blade+1","Demon Form","Searing Blow+1"],"relics":["Burning Blood","Old Coin","Toxic Egg 2","Tiny Chest","PreservedInsect","Odd Mushroom","Black Star"],"potions_floor_usage":[7,10,14,20,21],"damage_taken":[{"damage":6,"enemies":"Jaw Worm","floor":1,"turns":5},{"damage":1,"enemies":"Cultist","floor":2,"turns":3},{"damage":10,"enemies":"Small Slimes","floor":3,"turns":3},{"damage":13,"enemies":"3 Louse","floor":6,"turns":4},{"damage":21,"enemies":"Gremlin Nob","floor":7,"turns":4},{"damage":5,"enemies":"Large Slime","floor":8,"turns":5},{"damage":44,"enemies":"3 Sentries","floor":10,"turns":7},{"damage":9,"enemies":"2 Fungi Beasts","floor":12,"turns":4},{"damage":3,"enemies":"The Mushroom Lair","floor":14,"turns":3},{"damage":22,"enemies":"Slime Boss","floor":16,"turns":10},{"damage":28,"enemies":"Chosen","floor":18,"turns":6},{"damage":15,"enemies":"2 Thieves","floor":19,"turns":4},{"damage":58,"enemies":"Centurion and Healer","floor":20,"turns":9},{"damage":7,"enemies":"3 Cultists","floor":21,"turns":2}],"seed_played":"-617787448626645772","potions_obtained":[{"floor":2,"key":"Dexterity Potion"},{"floor":6,"key":"Ancient Potion"},{"floor":8,"key":"SneckoOil"},{"floor":10,"key":"SkillPotion"},{"floor":16,"key":"Ancient Potion"},{"floor":18,"key":"FairyPotion"},{"floor":19,"key":"Block Potion"},{"floor":20,"key":"Strength Potion"}],"is_trial":false,"path_per_floor":["M","M","M","?","$","M","E","M","T","E","T","M","R","?","R","B",null,"M","M","M","M"],"character_chosen":"IRONCLAD","items_purchased":[],"campfire_rested":1,"item_purchase_floors":[],"current_hp_per_floor":[80,80,76,76,76,69,54,55,55,17,17,14,38,41,41,25,80,58,49,7,0],"gold":701,"neow_bonus":"RANDOM_COLORLESS","is_prod":false,"is_daily":false,"chose_seed":false,"campfire_upgraded":1,"win_rate":0,"timestamp":1556447669,"path_taken":["M","M","M","?","$","M","E","M","T","E","?","?","R","?","R","BOSS","M","M","M","M"],"build_version":"2019-01-23","purchased_purges":1,"victory":false,"max_hp_per_floor":[80,80,80,80,80,80,80,80,80,80,80,80,80,80,80,80,80,80,80,80,80],"card_choices":[{"not_picked":["Inflame","Wild Strike","Thunderclap"],"picked":"SKIP","floor":1},{"not_picked":["Sword Boomerang","Sever Soul"],"picked":"Blood for Blood","floor":2},{"not_picked":["Second Wind","True Grit","Heavy Blade"],"picked":"SKIP","floor":3},{"not_picked":["Sword Boomerang","Perfected Strike"],"picked":"Carnage","floor":6},{"not_picked":["Wild Strike","Body Slam","True Grit"],"picked":"SKIP","floor":7},{"not_picked":["Dropkick","Anger","Clash"],"picked":"SKIP","floor":8},{"not_picked":["Pommel Strike","Feel No Pain"],"picked":"Armaments+1","floor":10},{"not_picked":["Clash","Spot Weakness+1","Rage+1"],"picked":"SKIP","floor":12},{"not_picked":["Rage+1","Flex+1"],"picked":"Infernal Blade+1","floor":14},{"not_picked":["Offering+1","Brutality"],"picked":"Demon Form","floor":16},{"not_picked":["Clash","Spot Weakness+1","Armaments+1"],"picked":"SKIP","floor":18},{"not_picked":["Wild Strike","Perfected Strike"],"picked":"Searing Blow+1","floor":19},{"not_picked":["Iron Wave","True Grit+1","Bloodletting+1"],"picked":"SKIP","floor":20}],"player_experience":282073,"relics_obtained":[{"floor":7,"key":"Old Coin"},{"floor":9,"key":"Toxic Egg 2"},{"floor":10,"key":"Tiny Chest"},{"floor":11,"key":"PreservedInsect"},{"floor":14,"key":"Odd Mushroom"}],"event_choices":[{"cards_removed":["Strike_R"],"damage_healed":0,"gold_gain":0,"player_choice":"Card Removal","damage_taken":0,"max_hp_gain":0,"max_hp_loss":0,"event_name":"The Cleric","floor":4,"gold_loss":50},{"damage_healed":0,"gold_gain":0,"player_choice":"Fought Mushrooms","damage_taken":0,"max_hp_gain":0,"max_hp_loss":0,"event_name":"Mushrooms","floor":14,"gold_loss":0}],"is_beta":false,"boss_relics":[{"not_picked":["Busted Crown","Orrery"],"picked":"Black Star"}],"items_purged_floors":[5],"is_endless":false,"potions_floor_spawned":[2,6,8,10,16,18,19,20],"killed_by":"3 Cultists","ascension_level":0}