{"gold_per_floor":[117,134,152,171,73,73,138,138,163,163,177,189,212,212,212,338,338,351,53,53,76,91,91,109,122,168,168,212,212,212,233,233,361,361,375,396,93,111,136,136],"floor_reached":40,"playtime":4059,"items_purged":[],"score":433,"play_id":"d5e7b2cf-a89f-45bb-a296-f7b8b8163db9","local_time":"20190107183356","is_ascension_mode":true,"campfire_choices":[{"data":"Hello World","floor":6,"key":"SMITH"},{"data":"Defend_B","floor":8,"key":"SMITH"},{"data":"Defend_B","floor":10,"key":"SMITH"},{"data":"Darkness","floor":15,"key":"SMITH"},{"floor":23,"key":"REST"},{"floor":27,"key":"REST"},{"floor":30,"key":"REST"},{"floor":32,"key":"REST"}],"neow_cost":"NONE","seed_source_timestamp":1124247186156770,"circlet_count":0,"master_deck":["Strike_B","Strike_B","Strike_B","Strike_B+1","Defend_B","Defend_B","Defend_B+1","Defend_B+1","Zap","Dualcast","Conserve Battery","Ball Lightning","Hologram","Hello World+1","Doom and Gloom","Beam Cell","Ball Lightning","Darkness+1","FTL","Melter+1","Electrodynamics","Cold Snap","Coolheaded","Reprogram","Sweeping Beam","Conserve Battery","Biased Cognition","Lockon","Sweeping Beam","Rip and Tear+1","Compile Driver","Parasite"],"relics":["Philosopher\u0027s Stone","Tiny Chest","Bronze Scales","Odd Mushroom","Golden Idol","Busted Crown","Bottled Flame","Nilry\u0027s Codex","Anchor","Whetstone","Eternal Feather","Matryoshka"],"potions_floor_usage":[33,39,39,40,40],"damage_taken":[{"damage":2,"enemies":"Jaw Worm","floor":1,"turns":3},{"damage":0,"enemies":"2 Louse","floor":2,"turns":2},{"damage":0,"enemies":"Cultist","floor":3,"turns":3},{"damage":0,"enemies":"2 Fungi Beasts","floor":4,"turns":4},{"damage":14,"enemies":"Gremlin Nob","floor":7,"turns":3},{"damage":0,"enemies":"Blue Slaver","floor":11,"turns":3},{"damage":0,"enemies":"Large Slime","floor":12,"turns":3},{"damage":9,"enemies":"The Mushroom Lair","floor":13,"turns":3},{"damage":35,"enemies":"The Guardian","floor":16,"turns":6},{"damage":14,"enemies":"Shell Parasite","floor":18,"turns":3},{"damage":12,"enemies":"Chosen","floor":21,"turns":3},{"damage":17,"enemies":"Snake Plant","floor":22,"turns":3},{"damage":7,"enemies":"Snecko","floor":24,"turns":3},{"damage":14,"enemies":"Centurion and Healer","floor":25,"turns":5},{"damage":26,"enemies":"Gremlin Leader","floor":28,"turns":4},{"damage":8,"enemies":"Snake Plant","floor":31,"turns":3},{"damage":33,"enemies":"Collector","floor":33,"turns":8},{"damage":17,"enemies":"3 Darklings","floor":35,"turns":4},{"damage":12,"enemies":"Orb Walker","floor":36,"turns":3},{"damage":17,"enemies":"Sphere and 2 Shapes","floor":38,"turns":3},{"damage":10,"enemies":"3 Darklings","floor":39,"turns":4},{"damage":21,"enemies":"Writhing Mass","floor":40,"turns":3}],"seed_played":"3086413096271642159","potions_obtained":[{"floor":2,"key":"Ancient Potion"},{"floor":3,"key":"LiquidBronze"},{"floor":13,"key":"PowerPotion"},{"floor":35,"key":"FearPotion"},{"floor":36,"key":"AttackPotion"},{"floor":39,"key":"Strength Potion"}],"is_trial":false,"path_per_floor":["M","M","M","M","$","R","E","R","T","R","M","M","?","?","R","B",null,"M","$","?","M","M","R","M","M","T","R","E","?","R","M","R","B",null,"M","M","$","M","M","M"],"character_chosen":"DEFECT","items_purchased":["Doom and Gloom","Beam Cell","Bottled Flame","Coolheaded","Matryoshka","Sweeping Beam"],"campfire_rested":4,"item_purchase_floors":[5,5,19,19,37,37],"current_hp_per_floor":[73,73,73,73,73,73,59,59,59,59,59,59,50,50,50,15,69,55,55,39,27,10,30,23,9,9,29,3,3,23,15,35,2,69,52,40,40,23,13,0],"gold":136,"neow_bonus":"BOSS_RELIC","is_prod":false,"is_daily":false,"chose_seed":false,"campfire_upgraded":4,"win_rate":0,"timestamp":1546886036,"path_taken":["M","M","M","M","$","R","E","R","T","R","M","M","?","?","R","BOSS","M","$","?","M","M","R","M","M","T","R","E","?","R","M","R","BOSS","M","M","$","M","?","M"],"build_version":"2019-01-03v4","purchased_purges":0,"victory":false,"max_hp_per_floor":[75,75,75,75,75,75,75,75,75,75,75,75,75,69,69,69,69,69,69,69,69,69,69,69,69,69,69,69,69,69,69,69,69,69,69,69,69,69,69,69],"card_choices":[{"not_picked":["Beam Cell","Barrage"],"picked":"Conserve Battery","floor":1},{"not_picked":["Rebound","Coolheaded"],"picked":"Ball Lightning","floor":2},{"not_picked":["Redo","Go for the Eyes"],"picked":"Hologram","floor":3},{"not_picked":["Redo","Barrage"],"picked":"Hello World","floor":4},{"not_picked":["Hologram","Thunder Strike"],"picked":"Ball Lightning","floor":7},{"not_picked":["Barrage","Hologram"],"picked":"Darkness","floor":11},{"not_picked":["Rip and Tear","Stack"],"picked":"FTL","floor":12},{"not_picked":["Beam Cell","Go for the Eyes"],"picked":"Melter","floor":13},{"not_picked":["Amplify","Seek"],"picked":"Electrodynamics","floor":16},{"not_picked":[],"picked":"Cold Snap","floor":18},{"not_picked":["Scrape"],"picked":"SKIP","floor":21},{"not_picked":[],"picked":"Reprogram","floor":22},{"not_picked":["Streamline"],"picked":"SKIP","floor":24},{"not_picked":[],"picked":"Sweeping Beam","floor":25},{"not_picked":["Creative AI"],"picked":"SKIP","floor":28},{"not_picked":["Streamline+1"],"picked":"SKIP","floor":31},{"not_picked":[],"picked":"Biased Cognition","floor":33},{"not_picked":["Barrage"],"picked":"SKIP","floor":35},{"not_picked":[],"picked":"Lockon","floor":36},{"not_picked":[],"picked":"Rip and Tear+1","floor":38},{"not_picked":[],"picked":"Compile Driver","floor":39}],"player_experience":51543,"relics_obtained":[{"floor":7,"key":"Tiny Chest"},{"floor":9,"key":"Bronze Scales"},{"floor":13,"key":"Odd Mushroom"},{"floor":20,"key":"Nilry\u0027s Codex"},{"floor":26,"key":"Anchor"},{"floor":28,"key":"Whetstone"}],"event_choices":[{"damage_healed":0,"gold_gain":0,"player_choice":"Fought Mushrooms","damage_taken":0,"max_hp_gain":0,"max_hp_loss":0,"event_name":"Mushrooms","floor":13,"gold_loss":0},{"damage_healed":0,"gold_gain":0,"player_choice":"Lose Max HP","damage_taken":0,"relics_obtained":["Golden Idol"],"max_hp_gain":0,"max_hp_loss":6,"event_name":"Golden Idol","floor":14,"gold_loss":0},{"damage_healed":0,"gold_gain":0,"player_choice":"Obtained Book","damage_taken":16,"max_hp_gain":0,"max_hp_loss":0,"event_name":"Cursed Tome","floor":20,"gold_loss":0},{"damage_healed":0,"gold_gain":0,"player_choice":"Copied","damage_taken":0,"max_hp_gain":0,"max_hp_loss":0,"event_name":"Duplicator","floor":29,"gold_loss":0,"cards_obtained":["Conserve Battery"]}],"is_beta":false,"boss_relics":[{"not_picked":["Astrolabe","Orrery"],"picked":"Busted Crown"},{"not_picked":["Black Star","Nuclear Battery"],"picked":"Eternal Feather"}],"items_purged_floors":[],"is_endless":false,"potions_floor_spawned":[2,3,13,21,28,35,36,39],"killed_by":"Writhing Mass","ascension_level":1}