{"gold_per_floor":[114,114,39,50,50,50,75,23,23,64,64,95,118,142,142,231,231,252,252,237,237,35,35,58,4,4,4,4,20,20,20,20,113,113,126,126,126,126,73,73,73,92,118,118,118],"floor_reached":45,"playtime":1557,"items_purged":["Shame"],"score":813,"play_id":"b78f071b-26ad-401c-9bbf-3eddbce0a7c0","local_time":"20190427212609","is_ascension_mode":true,"campfire_choices":[{"data":"Armaments","floor":6,"key":"SMITH"},{"floor":15,"key":"REST"},{"data":"Rampage","floor":23,"key":"SMITH"},{"data":"Pommel Strike","floor":27,"key":"SMITH"},{"floor":30,"key":"REST"},{"floor":32,"key":"REST"},{"data":"Flash of Steel","floor":40,"key":"SMITH"}],"neow_cost":"TEN_PERCENT_HP_LOSS","seed_source_timestamp":3485951804030291,"circlet_count":0,"master_deck":["AscendersBane","Strike_R+1","Strike_R+1","Strike_R+1","Defend_R+1","Defend_R+1","Defend_R+1","Bash","Flash of Steel+1","Madness+1","Pommel Strike+1","Armaments+1","Flame Barrier","Shrug It Off","Shrug It Off","Rampage+1","Battle Trance+1","Madness","Madness","Headbutt","Battle Trance+1"],"relics":["Burning Blood","Golden Idol","StoneCalendar","Juzu Bracelet","Art of War","Empty Cage","MawBank","Boot","Pocketwatch","Lizard Tail","Vajra"],"potions_floor_usage":[10,12,12,16,33,33,35,42,45],"damage_taken":[{"damage":3,"enemies":"Small Slimes","floor":1,"turns":3},{"damage":1,"enemies":"2 Louse","floor":4,"turns":3},{"damage":7,"enemies":"Jaw Worm","floor":7,"turns":3},{"damage":43,"enemies":"Gremlin Nob","floor":10,"turns":5},{"damage":13,"enemies":"3 Sentries","floor":12,"turns":7},{"damage":13,"enemies":"Large Slime","floor":13,"turns":7},{"damage":4,"enemies":"Looter","floor":14,"turns":4},{"damage":20,"enemies":"Slime Boss","floor":16,"turns":10},{"damage":5,"enemies":"Spheric Guardian","floor":18,"turns":7},{"damage":11,"enemies":"2 Thieves","floor":20,"turns":4},{"damage":10,"enemies":"Centurion and Healer","floor":24,"turns":7},{"damage":21,"enemies":"Shelled Parasite and Fungi","floor":29,"turns":7},{"damage":57,"enemies":"Champ","floor":33,"turns":14},{"damage":60,"enemies":"3 Darklings","floor":35,"turns":7},{"damage":5,"enemies":"3 Shapes","floor":42,"turns":5},{"damage":88,"enemies":"Giant Head","floor":45,"turns":6}],"seed_played":"-3607479888306106408","potions_obtained":[{"floor":1,"key":"Dexterity Potion"},{"floor":7,"key":"SpeedPotion"},{"floor":10,"key":"Regen Potion"},{"floor":14,"key":"FearPotion"},{"floor":16,"key":"PowerPotion"},{"floor":33,"key":"Strength Potion"},{"floor":35,"key":"Explosive Potion"}],"is_trial":false,"path_per_floor":["M","?","?","M","?","R","M","$","T","E","?","E","M","M","R","B",null,"M","?","M","?","$","R","M","?","T","R","$","M","R","$","R","B",null,"M","?","?","$","$","R","?","M","T","?","E"],"character_chosen":"IRONCLAD","items_purchased":["Shrug It Off","Rampage","SteroidPotion","PowerPotion"],"campfire_rested":3,"item_purchase_floors":[8,22,22,39],"current_hp_per_floor":[68,68,68,68,45,45,44,44,44,7,7,15,8,10,30,16,55,56,56,51,51,51,51,47,47,47,47,47,32,52,52,68,17,55,37,68,68,68,68,68,56,57,57,57,0],"gold":118,"neow_bonus":"RANDOM_COLORLESS_2","is_prod":false,"is_daily":false,"chose_seed":false,"campfire_upgraded":4,"win_rate":0,"timestamp":1556396769,"path_taken":["M","?","?","?","?","R","M","$","T","E","?","E","M","M","R","BOSS","M","?","M","?","$","R","M","?","T","R","?","M","R","$","R","BOSS","M","?","?","?","$","R","?","M","T","?","E"],"build_version":"2019-01-23","purchased_purges":1,"victory":false,"max_hp_per_floor":[68,68,68,68,68,68,68,68,68,68,68,68,68,68,68,68,68,68,68,68,68,68,68,68,68,68,68,68,68,68,68,68,68,68,68,68,68,68,68,68,68,68,68,68,68],"card_choices":[{"not_picked":["Blood for Blood","Power Through"],"picked":"Pommel Strike","floor":1},{"not_picked":["Body Slam","Seeing Red"],"picked":"Armaments","floor":4},{"not_picked":["Clash","Wild Strike"],"picked":"Flame Barrier","floor":7},{"not_picked":["Pummel","Dropkick"],"picked":"Shrug It Off","floor":10},{"not_picked":["Twin Strike","Armaments","Power Through"],"picked":"SKIP","floor":12},{"not_picked":["Pommel Strike","Corruption","Power Through"],"picked":"SKIP","floor":13},{"not_picked":["Anger","Clothesline","Bloodletting"],"picked":"SKIP","floor":14},{"not_picked":["Perfected Strike","Corruption","Sword Boomerang"],"picked":"SKIP","floor":18},{"not_picked":["Armaments","Sword Boomerang","Havoc"],"picked":"SKIP","floor":20},{"not_picked":["Twin Strike+1","Iron Wave","Dark Embrace"],"picked":"SKIP","floor":24},{"not_picked":["Heavy Blade","Perfected Strike","Ghostly Armor"],"picked":"SKIP","floor":29},{"not_picked":["Hemokinesis+1","Fire Breathing"],"picked":"Battle Trance+1","floor":35},{"not_picked":["Clothesline+1","Carnage"],"picked":"Headbutt","floor":42}],"player_experience":718041,"relics_obtained":[{"floor":9,"key":"StoneCalendar"},{"floor":10,"key":"Juzu Bracelet"},{"floor":12,"key":"Art of War"},{"floor":26,"key":"Pocketwatch"},{"floor":43,"key":"Vajra"}],"event_choices":[{"damage_healed":0,"gold_gain":0,"player_choice":"Grow","damage_taken":0,"max_hp_gain":0,"max_hp_loss":0,"event_name":"Living Wall","floor":2,"gold_loss":0,"cards_upgraded":["Madness"]},{"cards_removed":["Strike_R"],"damage_healed":0,"gold_gain":0,"player_choice":"Card Removal","damage_taken":0,"max_hp_gain":0,"max_hp_loss":0,"event_name":"The Cleric","floor":3,"gold_loss":75},{"damage_healed":0,"gold_gain":0,"player_choice":"Take Damage","damage_taken":23,"relics_obtained":["Golden Idol"],"max_hp_gain":0,"max_hp_loss":0,"event_name":"Golden Idol","floor":5,"gold_loss":0},{"damage_healed":0,"gold_gain":0,"player_choice":"Ignored","damage_taken":0,"max_hp_gain":0,"max_hp_loss":0,"event_name":"Liars Game","floor":11,"gold_loss":0},{"damage_healed":0,"gold_gain":0,"player_choice":"Simplicity","damage_taken":0,"max_hp_gain":0,"max_hp_loss":0,"event_name":"Back to Basics","floor":19,"gold_loss":0,"cards_upgraded":["Strike_R","Strike_R","Strike_R","Defend_R","Defend_R","Defend_R"]},{"damage_healed":0,"gold_gain":0,"player_choice":"Stole Relic","damage_taken":0,"relics_obtained":["MawBank"],"max_hp_gain":0,"max_hp_loss":0,"event_name":"Addict","floor":21,"gold_loss":0,"cards_obtained":["Shame"]},{"damage_healed":0,"gold_gain":0,"player_choice":"Paid Gold","damage_taken":0,"relics_obtained":["Boot"],"max_hp_gain":0,"max_hp_loss":0,"event_name":"WeMeetAgain","floor":25,"gold_loss":54},{"damage_healed":31,"gold_gain":0,"player_choice":"Full Heal","damage_taken":0,"max_hp_gain":0,"max_hp_loss":0,"event_name":"Wheel of Change","floor":36,"gold_loss":0},{"damage_healed":0,"gold_gain":0,"player_choice":"0 cards matched","damage_taken":0,"max_hp_gain":0,"max_hp_loss":0,"event_name":"Match and Keep!","floor":37,"gold_loss":0,"cards_obtained":[]},{"damage_healed":0,"gold_gain":0,"player_choice":"Embrace Madness","damage_taken":12,"max_hp_gain":0,"max_hp_loss":0,"event_name":"Winding Halls","floor":41,"gold_loss":0,"cards_obtained":["Madness","Madness"]},{"damage_healed":0,"gold_gain":0,"player_choice":"Copied","damage_taken":0,"max_hp_gain":0,"max_hp_loss":0,"event_name":"Duplicator","floor":44,"gold_loss":0,"cards_obtained":["Battle Trance"]}],"is_beta":false,"boss_relics":[{"not_picked":["Philosopher\u0027s Stone","Fusion Hammer"],"picked":"Empty Cage"},{"not_picked":["Astrolabe","Orrery"],"picked":"Lizard Tail"}],"items_purged_floors":[22],"is_endless":false,"potions_floor_spawned":[1,7,10,14,16,24,33,35],"killed_by":"Giant Head","ascension_level":19}