{"gold_per_floor":[167,167,167,167,167,167,177,177,253,282,42,73,73,84,84,180,180,195,68,79,79,79,79,91,124,124,142,13,13,47,47,47,144,144,163,163,26,38,55,55,66,66,66,66,80,130,147,72,72,72],"floor_reached":51,"playtime":2086,"items_purged":["Decay"],"score":1206,"play_id":"8666302e-2a77-441c-a17d-4e5a9b0467c8","local_time":"20190118161557","is_ascension_mode":true,"campfire_choices":[{"data":"Conserve Battery","floor":6,"key":"SMITH"},{"data":"Conserve Battery","floor":8,"key":"SMITH"},{"data":"Buffer","floor":13,"key":"SMITH"},{"data":"Defend_B","floor":15,"key":"SMITH"},{"data":"Electrodynamics","floor":23,"key":"SMITH"},{"floor":32,"key":"REST"},{"floor":40,"key":"REST"},{"data":"Defragment","floor":42,"key":"SMITH"},{"data":"Conserve Battery","floor":44,"key":"SMITH"},{"data":"PanicButton","floor":49,"key":"SMITH"}],"neow_cost":"NONE","seed_source_timestamp":1108742088251135,"circlet_count":0,"master_deck":["AscendersBane","Strike_B","Strike_B","Strike_B","Defend_B+1","Defend_B+1","Defend_B","Defend_B","Zap+1","Dualcast+1","BootSequence+1","Conserve Battery+1","Conserve Battery+1","Buffer+1","Doom and Gloom+1","Beam Cell+1","Electrodynamics+1","Sweeping Beam+1","Defragment+1","Steam","Conserve Battery+1","Doom and Gloom+1","Ball Lightning+1","Electrodynamics","Coolheaded+1","PanicButton+1","Cold Snap+1","Glacier+1"],"relics":["Tiny House","War Paint","Singing Bowl","Mango","Molten Egg 2","Gambling Chip","Nuclear Battery","Du-Vu Doll","Pantograph","Sundial","Inserter","Ice Cream","Girya"],"potions_floor_usage":[10,10,10,10,12,27,30,33,50],"damage_taken":[{"damage":0,"enemies":"Small Slimes","floor":1,"turns":4},{"damage":0,"enemies":"2 Louse","floor":7,"turns":3},{"damage":32,"enemies":"Gremlin Nob","floor":10,"turns":5},{"damage":18,"enemies":"Lagavulin","floor":12,"turns":10},{"damage":0,"enemies":"Jaw Worm","floor":14,"turns":2},{"damage":0,"enemies":"The Guardian","floor":16,"turns":11},{"damage":0,"enemies":"2 Thieves","floor":18,"turns":3},{"damage":0,"enemies":"Shell Parasite","floor":20,"turns":4},{"damage":27,"enemies":"Snake Plant","floor":24,"turns":3},{"damage":32,"enemies":"Gremlin Leader","floor":25,"turns":7},{"damage":0,"enemies":"Cultist and Chosen","floor":27,"turns":5},{"damage":13,"enemies":"Slavers","floor":30,"turns":3},{"damage":63,"enemies":"Automaton","floor":33,"turns":9},{"damage":10,"enemies":"3 Darklings","floor":35,"turns":3},{"damage":4,"enemies":"Orb Walker","floor":38,"turns":4},{"damage":19,"enemies":"Sphere and 2 Shapes","floor":39,"turns":4},{"damage":5,"enemies":"Transient","floor":41,"turns":5},{"damage":4,"enemies":"3 Darklings","floor":45,"turns":3},{"damage":0,"enemies":"2 Orb Walkers","floor":46,"turns":3},{"damage":0,"enemies":"Sphere and 2 Shapes","floor":47,"turns":5},{"damage":24,"enemies":"Time Eater","floor":50,"turns":17}],"seed_played":"-2070325362758557961","potions_obtained":[{"floor":0,"key":"EntropicBrew"},{"floor":7,"key":"EntropicBrew"},{"floor":10,"key":"Dexterity Potion"},{"floor":24,"key":"EssenceOfSteel"},{"floor":25,"key":"FearPotion"},{"floor":35,"key":"SpeedPotion"},{"floor":41,"key":"Weak Potion"}],"is_trial":false,"path_per_floor":["M","?","?","?","?","R","M","R","T","E","$","E","R","M","R","B",null,"M","$","M","$","?","R","M","E","T","M","$","?","E","?","R","B",null,"M","?","$","M","M","R","M","R","T","R","M","?","M","$","R","B",null],"character_chosen":"DEFECT","items_purchased":["Molten Egg 2","Defragment","Steam","FocusPotion","Ball Lightning+1","PanicButton","Cold Snap+1"],"campfire_rested":2,"item_purchase_floors":[11,19,19,28,28,37,37],"current_hp_per_floor":[73,55,55,55,55,55,55,55,55,37,37,19,19,19,19,19,75,75,75,77,77,77,77,52,20,20,20,20,20,9,42,72,34,84,74,74,74,72,55,86,83,83,83,83,79,81,83,83,83,84],"gold":72,"neow_bonus":"BOSS_RELIC","is_prod":false,"is_daily":false,"chose_seed":false,"campfire_upgraded":8,"win_rate":0,"timestamp":1547828157,"path_taken":["M","?","?","?","?","R","M","R","T","E","?","E","R","?","R","BOSS","M","$","M","?","?","R","M","E","T","M","$","?","E","?","R","BOSS","M","?","$","M","M","R","M","R","T","R","M","?","M","?","R","BOSS"],"build_version":"2019-01-10","purchased_purges":1,"victory":true,"max_hp_per_floor":[80,80,80,80,80,80,80,80,80,94,94,94,94,94,94,94,94,94,94,96,96,96,96,98,98,98,98,98,98,100,100,100,100,100,100,100,100,102,104,104,106,106,106,106,106,108,110,110,110,110],"card_choices":[{"not_picked":["Coolheaded","Hologram"],"picked":"BootSequence","floor":0},{"not_picked":["Beam Cell","Go for the Eyes"],"picked":"Conserve Battery","floor":1},{"not_picked":["Barrage","Compile Driver"],"picked":"Conserve Battery","floor":7},{"not_picked":["Beam Cell","Sweeping Beam"],"picked":"Buffer","floor":10},{"not_picked":["Stack","Force Field"],"picked":"Doom and Gloom+1","floor":12},{"not_picked":["Barrage+1","Force Field"],"picked":"Beam Cell+1","floor":14},{"not_picked":["Reboot","Thunder Strike+1"],"picked":"Electrodynamics","floor":16},{"not_picked":["Undo","Chaos"],"picked":"Sweeping Beam+1","floor":18},{"not_picked":["Hello World","Undo","Lockon+1"],"picked":"Singing Bowl","floor":20},{"not_picked":["Rebound+1","Scrape+1","Double Energy"],"picked":"Singing Bowl","floor":24},{"not_picked":["Sweeping Beam+1","Undo"],"picked":"Conserve Battery","floor":25},{"not_picked":["Compile Driver+1","Melter+1"],"picked":"Doom and Gloom+1","floor":27},{"not_picked":["Undo+1","Force Field","Leap"],"picked":"Singing Bowl","floor":30},{"not_picked":["Multi-Cast","Core Surge+1"],"picked":"Electrodynamics","floor":33},{"not_picked":["Ball Lightning+1","Gash+1"],"picked":"Coolheaded+1","floor":35},{"not_picked":["Beam Cell+1","Turbo+1","Rebound+1"],"picked":"Singing Bowl","floor":38},{"not_picked":["Capacitor","Blizzard+1","Go for the Eyes+1"],"picked":"Singing Bowl","floor":39},{"not_picked":["Hologram","Coolheaded","Ball Lightning+1"],"picked":"Singing Bowl","floor":41},{"not_picked":["Stack","Force Field+1"],"picked":"Glacier+1","floor":45},{"not_picked":["Undo","Coolheaded","Double Energy"],"picked":"Singing Bowl","floor":46},{"not_picked":["Doom and Gloom+1","Storm","Sweeping Beam+1"],"picked":"Singing Bowl","floor":47}],"player_experience":134697,"relics_obtained":[{"floor":9,"key":"Singing Bowl"},{"floor":10,"key":"Mango"},{"floor":12,"key":"Gambling Chip"},{"floor":25,"key":"Du-Vu Doll"},{"floor":26,"key":"Pantograph"},{"floor":30,"key":"Sundial"},{"floor":43,"key":"Ice Cream"},{"floor":46,"key":"Girya"}],"event_choices":[{"damage_healed":0,"gold_gain":0,"player_choice":"Success","damage_taken":18,"relics_obtained":["War Paint"],"max_hp_gain":0,"max_hp_loss":0,"event_name":"Scrap Ooze","floor":2,"gold_loss":0},{"damage_healed":0,"gold_gain":0,"player_choice":"Ignored","damage_taken":0,"max_hp_gain":0,"max_hp_loss":0,"event_name":"Liars Game","floor":3,"gold_loss":0},{"damage_healed":0,"gold_gain":0,"player_choice":"Grow","damage_taken":0,"max_hp_gain":0,"max_hp_loss":0,"event_name":"Living Wall","floor":4,"gold_loss":0,"cards_upgraded":["Zap"]},{"damage_healed":0,"gold_gain":0,"player_choice":"Ignored","damage_taken":0,"max_hp_gain":0,"max_hp_loss":0,"event_name":"Golden Wing","floor":5,"gold_loss":0},{"damage_healed":0,"gold_gain":0,"player_choice":"Smashed Altar","damage_taken":0,"max_hp_gain":0,"max_hp_loss":0,"event_name":"Forgotten Altar","floor":22,"gold_loss":0,"cards_obtained":["Decay"]},{"damage_healed":0,"gold_gain":0,"player_choice":"Ignored","damage_taken":0,"max_hp_gain":0,"max_hp_loss":0,"event_name":"Beggar","floor":29,"gold_loss":0},{"damage_healed":33,"gold_gain":0,"player_choice":"Heal","damage_taken":0,"max_hp_gain":0,"max_hp_loss":0,"event_name":"The Library","floor":31,"gold_loss":0},{"cards_removed":["Strike_B"],"damage_healed":0,"gold_gain":0,"player_choice":"Removed Attack","damage_taken":0,"max_hp_gain":0,"max_hp_loss":0,"event_name":"Falling","floor":36,"gold_loss":0},{"damage_healed":0,"gold_gain":0,"player_choice":"Fight","damage_taken":0,"max_hp_gain":0,"max_hp_loss":0,"event_name":"Mysterious Sphere","floor":46,"gold_loss":0}],"is_beta":false,"boss_relics":[{"not_picked":["Philosopher\u0027s Stone","Orrery"],"picked":"Nuclear Battery"},{"not_picked":["White Beast Statue","Eternal Feather"],"picked":"Inserter"}],"items_purged_floors":[48],"is_endless":false,"potions_floor_spawned":[7,10,24,25,35,41,46],"ascension_level":12}