{"gold_per_floor":[360,320,335,355,372,372,398,129,129,94,105,105,105,122,122,201,201,211,211,221,46,62,62,75,75,75,75,75,32,32,32,32,105,105,119,22,40,54,72,72,72],"floor_reached":41,"playtime":1655,"items_purged":["Strike_R","Strike_R"],"score":815,"play_id":"01808a7a-0be0-4e44-9cd5-172d8a67908e","local_time":"20190428170842","is_ascension_mode":true,"campfire_choices":[{"data":"Corruption","floor":6,"key":"SMITH"},{"data":"Rage","floor":12,"key":"SMITH"},{"floor":15,"key":"REST"},{"floor":23,"key":"REST"},{"floor":25,"key":"REST"},{"data":"Ghostly","floor":28,"key":"SMITH"},{"data":"Ghostly","floor":30,"key":"SMITH"},{"data":"Ghostly","floor":32,"key":"SMITH"},{"data":"1","floor":40,"key":"LIFT"}],"neow_cost":"PERCENT_DAMAGE","seed_source_timestamp":3092187645415911,"circlet_count":0,"master_deck":["AscendersBane","Strike_R","Strike_R","Strike_R+1","Defend_R","Defend_R","Defend_R","Defend_R","Bash","Clash","Dropkick","Corruption+1","Thunderclap","Limit Break","Rage+1","Fiend Fire+1","Disarm","Offering","Ghostly+1","Ghostly+1","Ghostly+1","Dual Wield","Feel No Pain","Parasite"],"relics":["Burning Blood","Girya","Bag of Preparation","Paper Frog","Busted Crown","Enchiridion","Whetstone","Runic Pyramid"],"potions_floor_usage":[4,7,14,14,16,33],"damage_taken":[{"damage":8,"enemies":"2 Louse","floor":1,"turns":4},{"damage":8,"enemies":"Cultist","floor":3,"turns":5},{"damage":6,"enemies":"Small Slimes","floor":4,"turns":3},{"damage":2,"enemies":"3 Louse","floor":5,"turns":4},{"damage":46,"enemies":"3 Sentries","floor":7,"turns":10},{"damage":0,"enemies":"2 Fungi Beasts","floor":11,"turns":2},{"damage":2,"enemies":"Looter","floor":14,"turns":3},{"damage":35,"enemies":"The Guardian","floor":16,"turns":10},{"damage":10,"enemies":"2 Thieves","floor":18,"turns":5},{"damage":14,"enemies":"Chosen","floor":20,"turns":5},{"damage":6,"enemies":"Snake Plant","floor":22,"turns":4},{"damage":17,"enemies":"Cultist and Chosen","floor":24,"turns":6},{"damage":22,"enemies":"Automaton","floor":33,"turns":9},{"damage":1,"enemies":"3 Darklings","floor":35,"turns":4},{"damage":6,"enemies":"3 Shapes","floor":37,"turns":4},{"damage":7,"enemies":"Writhing Mass","floor":38,"turns":5},{"damage":19,"enemies":"Sphere and 2 Shapes","floor":39,"turns":7},{"damage":36,"enemies":"Reptomancer","floor":41,"turns":5}],"seed_played":"-2560477610322500297","potions_obtained":[{"floor":2,"key":"Fire Potion"},{"floor":2,"key":"PowerPotion"},{"floor":5,"key":"SteroidPotion"},{"floor":11,"key":"SteroidPotion"},{"floor":14,"key":"SteroidPotion"},{"floor":22,"key":"Strength Potion"},{"floor":24,"key":"AttackPotion"},{"floor":33,"key":"EssenceOfSteel"}],"is_trial":false,"path_per_floor":["M","?","M","M","M","R","E","$","T","?","M","R","?","M","R","B",null,"M","?","M","$","M","R","M","R","T","?","R","$","R","?","R","B",null,"M","$","M","M","M","R","E"],"character_chosen":"IRONCLAD","items_purchased":["Bag of Preparation","Rage","Offering","Dual Wield","Strength Potion","Feel No Pain"],"campfire_rested":3,"item_purchase_floors":[8,8,21,29,36,36],"current_hp_per_floor":[48,48,46,46,50,50,10,10,10,10,16,16,16,20,42,13,60,56,35,27,27,27,49,38,60,60,37,37,37,37,37,37,21,33,37,37,37,36,23,23,0],"gold":72,"neow_bonus":"TWO_FIFTY_GOLD","is_prod":false,"is_daily":false,"chose_seed":false,"campfire_upgraded":5,"win_rate":0,"timestamp":1556467722,"path_taken":["M","?","?","?","M","R","E","$","T","?","M","R","?","M","R","BOSS","M","?","M","$","M","R","M","R","T","?","R","$","R","?","R","BOSS","M","$","M","M","M","R","E"],"build_version":"2019-01-23","purchased_purges":2,"victory":false,"max_hp_per_floor":[75,75,75,75,75,75,75,75,75,75,75,75,75,75,75,75,75,75,75,75,75,75,75,75,75,75,37,37,37,37,37,37,37,37,37,37,37,37,37,37,37],"card_choices":[{"not_picked":["Sever Soul","Sword Boomerang"],"picked":"Clash","floor":1},{"not_picked":["Pommel Strike","Cleave"],"picked":"Dropkick","floor":3},{"not_picked":["Headbutt","Combust"],"picked":"Corruption","floor":4},{"not_picked":["Iron Wave","True Grit"],"picked":"Thunderclap","floor":5},{"not_picked":["Whirlwind","Pommel Strike"],"picked":"Limit Break","floor":7},{"not_picked":["Armaments","Headbutt","Iron Wave"],"picked":"SKIP","floor":11},{"not_picked":["Anger","Twin Strike","Blood for Blood"],"picked":"SKIP","floor":14},{"not_picked":["Immolate","Brutality"],"picked":"Fiend Fire","floor":16},{"not_picked":["Havoc"],"picked":"SKIP","floor":18},{"not_picked":["Havoc"],"picked":"SKIP","floor":18},{"not_picked":[],"picked":"Disarm","floor":20},{"not_picked":["Thunderclap"],"picked":"SKIP","floor":22},{"not_picked":["Cleave"],"picked":"SKIP","floor":24},{"not_picked":["Rupture"],"picked":"SKIP","floor":35},{"not_picked":["Shockwave"],"picked":"SKIP","floor":37},{"not_picked":["Sword Boomerang"],"picked":"SKIP","floor":38},{"not_picked":["Perfected Strike"],"picked":"SKIP","floor":39}],"player_experience":236875,"relics_obtained":[{"floor":7,"key":"Girya"},{"floor":9,"key":"Paper Frog"},{"floor":19,"key":"Enchiridion"},{"floor":26,"key":"Whetstone"}],"event_choices":[{"damage_healed":0,"gold_gain":0,"player_choice":"Bought 3 Potions","damage_taken":0,"max_hp_gain":0,"max_hp_loss":0,"event_name":"The Woman in Blue","floor":2,"gold_loss":0},{"damage_healed":0,"gold_gain":0,"player_choice":"Left Gold","damage_taken":0,"max_hp_gain":0,"max_hp_loss":0,"event_name":"World of Goop","floor":10,"gold_loss":35},{"damage_healed":0,"gold_gain":0,"player_choice":"Searched \u00270\u0027 times","damage_taken":0,"max_hp_gain":0,"max_hp_loss":0,"event_name":"Dead Adventurer","floor":13,"gold_loss":0},{"damage_healed":0,"gold_gain":0,"player_choice":"Obtained Book","damage_taken":21,"max_hp_gain":0,"max_hp_loss":0,"event_name":"Cursed Tome","floor":19,"gold_loss":0},{"damage_healed":0,"gold_gain":0,"player_choice":"Became a Ghost","damage_taken":0,"max_hp_gain":0,"max_hp_loss":38,"event_name":"Ghosts","floor":27,"gold_loss":0,"cards_obtained":["Ghostly","Ghostly","Ghostly"]}],"is_beta":false,"boss_relics":[{"not_picked":["Eternal Feather","Calling Bell"],"picked":"Busted Crown"},{"not_picked":["Black Blood","Lizard Tail"],"picked":"Runic Pyramid"}],"items_purged_floors":[8,21],"is_endless":false,"potions_floor_spawned":[5,11,14,22,24,33,38],"killed_by":"Reptomancer","ascension_level":19}