{"gold_per_floor":[109,121,68,68,33,64,64,82,162,189,189,219,250,275,287,371,383,415,447,459,485,497,509,531,543,555,567,579,609,621,648,660,747,759,785,815,244,261,276,276,310,329,329,348,361,461,461,461,461,461],"floor_reached":51,"playtime":2349,"items_purged":[],"score":1308,"play_id":"ba1ae1b7-1232-412b-a039-05472c5f404e","local_time":"20190121170403","is_ascension_mode":true,"campfire_choices":[{"data":"1","floor":15,"key":"LIFT"},{"data":"Buffer","floor":23,"key":"SMITH"},{"data":"Defragment","floor":25,"key":"SMITH"},{"data":"Hologram","floor":28,"key":"SMITH"},{"floor":30,"key":"REST"},{"floor":32,"key":"REST"},{"floor":40,"key":"REST"},{"floor":49,"key":"REST"}],"neow_cost":"NONE","seed_source_timestamp":1370528938476804,"circlet_count":0,"master_deck":["AscendersBane","Defend_B+1","Defend_B+1","Defend_B+1","Defend_B+1","Zap","Dualcast","Beam Cell+1","Ball Lightning","Ball Lightning","Self Repair","Ball Lightning","Steam","Beam Cell","Cold Snap","Buffer+1","Hologram+1","Stack","Bite","Bite","Bite","Bite","Bite","Go for the Eyes","Defragment+1","Glacier","Buffer","Consume","Defragment","Defragment","Buffer+1","Coolheaded","Steam+1","Parasite","Conserve Battery","PanicButton"],"relics":["Cracked Core","NeowsBlessing","Oddly Smooth Stone","Girya","Bottled Tornado","Symbiotic Virus","NlothsMask","MawBank","Inserter","Runic Dome","DataDisk","Lantern","DollysMirror","Art of War","Kunai","Prayer Wheel"],"potions_floor_usage":[8,24,33,33,42,50,50],"damage_taken":[{"damage":0,"enemies":"Small Slimes","floor":1,"turns":1},{"damage":0,"enemies":"Cultist","floor":2,"turns":1},{"damage":0,"enemies":"3 Sentries","floor":6,"turns":1},{"damage":0,"enemies":"2 Louse","floor":8,"turns":1},{"damage":15,"enemies":"Lagavulin","floor":10,"turns":5},{"damage":17,"enemies":"3 Sentries","floor":12,"turns":5},{"damage":10,"enemies":"Exordium Wildlife","floor":13,"turns":4},{"damage":0,"enemies":"Blue Slaver","floor":14,"turns":3},{"damage":19,"enemies":"Hexaghost","floor":16,"turns":8},{"damage":0,"enemies":"Spheric Guardian","floor":18,"turns":3},{"damage":27,"enemies":"Shell Parasite","floor":19,"turns":6},{"damage":24,"enemies":"Centurion and Healer","floor":21,"turns":6},{"damage":0,"enemies":"Cultist and Chosen","floor":24,"turns":7},{"damage":14,"enemies":"Chosen and Byrds","floor":29,"turns":5},{"damage":28,"enemies":"Shelled Parasite and Fungi","floor":31,"turns":8},{"damage":20,"enemies":"Collector","floor":33,"turns":12},{"damage":11,"enemies":"Orb Walker","floor":35,"turns":3},{"damage":46,"enemies":"3 Darklings","floor":36,"turns":22},{"damage":35,"enemies":"Spire Growth","floor":38,"turns":7},{"damage":18,"enemies":"Writhing Mass","floor":39,"turns":6},{"damage":7,"enemies":"Nemesis","floor":41,"turns":13},{"damage":4,"enemies":"Jaw Worm Horde","floor":42,"turns":5},{"damage":0,"enemies":"Maw","floor":44,"turns":8},{"damage":40,"enemies":"Writhing Mass","floor":45,"turns":8},{"damage":12,"enemies":"Mind Bloom Boss Battle","floor":46,"turns":7},{"damage":34,"enemies":"Time Eater","floor":50,"turns":21}],"seed_played":"-4165750765654093374","potions_obtained":[{"floor":1,"key":"Strength Potion"},{"floor":10,"key":"FocusPotion"},{"floor":12,"key":"Explosive Potion"},{"floor":18,"key":"PowerPotion"},{"floor":29,"key":"FocusPotion"},{"floor":36,"key":"FocusPotion"},{"floor":38,"key":"SkillPotion"},{"floor":42,"key":"FocusPotion"}],"is_trial":false,"path_per_floor":["M","M","$","?","$","E","?","M","T","E","?","E","M","M","R","B",null,"M","M","?","M","?","R","M","R","T","?","R","M","R","M","R","B",null,"M","M","$","M","M","R","E","M","T","M","M","?","?","?","R","B",null],"character_chosen":"DEFECT","items_purchased":["Ball Lightning","Self Repair","DataDisk","Defragment","Lantern","DollysMirror","Coolheaded"],"campfire_rested":4,"item_purchase_floors":[3,5,37,37,37,37,37],"current_hp_per_floor":[64,64,64,46,46,46,46,46,46,38,38,28,25,32,32,20,58,65,45,45,38,38,38,49,49,49,37,37,36,52,40,54,54,54,54,54,54,30,25,41,54,54,54,54,31,36,36,36,52,39],"gold":461,"neow_bonus":"THREE_ENEMY_KILL","is_prod":false,"is_daily":false,"chose_seed":false,"campfire_upgraded":3,"win_rate":0,"timestamp":1548090243,"path_taken":["M","M","$","?","$","E","?","M","T","E","?","E","?","M","R","BOSS","M","M","?","M","?","R","M","R","T","?","R","?","R","M","R","BOSS","M","M","$","M","M","R","E","M","T","M","M","?","?","?","R","BOSS"],"build_version":"2019-01-17v2","purchased_purges":0,"victory":true,"max_hp_per_floor":[71,71,71,71,71,71,71,71,71,71,71,71,71,71,71,71,71,71,71,49,49,49,49,49,49,49,54,54,54,54,54,54,54,54,54,54,54,54,54,54,54,54,54,54,54,54,54,54,54,54],"card_choices":[{"not_picked":["Genetic Algorithm","Coolheaded"],"picked":"Beam Cell","floor":1},{"not_picked":["Loop","Genetic Algorithm"],"picked":"Ball Lightning","floor":2},{"not_picked":["Gash","Leap"],"picked":"Ball Lightning","floor":6},{"not_picked":["Streamline","Consume"],"picked":"Steam","floor":8},{"not_picked":["Force Field","Coolheaded"],"picked":"Beam Cell","floor":10},{"not_picked":["Amplify","Sweeping Beam","Consume"],"picked":"SKIP","floor":12},{"not_picked":["Streamline","Blizzard"],"picked":"Cold Snap","floor":13},{"not_picked":["Tempest","Coolheaded","Leap"],"picked":"SKIP","floor":14},{"not_picked":["All For One","Machine Learning"],"picked":"Buffer","floor":16},{"not_picked":["Rebound+1","Steam"],"picked":"Hologram","floor":18},{"not_picked":["Skim","Streamline"],"picked":"Stack","floor":19},{"not_picked":["Barrage","Gash"],"picked":"Go for the Eyes","floor":21},{"not_picked":["Stack","Go for the Eyes"],"picked":"Defragment","floor":24},{"not_picked":["Compile Driver","Hologram"],"picked":"Glacier","floor":29},{"not_picked":["Rip and Tear","Leap","Steam"],"picked":"SKIP","floor":31},{"not_picked":["Rainbow","Fission"],"picked":"Buffer","floor":33},{"not_picked":["Turbo+1","Defragment"],"picked":"Consume","floor":35},{"not_picked":["Aggregate","Leap+1"],"picked":"Defragment","floor":36},{"not_picked":["Beam Cell+1","Turbo"],"picked":"Steam+1","floor":38},{"not_picked":["Redo","Creative AI","Heatsinks+1"],"picked":"SKIP","floor":39},{"not_picked":["Reprogram","Sweeping Beam"],"picked":"Conserve Battery","floor":41},{"not_picked":["Compile Driver","Conserve Battery","Steam"],"picked":"SKIP","floor":42},{"not_picked":["Ball Lightning","Rebound","Go for the Eyes"],"picked":"SKIP","floor":44},{"not_picked":["Fusion","Aggregate","Blizzard+1"],"picked":"SKIP","floor":45},{"not_picked":["Flash of Steel","Chrysalis"],"picked":"PanicButton","floor":48}],"player_experience":165118,"relics_obtained":[{"floor":6,"key":"Girya"},{"floor":9,"key":"Bottled Tornado"},{"floor":10,"key":"Symbiotic Virus"},{"floor":12,"key":"MawBank"},{"floor":41,"key":"Art of War"},{"floor":43,"key":"Kunai"},{"floor":46,"key":"Prayer Wheel"}],"event_choices":[{"damage_healed":0,"gold_gain":0,"player_choice":"Success","damage_taken":18,"relics_obtained":["Oddly Smooth Stone"],"max_hp_gain":0,"max_hp_loss":0,"event_name":"Scrap Ooze","floor":4,"gold_loss":0},{"damage_healed":0,"gold_gain":0,"player_choice":"Grow","damage_taken":0,"max_hp_gain":0,"max_hp_loss":0,"event_name":"Living Wall","floor":7,"gold_loss":0,"cards_upgraded":["Beam Cell"]},{"damage_healed":0,"gold_gain":0,"player_choice":"Trade","damage_taken":0,"relics_obtained":["NlothsMask"],"max_hp_gain":0,"max_hp_loss":0,"event_name":"FaceTrader","floor":11,"gold_loss":0},{"damage_healed":0,"gold_gain":0,"player_choice":"Became a vampire","damage_taken":0,"max_hp_gain":0,"max_hp_loss":22,"event_name":"Vampires","floor":20,"gold_loss":0,"cards_obtained":["Bite","Bite","Bite","Bite","Bite"]},{"damage_healed":0,"gold_gain":0,"player_choice":"Simplicity","damage_taken":0,"max_hp_gain":0,"max_hp_loss":0,"event_name":"Back to Basics","floor":22,"gold_loss":0,"cards_upgraded":["Defend_B","Defend_B","Defend_B","Defend_B"]},{"damage_healed":0,"gold_gain":0,"player_choice":"Shed Blood","damage_taken":17,"max_hp_gain":5,"max_hp_loss":0,"event_name":"Forgotten Altar","floor":27,"gold_loss":0},{"damage_healed":0,"gold_gain":0,"player_choice":"Fight","damage_taken":0,"max_hp_gain":0,"max_hp_loss":0,"event_name":"MindBloom","floor":46,"gold_loss":0},{"damage_healed":0,"gold_gain":0,"player_choice":"Ignored","damage_taken":0,"max_hp_gain":0,"max_hp_loss":0,"event_name":"Mysterious Sphere","floor":47,"gold_loss":0},{"damage_healed":0,"gold_gain":0,"player_choice":"Memory 1","damage_taken":0,"max_hp_gain":0,"max_hp_loss":0,"event_name":"SensoryStone","floor":48,"gold_loss":0}],"is_beta":false,"boss_relics":[{"not_picked":["Fusion Hammer","Snecko Eye"],"picked":"Inserter"},{"not_picked":["Orrery","Sozu"],"picked":"Runic Dome"}],"items_purged_floors":[],"is_endless":false,"potions_floor_spawned":[1,10,12,13,14,18,29,31,36,38,42,44],"ascension_level":15}