{"gold_per_floor":[109,128,23,38,58,83,83,116,170,170,196,261,273,273,273,345,345,315,315,51,51,51,51,51,51,51,51,51,51,51,51,51,51,51,51,51,51,4,4,4,4,4,4,4,4,4,4,4,4,4],"floor_reached":50,"playtime":2065,"items_purged":[],"score":1068,"play_id":"edf3e075-61e6-4230-82a7-aec9f3824aa9","local_time":"20180823183133","is_ascension_mode":true,"campfire_choices":[{"floor":7,"key":"REST"},{"data":"Carnage","floor":10,"key":"SMITH"},{"data":"Flex","floor":15,"key":"SMITH"},{"data":"Whirlwind","floor":24,"key":"SMITH"},{"floor":29,"key":"REST"},{"floor":32,"key":"REST"},{"floor":40,"key":"REST"},{"floor":42,"key":"REST"},{"floor":49,"key":"REST"}],"neow_cost":"NONE","seed_source_timestamp":704380298523039,"circlet_count":0,"master_deck":["Strike_R","Strike_R","Strike_R","Strike_R","Strike_R","Bash","AscendersBane","Thunderclap","Clash","Carnage+1","Flex+1","Feed","Heavy Blade","Bludgeon","Whirlwind+1","Burning Pact","Clash","Limit Break","Offering","Flex","Clash+1","Clash","Dropkick","Writhe"],"relics":["Burning Blood","Vajra","Ornamental Fan","Red Skull","Potion Belt","Odd Mushroom","Tiny Chest","Ectoplasm","Nilry\u0027s Codex","Sling","Darkstone Periapt","Blood Vial","Ancient Tea Set","Fusion Hammer","NlothsMask","Shuriken"],"potions_floor_usage":[8,12,16,16,23,25,33,35,44,50],"damage_taken":[{"damage":1,"enemies":"Cultist","floor":1,"turns":4},{"damage":15,"enemies":"Small Slimes","floor":2,"turns":4},{"damage":0,"enemies":"2 Louse","floor":4,"turns":2},{"damage":5,"enemies":"Gremlin Gang","floor":5,"turns":3},{"damage":40,"enemies":"Lagavulin","floor":6,"turns":5},{"damage":6,"enemies":"Gremlin Nob","floor":8,"turns":3},{"damage":8,"floor":11,"turns":3},{"damage":11,"enemies":"3 Sentries","floor":12,"turns":4},{"damage":14,"enemies":"Red Slaver","floor":13,"turns":2},{"damage":45,"enemies":"Hexaghost","floor":16,"turns":6},{"damage":18,"enemies":"2 Thieves","floor":18,"turns":3},{"damage":8,"enemies":"3 Byrds","floor":22,"turns":3},{"damage":23,"enemies":"Slavers","floor":23,"turns":3},{"damage":14,"enemies":"Centurion and Healer","floor":25,"turns":2},{"damage":20,"enemies":"Snake Plant","floor":28,"turns":2},{"damage":0,"enemies":"Gremlin Leader","floor":30,"turns":3},{"damage":61,"enemies":"Collector","floor":33,"turns":4},{"damage":6,"enemies":"Orb Walker","floor":35,"turns":1},{"damage":35,"enemies":"3 Shapes","floor":39,"turns":2},{"damage":27,"enemies":"Nemesis","floor":41,"turns":3},{"damage":25,"enemies":"Spire Growth","floor":44,"turns":3},{"damage":52,"enemies":"Sphere and 2 Shapes","floor":47,"turns":3},{"damage":61,"enemies":"Transient","floor":48,"turns":5},{"damage":58,"enemies":"Donu and Deca","floor":50,"turns":4}],"seed_played":"-4863477287151415312","potions_obtained":[{"floor":4,"key":"LiquidBronze"},{"floor":6,"key":"SpeedPotion"},{"floor":11,"key":"Poison Potion"},{"floor":12,"key":"Explosive Potion"},{"floor":13,"key":"AttackPotion"},{"floor":22,"key":"Regen Potion"},{"floor":30,"key":"AttackPotion"},{"floor":33,"key":"Energy Potion"},{"floor":41,"key":"EssenceOfSteel"},{"floor":48,"key":"BloodPotion"}],"is_trial":false,"path_per_floor":["M","M","?","M","M","E","R","E","T","R","?","E","M","?","R","B",null,"M","?","$","?","M","E","R","M","T","$","M","R","E","$","R","B",null,"M","?","?","$","M","R","E","R","T","M","?","?","M","M","R"],"character_chosen":"IRONCLAD","items_purchased":["Sling","Whirlwind","Flex"],"campfire_rested":6,"item_purchase_floors":[20,20,38],"current_hp_per_floor":[73,64,64,70,71,37,59,59,59,59,60,58,53,53,53,14,67,58,37,37,37,35,30,30,25,25,25,16,43,51,51,78,25,76,81,81,81,81,57,86,70,100,100,83,108,108,65,12,45,0],"gold":4,"neow_bonus":"REMOVE_CARD","is_prod":false,"is_daily":false,"chose_seed":false,"campfire_upgraded":3,"win_rate":0,"timestamp":1535045493,"path_taken":["M","M","?","M","M","E","R","E","T","R","?","E","?","?","R","BOSS","M","?","$","?","M","E","R","?","T","?","?","R","E","$","R","BOSS","M","?","?","?","?","R","E","R","T","M","?","?","M","M","R","BOSS"],"build_version":"2018-08-16","purchased_purges":0,"victory":false,"max_hp_per_floor":[75,75,75,75,75,75,75,75,75,75,78,81,84,84,84,84,84,87,87,87,87,87,87,87,90,90,90,93,93,93,93,93,93,93,96,96,96,96,99,99,102,102,102,102,108,108,111,111,111,111],"card_choices":[{"not_picked":["Sword Boomerang","Perfected Strike"],"picked":"Thunderclap","floor":1},{"not_picked":["Heavy Blade","True Grit"],"picked":"Clash","floor":2},{"not_picked":["Metallicize","Perfected Strike"],"picked":"Carnage","floor":4},{"not_picked":["Shockwave","Pummel"],"picked":"Flex","floor":5},{"not_picked":["Headbutt","Havoc","Warcry"],"picked":"SKIP","floor":6},{"not_picked":["Perfected Strike","Sentinel"],"picked":"Feed","floor":8},{"not_picked":["Anger","Combust"],"picked":"Heavy Blade","floor":12},{"not_picked":["Twin Strike","Anger","Feel No Pain"],"picked":"SKIP","floor":13},{"not_picked":["Feed","Fiend Fire"],"picked":"Bludgeon","floor":16},{"not_picked":["True Grit","Headbutt","Rampage"],"picked":"SKIP","floor":18},{"not_picked":["Fire Breathing","Anger"],"picked":"Burning Pact","floor":22},{"not_picked":["Havoc","Sever Soul","Body Slam"],"picked":"SKIP","floor":23},{"not_picked":["Havoc","Cleave+1"],"picked":"Clash","floor":25},{"not_picked":["Heavy Blade","Corruption"],"picked":"Limit Break","floor":28},{"not_picked":["Cleave","Anger","Thunderclap+1"],"picked":"SKIP","floor":30},{"not_picked":["Reaper","Exhume"],"picked":"Offering","floor":33},{"not_picked":["Warcry","Whirlwind","Thunderclap"],"picked":"SKIP","floor":35},{"not_picked":["Sword Boomerang","Dual Wield"],"picked":"Clash+1","floor":39},{"not_picked":["Dual Wield","Cleave+1"],"picked":"Clash","floor":41},{"not_picked":["Armaments","Warcry"],"picked":"Dropkick","floor":44},{"not_picked":["Metallicize","Berserk","Wild Strike"],"picked":"SKIP","floor":47},{"not_picked":["Havoc","Cleave","Shrug It Off"],"picked":"SKIP","floor":48}],"player_experience":308513,"relics_obtained":[{"floor":6,"key":"Ornamental Fan"},{"floor":8,"key":"Red Skull"},{"floor":9,"key":"Potion Belt"},{"floor":11,"key":"Odd Mushroom"},{"floor":12,"key":"Tiny Chest"},{"floor":19,"key":"Nilry\u0027s Codex"},{"floor":23,"key":"Darkstone Periapt"},{"floor":26,"key":"Blood Vial"},{"floor":30,"key":"Ancient Tea Set"},{"floor":41,"key":"Shuriken"}],"event_choices":[{"event_name":"WeMeetAgain","player_choice":"Gold","floor":3,"damage_taken":0},{"event_name":"Mushrooms","player_choice":"Fought Mushrooms","floor":11,"damage_taken":0},{"event_name":"Living Wall","player_choice":"Forget","floor":14,"damage_taken":0},{"event_name":"Cursed Tome","player_choice":"Obtained Book","floor":19,"damage_taken":0},{"event_name":"Back to Basics","player_choice":"Elegance","floor":21,"damage_taken":0},{"event_name":"Golden Shrine","player_choice":"Pray","floor":36,"damage_taken":0},{"event_name":"FaceTrader","player_choice":"Trade","floor":37,"damage_taken":0},{"event_name":"Winding Halls","player_choice":"Writhe","floor":45,"damage_taken":0},{"event_name":"Falling","player_choice":"Removed Skill","floor":46,"damage_taken":0}],"is_beta":false,"boss_relics":[{"not_picked":["Pandora\u0027s Box","Lizard Tail"],"picked":"Ectoplasm"},{"not_picked":["Calling Bell","Astrolabe"],"picked":"Fusion Hammer"}],"items_purged_floors":[],"is_endless":false,"potions_floor_spawned":[4,6,11,12,13,22,30,33,41,48],"killed_by":"Donu and Deca","ascension_level":15}