{"gold_per_floor":[114,134,134,134,309,336,400,400,427,172,191,223,244,264,264,359,359,370,370,359,53,68,95,107,107,132,132,146,162,174,69,69,174,174,187,187,187,187,187,187,187],"floor_reached":41,"playtime":2270,"items_purged":["Doubt","Decay"],"score":570,"play_id":"ce635dc0-c38a-4189-91e8-41c17b377c03","local_time":"20180628172248","is_ascension_mode":true,"campfire_choices":[{"data":"Zap","floor":8,"key":"SMITH"},{"floor":15,"key":"REST"},{"data":"Defragment","floor":25,"key":"SMITH"},{"data":"Defragment","floor":32,"key":"SMITH"},{"data":"Self Repair","floor":40,"key":"SMITH"}],"neow_cost":"NONE","seed_source_timestamp":322541746079016,"circlet_count":0,"master_deck":["Strike_B+1","Strike_B+1","Strike_B+1","Strike_B+1","Defend_B+1","Defend_B+1","Defend_B+1","Defend_B+1","Zap+1","Dualcast","Rebound","Cold Snap","Coolheaded","Echo Form","Hologram","Go for the Eyes","Cold Snap","Core Surge","Defragment+1","Loop","Reprogram","Stack","Go for the Eyes","Leap","Defragment+1","Double Energy+1","Conserve Battery+1","Self Repair+1","Capacitor+1","Madness+1","Madness+1"],"relics":["Cracked Core","NeowsBlessing","Calipers","Ancient Tea Set","Whetstone","Oddly Smooth Stone","Regal Pillow","Odd Mushroom","Coffee Dripper","Toxic Egg 2","Omamori","Eternal Feather"],"potions_floor_usage":[7,7,12,13,18,22,33,33,39],"damage_taken":[{"damage":0,"enemies":"Small Slimes","floor":1,"turns":1},{"damage":0,"enemies":"Jaw Worm","floor":2,"turns":1},{"damage":0,"enemies":"3 Sentries","floor":6,"turns":1},{"damage":20,"enemies":"Lagavulin Event","floor":7,"turns":6},{"damage":0,"enemies":"Cultist","floor":11,"turns":2},{"damage":17,"enemies":"Gremlin Nob","floor":12,"turns":4},{"damage":16,"floor":13,"turns":4},{"damage":0,"enemies":"2 Fungi Beasts","floor":14,"turns":3},{"damage":28,"enemies":"The Guardian","floor":16,"turns":12},{"damage":13,"enemies":"Chosen","floor":18,"turns":6},{"damage":15,"enemies":"2 Thieves","floor":20,"turns":4},{"damage":8,"enemies":"Centurion and Healer","floor":22,"turns":9},{"damage":15,"enemies":"Gremlin Leader","floor":23,"turns":14},{"damage":18,"enemies":"Sentry and Sphere","floor":24,"turns":8},{"damage":0,"enemies":"3 Cultists","floor":28,"turns":7},{"damage":16,"enemies":"Snake Plant","floor":29,"turns":6},{"damage":0,"enemies":"Centurion and Healer","floor":30,"turns":8},{"damage":0,"enemies":"Champ","floor":33,"turns":16},{"damage":41,"enemies":"Flame Bruiser 1 Orb","floor":35,"turns":13},{"damage":9,"enemies":"Orb Walker","floor":39,"turns":3},{"damage":96,"enemies":"2 Orb Walkers","floor":41,"turns":4}],"seed_played":"-4039471580347084861","potions_obtained":[{"floor":1,"key":"Block Potion"},{"floor":6,"key":"Poison Potion"},{"floor":7,"key":"SkillPotion"},{"floor":12,"key":"EssenceOfSteel"},{"floor":16,"key":"Weak Potion"},{"floor":20,"key":"Swift Potion"},{"floor":22,"key":"FairyPotion"},{"floor":29,"key":"Swift Potion"},{"floor":30,"key":"Dexterity Potion"},{"floor":35,"key":"SmokeBomb"}],"is_trial":false,"path_per_floor":["M","M","?","T","?","E","?","R","T","$","M","E","?","M","R","B",null,"M","?","M","$","M","E","M","R","T","?","M","M","M","$","R","B",null,"M","?","?","?","M","R"],"character_chosen":"DEFECT","items_purchased":["Echo Form","Hologram","Go for the Eyes","Loop","Reprogram","Stack","Go for the Eyes","Conserve Battery+1","Self Repair"],"campfire_rested":1,"item_purchase_floors":[10,10,10,21,21,21,21,31,31],"current_hp_per_floor":[75,75,60,60,60,60,40,40,40,40,40,23,7,7,44,16,75,62,62,47,47,39,24,6,6,6,6,6,2,2,2,2,9,75,41,85,74,74,72,84,0],"gold":187,"neow_bonus":"THREE_ENEMY_KILL","is_prod":false,"is_daily":false,"chose_seed":false,"campfire_upgraded":4,"win_rate":0,"timestamp":1530228168,"path_taken":["M","M","?","?","?","E","?","R","T","$","M","E","?","M","R","BOSS","M","?","M","$","?","E","M","R","T","?","M","M","M","$","R","BOSS","M","?","?","?","?","R","E"],"build_version":"2018-06-28","purchased_purges":2,"victory":false,"max_hp_per_floor":[75,75,75,75,75,75,75,75,75,75,75,75,75,75,75,75,75,75,75,75,75,75,75,75,75,75,75,75,75,75,75,75,75,75,75,85,85,85,85,85,85],"card_choices":[{"not_picked":["Darkness","Steam"],"picked":"Rebound","floor":1},{"not_picked":["Darkness","BootSequence"],"picked":"Cold Snap","floor":2},{"not_picked":["Steam","BootSequence"],"picked":"Coolheaded","floor":6},{"not_picked":["Fusion","Streamline"],"picked":"Cold Snap","floor":11},{"not_picked":["Consume","Reinforced Body","Turbo"],"picked":"SKIP","floor":12},{"not_picked":["Sweeping Beam","Rebound","Barrage"],"picked":"SKIP","floor":14},{"not_picked":["Meteor Strike","All For One"],"picked":"Core Surge","floor":16},{"not_picked":["Turbo","Darkness"],"picked":"Defragment","floor":18},{"not_picked":["Gash+1","Streamline","Rip and Tear"],"picked":"SKIP","floor":20},{"not_picked":["Cold Snap+1","Heatsinks"],"picked":"Leap","floor":22},{"not_picked":["Rebound","Conserve Battery"],"picked":"Defragment","floor":23},{"not_picked":["Beam Cell","Creative AI","Stack+1"],"picked":"SKIP","floor":24},{"not_picked":["Melter","Gash","Turbo+1"],"picked":"SKIP","floor":28},{"not_picked":["Ball Lightning","Scrape"],"picked":"Double Energy+1","floor":29},{"not_picked":["Steam+1","Stack+1","Static Discharge"],"picked":"SKIP","floor":30},{"not_picked":["Machine Learning","Multi-Cast+1"],"picked":"Amplify+1","floor":33},{"not_picked":["Go for the Eyes+1","Coolheaded+1"],"picked":"Capacitor+1","floor":35}],"player_experience":414092,"relics_obtained":[{"floor":4,"key":"Calipers"},{"floor":6,"key":"Ancient Tea Set"},{"floor":7,"key":"Whetstone"},{"floor":9,"key":"Oddly Smooth Stone"},{"floor":12,"key":"Regal Pillow"},{"floor":13,"key":"Odd Mushroom"},{"floor":23,"key":"Toxic Egg 2"},{"floor":26,"key":"Omamori"}],"event_choices":[{"event_name":"Shining Light","player_choice":"Entered Light","floor":3,"damage_taken":0},{"event_name":"Liars Game","player_choice":"agreed","floor":5,"damage_taken":0},{"event_name":"Dead Adventurer","player_choice":"Searched \u00271\u0027 times","floor":7,"damage_taken":0},{"event_name":"Mushrooms","player_choice":"Fought Mushrooms","floor":13,"damage_taken":0},{"event_name":"Forgotten Altar","player_choice":"Smashed Altar","floor":19,"damage_taken":0},{"event_name":"Back to Basics","player_choice":"Simplicity","floor":27,"damage_taken":0},{"event_name":"Bonfire Elementals","player_choice":"RARE","floor":36,"damage_taken":0},{"event_name":"Winding Halls","player_choice":"Embrace Madness","floor":37,"damage_taken":0},{"event_name":"Tomb of Lord Red Mask","player_choice":"Ignored","floor":38,"damage_taken":0}],"boss_relics":[{"not_picked":["Lizard Tail","Velvet Choker"],"picked":"Coffee Dripper"},{"not_picked":["Runic Dome","Snecko Eye"],"picked":"Eternal Feather"}],"items_purged_floors":[10,21],"is_endless":false,"potions_floor_spawned":[1,6,7,12,16,20,22,29,30,35,39],"killed_by":"2 Orb Walkers","ascension_level":3}