{"path_per_floor":["M","M","$","?","M","R","E","M","T","E","?","$","R","M","R","B",null,"M","?","$","M","?","R","E","M","T","R","$","?","?","E","R","B",null,"M","M","$","?","M","E","R","M","T","R","$","?","E","?","R","B"],"character_chosen":"THE_SILENT","items_purchased":["Vajra","Riddle With Holes","Riddle With Holes","Shuriken"],"gold_per_floor":[111,127,52,52,69,69,98,116,165,191,267,15,15,28,28,132,132,150,330,330,348,273,273,304,319,319,319,243,243,243,275,275,375,405,423,443,318,318,335,361,361,373,424,424,146,0,25,25,25,25],"floor_reached":51,"campfire_rested":4,"playtime":2646,"current_hp_per_floor":[58,54,54,54,50,50,50,44,44,44,44,44,44,46,67,42,63,65,41,41,40,40,61,53,55,55,55,55,55,42,44,66,52,74,76,78,78,68,70,69,69,66,66,66,66,66,65,65,80,43],"items_purged":["Strike_G","Strike_G","Defend_G"],"gold":25,"score":829,"play_id":"8895c70e-59c7-44e6-aac0-6746880077a9","is_prod":false,"is_daily":false,"is_ascension_mode":true,"campfire_upgraded":5,"path_taken":["M","M","$","?","M","R","E","?","T","E","?","$","R","M","R","BOSS","M","?","$","M","?","R","E","M","T","R","$","?","?","E","R","BOSS","M","M","$","?","M","E","R","M","T","R","?","?","E","?","R","BOSS"],"build_version":"2018-02-23-BETA1","purchased_purges":4,"victory":true,"master_deck":["Defend_G","Defend_G","Defend_G","Strike_G+1","Survivor","Neutralize","Flying Knee+1","Choke+1","Distraction","Night Terror","Calculated Gamble+1","Predator+1","Blur","Doppelganger","Choke+1","Leg Sweep+1","Riddle With Holes+1","Malaise","Bullet Time","Leg Sweep+1","Crippling Poison+1","Madness","Madness","Riddle With Holes+1","Night Terror","Riddle With Holes","Choke"],"max_hp_per_floor":[70,70,70,70,70,70,70,70,70,70,70,70,70,70,70,70,70,70,70,70,70,70,70,70,70,70,70,70,70,75,75,75,75,80,80,80,80,80,80,80,80,80,80,80,80,80,80,80,80,80],"relics":["Snecko Eye","Anchor","Blood Vial","Ninja Scroll","Vajra","Black Star","Centennial Puzzle","Mercury Hourglass","Thread and Needle","Whetstone","Happy Flower","Tiny House","Bag of Preparation","Prayer Wheel","Dream Catcher","Shuriken","Red Mask","Juzu Bracelet","Orichalcum"],"card_choices":[{"not_picked":["Dodge and Roll","PiercingWail"],"picked":"Flying Knee"},{"not_picked":["Poisoned Stab","Backflip"],"picked":"Choke"},{"not_picked":["Dodge and Roll","Acrobatics"],"picked":"Distraction"},{"not_picked":["Skewer","Tools of the Trade"],"picked":"Night Terror"},{"not_picked":["Dagger Spray","Flying Knee"],"picked":"Calculated Gamble"},{"not_picked":["Prepared","Sucker Punch"],"picked":"Predator"},{"not_picked":["Accuracy","Masterful Stab"],"picked":"Blur"},{"not_picked":["Die Die Die","After Image"],"picked":"Doppelganger"},{"not_picked":["Deflect","Dagger Spray"],"picked":"Choke"},{"not_picked":["Deadly Poison","Dodge and Roll"],"picked":"Leg Sweep"},{"not_picked":["Backflip","Flying Knee"],"picked":"Malaise"},{"not_picked":["Storm of Steel","Corpse Explosion"],"picked":"Bullet Time"},{"not_picked":["Deadly Poison","Flying Knee"],"picked":"Leg Sweep"},{"not_picked":["Quick Slash","Underhanded Strike"],"picked":"Crippling Poison"},{"not_picked":["Skewer","Quick Slash"],"picked":"Riddle With Holes"},{"not_picked":["Dagger Spray","Terror"],"picked":"Night Terror"},{"not_picked":["Infinite Blades","Crippling Poison"],"picked":"Choke"}],"player_experience":188462,"potions_floor_usage":[7,10,16,24,33,33,47,50,50,50],"damage_taken":[{"damage":5,"enemies":"2 Louse","floor":1,"turns":5},{"damage":4,"enemies":"Jaw Worm","floor":2,"turns":6},{"damage":4,"enemies":"Small Slimes","floor":5,"turns":3},{"damage":0,"enemies":"Lagavulin","floor":7,"turns":6},{"damage":6,"enemies":"Looter","floor":8,"turns":3},{"damage":2,"enemies":"Gremlin Nob","floor":10,"turns":3},{"damage":0,"enemies":"Exordium Wildlife","floor":14,"turns":2},{"damage":27,"enemies":"Hexaghost","floor":16,"turns":6},{"damage":0,"enemies":"Spheric Guardian","floor":18,"turns":2},{"damage":3,"enemies":"3 Byrds","floor":21,"turns":3},{"damage":10,"enemies":"Book of Stabbing","floor":24,"turns":3},{"damage":0,"enemies":"Snake Plant","floor":25,"turns":1},{"damage":0,"enemies":"Gremlin Leader","floor":31,"turns":3},{"damage":16,"enemies":"Automaton","floor":33,"turns":6},{"damage":0,"enemies":"Orb Walker","floor":35,"turns":2},{"damage":0,"enemies":"3 Shapes","floor":36,"turns":3},{"damage":0,"enemies":"Flame Bruiser 2 Orb","floor":39,"turns":2},{"damage":3,"enemies":"Giant Head","floor":40,"turns":6},{"damage":5,"enemies":"3 Darklings","floor":42,"turns":4},{"damage":3,"enemies":"Nemesis","floor":47,"turns":4},{"damage":37,"enemies":"Donu and Deca","floor":50,"turns":6}],"event_choices":[{"event_name":"Living Wall","player_choice":"Forget","floor":4,"damage_taken":0},{"event_name":"Golden Wing","player_choice":"Gained Gold","floor":11,"damage_taken":0},{"event_name":"Knowing Skull","player_choice":"GOLD GOLD ","floor":19,"damage_taken":0},{"event_name":"Beggar","player_choice":"Gave Gold","floor":22,"damage_taken":0},{"event_name":"Drug Dealer","player_choice":"Ignored","floor":29,"damage_taken":0},{"event_name":"Forgotten Altar","player_choice":"Shed Blood","floor":30,"damage_taken":0},{"event_name":"Winding Halls","player_choice":"Embrace Madness","floor":38,"damage_taken":0},{"event_name":"Tomb of Lord Red Mask","player_choice":"Paid","floor":46,"damage_taken":0}],"boss_relics":[{"not_picked":["Eternal Feather","The Specimen"],"picked":"Black Star"},{"not_picked":["Velvet Choker","Philosopher\u0027s Stone"],"picked":"Tiny House"}],"potions_floor_spawned":[2,8,10,14,16,21,25,35,39,40,47],"seed_played":"5166139738667241197","ascension_level":6,"is_trial":false}