{"gold_per_floor":[115,132,148,161,181,181,194,206,252,427,47,58,72,85,85,189,189,207,221,236,251,251,263,275,287,299,327,350,676,251,271,271,371,371,383,395,406,406,30,30,49,49,100,25,25,42,42,58,58,58],"floor_reached":51,"playtime":1427,"items_purged":["Doubt","Zap","Defend_B"],"score":803,"play_id":"71e5fe2c-8974-4277-a8b8-256a5800ae36","local_time":"20190126172746","daily_mods":["Vintage","Heirloom"],"is_ascension_mode":false,"campfire_choices":[{"data":"Strike_B","floor":6,"key":"SMITH"},{"data":"Gash","floor":15,"key":"SMITH"},{"data":"Writhe","floor":23,"key":"PURGE"},{"data":"Strike_B","floor":25,"key":"PURGE"},{"data":"Master of Strategy","floor":32,"key":"SMITH"},{"floor":40,"key":"DIG"},{"floor":42,"key":"DIG"},{"floor":45,"key":"DIG"},{"floor":49,"key":"REST"}],"neow_cost":"","seed_source_timestamp":2761976528897129,"circlet_count":0,"master_deck":["Strike_B+1","Defend_B+1","Defend_B","Defend_B+1","Master of Strategy+1","Gash+1","All For One+1","Coolheaded+1","Finesse","Gash"],"relics":["Cracked Core","Torii","Blood Vial","Bronze Scales","Question Card","Pen Nib","Bag of Preparation","Centennial Puzzle","Shuriken","Lantern","Membership Card","Vajra","Smiling Mask","Frozen Egg 2","Empty Cage","Peace Pipe","Happy Flower","Mercury Hourglass","Symbiotic Virus","MawBank","Singing Bowl","FossilizedHelix","Regal Pillow","Old Coin","Lee\u0027s Waffle","Potion Belt","Pear","Whetstone","Lizard Tail","Omamori","Ancient Tea Set","Boot","TheAbacus","War Paint","Shovel","Matryoshka","DataDisk","Incense Burner","Dream Catcher","Art of War","Meat on the Bone","Bottled Flame","Mummified Hand"],"potions_floor_usage":[],"damage_taken":[{"damage":1,"enemies":"Small Slimes","floor":1,"turns":4},{"damage":2,"enemies":"2 Louse","floor":2,"turns":2},{"damage":1,"enemies":"Jaw Worm","floor":3,"turns":3},{"damage":28,"enemies":"Exordium Thugs","floor":4,"turns":4},{"damage":3,"enemies":"Gremlin Gang","floor":5,"turns":4},{"damage":17,"enemies":"Large Slime","floor":7,"turns":5},{"damage":1,"enemies":"Exordium Thugs","floor":8,"turns":3},{"damage":1,"enemies":"Blue Slaver","floor":12,"turns":2},{"damage":0,"enemies":"Looter","floor":13,"turns":1},{"damage":1,"enemies":"Lots of Slimes","floor":14,"turns":3},{"damage":8,"enemies":"Hexaghost","floor":16,"turns":7},{"damage":0,"enemies":"Spheric Guardian","floor":18,"turns":3},{"damage":2,"enemies":"Chosen","floor":19,"turns":2},{"damage":14,"enemies":"Snake Plant","floor":20,"turns":4},{"damage":10,"enemies":"3 Cultists","floor":21,"turns":3},{"damage":1,"enemies":"Centurion and Healer","floor":27,"turns":2},{"damage":10,"enemies":"Shelled Parasite and Fungi","floor":28,"turns":3},{"damage":0,"enemies":"Cultist and Chosen","floor":29,"turns":3},{"damage":7,"enemies":"Snake Plant","floor":31,"turns":3},{"damage":24,"enemies":"Automaton","floor":33,"turns":5},{"damage":0,"enemies":"3 Shapes","floor":35,"turns":2},{"damage":20,"enemies":"3 Darklings","floor":36,"turns":3},{"damage":10,"enemies":"Jaw Worm Horde","floor":37,"turns":3},{"damage":10,"enemies":"Writhing Mass","floor":41,"turns":2},{"damage":0,"enemies":"Sphere and 2 Shapes","floor":46,"turns":1},{"damage":0,"enemies":"4 Shapes","floor":48,"turns":1},{"damage":0,"enemies":"Donu and Deca","floor":50,"turns":4}],"seed_played":"-9217800355637119470","potions_obtained":[{"floor":2,"key":"SkillPotion"},{"floor":3,"key":"SteroidPotion"},{"floor":5,"key":"Poison Potion"},{"floor":12,"key":"EssenceOfSteel"}],"is_trial":true,"path_per_floor":["M","M","M","M","M","R","M","M","T","?","$","M","M","M","R","B",null,"M","M","M","M","?","R","?","R","T","M","M","M","$","M","R","B",null,"M","M","M","?","$","R","M","R","T","$","R","M","?","M","R","B",null],"character_chosen":"DEFECT","items_purchased":["Membership Card","Master of Strategy","Gash","Lee\u0027s Waffle","Potion Belt","Pear","EssenceOfSteel","Dexterity Potion","Coolheaded","TheAbacus","War Paint","Finesse","Shovel","Gash"],"campfire_rested":1,"item_purchase_floors":[11,11,11,30,30,30,30,30,30,39,39,39,39,44],"current_hp_per_floor":[74,73,74,47,46,46,31,32,32,32,32,33,35,36,36,30,75,75,73,61,53,53,53,53,53,53,54,46,48,92,85,85,63,92,92,72,64,64,64,64,56,56,56,56,56,58,58,60,94,94],"gold":58,"neow_bonus":"","is_prod":false,"is_daily":false,"chose_seed":false,"campfire_upgraded":3,"win_rate":0,"timestamp":1548523666,"path_taken":["M","M","M","M","M","R","M","M","T","?","$","M","M","M","R","BOSS","M","M","M","M","?","R","?","R","T","?","M","M","$","M","R","BOSS","M","M","?","?","?","R","M","R","T","$","R","M","?","M","R","BOSS"],"build_version":"2019-01-23","purchased_purges":3,"victory":true,"max_hp_per_floor":[75,75,75,75,75,75,75,75,75,75,75,75,75,75,75,75,75,75,75,75,75,75,75,75,75,75,75,75,75,92,92,92,92,92,92,92,92,92,92,92,92,92,92,92,92,92,92,92,94,94],"card_choices":[{"not_picked":["Core Surge","Creative AI+1","Seek"],"picked":"All For One","floor":16},{"not_picked":["Rainbow","Reboot","Biased Cognition+1"],"picked":"Machine Learning+1","floor":33},{"not_picked":["Ball Lightning+1","Go for the Eyes","Gash","Cold Snap+1"],"picked":"Singing Bowl","floor":49}],"player_experience":468527,"relics_obtained":[{"floor":1,"key":"Blood Vial"},{"floor":2,"key":"Bronze Scales"},{"floor":3,"key":"Question Card"},{"floor":4,"key":"Pen Nib"},{"floor":5,"key":"Bag of Preparation"},{"floor":7,"key":"Centennial Puzzle"},{"floor":8,"key":"Shuriken"},{"floor":9,"key":"Lantern"},{"floor":12,"key":"Vajra"},{"floor":13,"key":"Smiling Mask"},{"floor":14,"key":"Frozen Egg 2"},{"floor":18,"key":"Peace Pipe"},{"floor":19,"key":"Happy Flower"},{"floor":20,"key":"Mercury Hourglass"},{"floor":21,"key":"Symbiotic Virus"},{"floor":26,"key":"Singing Bowl"},{"floor":27,"key":"FossilizedHelix"},{"floor":28,"key":"Regal Pillow"},{"floor":29,"key":"Old Coin"},{"floor":31,"key":"Whetstone"},{"floor":35,"key":"Omamori"},{"floor":36,"key":"Ancient Tea Set"},{"floor":37,"key":"Boot"},{"floor":40,"key":"Matryoshka"},{"floor":41,"key":"DataDisk"},{"floor":42,"key":"Incense Burner"},{"floor":43,"key":"Dream Catcher"},{"floor":43,"key":"Art of War"},{"floor":45,"key":"Meat on the Bone"},{"floor":46,"key":"Bottled Flame"},{"floor":48,"key":"Mummified Hand"}],"event_choices":[{"damage_healed":0,"gold_gain":175,"player_choice":"AGREE","damage_taken":0,"max_hp_gain":0,"max_hp_loss":0,"event_name":"Liars Game","floor":10,"gold_loss":0,"cards_obtained":["Doubt"]},{"damage_healed":0,"gold_gain":0,"player_choice":"Opened","damage_taken":0,"relics_obtained":["MawBank"],"max_hp_gain":0,"max_hp_loss":0,"event_name":"The Mausoleum","floor":22,"gold_loss":0,"cards_obtained":["Writhe"]},{"cards_removed":["Dualcast"],"damage_healed":0,"gold_gain":0,"player_choice":"Offered Basic","damage_taken":0,"max_hp_gain":0,"max_hp_loss":0,"event_name":"Bonfire Elementals","floor":24,"gold_loss":0},{"damage_healed":0,"gold_gain":0,"player_choice":"Upgraded","damage_taken":0,"max_hp_gain":0,"max_hp_loss":0,"event_name":"Upgrade Shrine","floor":38,"gold_loss":0,"cards_upgraded":["Coolheaded"]},{"cards_removed":["Machine Learning"],"damage_healed":0,"gold_gain":0,"player_choice":"Removed Power","damage_taken":0,"max_hp_gain":0,"max_hp_loss":0,"event_name":"Falling","floor":47,"gold_loss":0}],"is_beta":false,"boss_relics":[{"not_picked":["Busted Crown","Inserter"],"picked":"Empty Cage"},{"not_picked":["FrozenCore","Philosopher\u0027s Stone"],"picked":"Lizard Tail"}],"items_purged_floors":[11,30,44],"is_endless":false,"potions_floor_spawned":[2,3,5,8,12,13,18,19,27,29,36,48],"ascension_level":0}