{"path_per_floor":["M","?","$","?","M","E","M","?","T","E","$","M","R","?","R","B",null,"M","T","$","M","?","R","E","R","T","M","M","R","M","M","R","B",null,"M","$","M","?","M","E","R","E","T","E","?","?","$","?","R","B"],"character_chosen":"IRONCLAD","items_purchased":["Apotheosis","Omamori","Pen Nib","Seeing Red"],"gold_per_floor":[119,194,119,119,138,198,208,208,232,266,88,107,107,107,107,231,231,255,255,3,17,17,17,50,50,77,90,106,106,129,150,150,275,275,299,26,39,39,58,101,101,144,170,209,209,209,25,0,0,0],"floor_reached":51,"campfire_rested":2,"playtime":3464,"current_hp_per_floor":[80,69,69,53,59,65,71,71,71,59,59,62,62,42,66,49,80,80,80,80,66,66,66,71,71,71,77,63,63,69,71,71,65,82,82,82,73,62,19,22,47,18,18,36,36,86,86,86,86,24],"items_purged":["Strike_R","Writhe","Clash","Clash"],"gold":0,"score":900,"play_id":"bb92a586-3537-4cf0-9850-4b2d9ede343a","local_time":"20180315181318","is_prod":false,"is_daily":false,"is_ascension_mode":true,"campfire_upgraded":6,"timestamp":1521159198,"path_taken":["M","?","$","?","?","E","M","?","T","E","$","M","R","?","R","BOSS","M","?","?","M","?","R","E","R","T","M","M","R","M","?","R","BOSS","M","$","M","?","M","E","R","E","T","E","?","?","$","?","R","BOSS"],"build_version":"2018-03-14","purchased_purges":4,"victory":true,"master_deck":["Strike_R","Strike_R+1","Strike_R+1","Defend_R","Defend_R","Defend_R+1","Defend_R","Bash","Rupture+1","Battle Trance+1","Entrench","Dropkick","Apotheosis+1","Barricade+1","Impervious+1","Headbutt+1","Seeing Red+1","Shrug It Off+1","Bloodletting+1","Brutality","Dual Wield","Madness","Madness+1","Shrug It Off+1","Shrug It Off+1","Seeing Red"],"max_hp_per_floor":[80,80,80,80,80,80,80,80,80,80,80,80,80,80,80,80,80,80,80,80,82,82,82,82,82,82,82,82,82,82,82,82,82,82,84,84,84,84,84,86,86,86,86,98,98,86,86,86,86,86],"relics":["Burning Blood","NeowsBlessing","Tiny Chest","War Paint","Bag of Marbles","Golden Idol","Cursed Key","Singing Bowl","Omamori","Bronze Scales","Art of War","Mark of Pain","Pen Nib","Paper Frog","Lantern","Vajra","Pear","Red Mask"],"card_choices":[{"not_picked":["Hemokinesis","Clothesline"],"picked":"Rupture"},{"not_picked":["Thunderclap","Body Slam"],"picked":"Clash"},{"not_picked":["Thunderclap","Reaper"],"picked":"Clash"},{"not_picked":["True Grit","Metallicize"],"picked":"Battle Trance"},{"not_picked":["Cleave","Havoc"],"picked":"Dropkick"},{"not_picked":["Offering","Limit Break"],"picked":"Barricade"},{"not_picked":["Shrug It Off","Pommel Strike"],"picked":"Impervious"},{"not_picked":["Wild Strike","Burning Pact"],"picked":"Headbutt"},{"not_picked":["Iron Wave","Searing Blow"],"picked":"Seeing Red"},{"not_picked":["Metallicize","Clash"],"picked":"Shrug It Off"},{"not_picked":["Flex","Warcry"],"picked":"Bloodletting"},{"not_picked":["Feed","Berserk"],"picked":"Brutality"},{"not_picked":["Flex","Perfected Strike"],"picked":"Dual Wield"},{"not_picked":["Sentinel","Demon Form"],"picked":"Shrug It Off"},{"not_picked":["Sword Boomerang","Fire Breathing"],"picked":"Shrug It Off"}],"player_experience":207446,"potions_floor_usage":[16,21,21,24,31,35,39,50,50,50],"damage_taken":[{"damage":0,"enemies":"Small Slimes","floor":1,"turns":1},{"damage":0,"enemies":"2 Louse","floor":5,"turns":1},{"damage":0,"enemies":"Gremlin Nob","floor":6,"turns":1},{"damage":0,"enemies":"Cultist","floor":7,"turns":3},{"damage":18,"enemies":"3 Sentries","floor":10,"turns":9},{"damage":3,"enemies":"Exordium Wildlife","floor":12,"turns":3},{"damage":23,"enemies":"The Guardian","floor":16,"turns":6},{"damage":0,"enemies":"Chosen","floor":18,"turns":6},{"damage":22,"enemies":"3 Byrds","floor":21,"turns":5},{"damage":1,"enemies":"Slavers","floor":24,"turns":10},{"damage":0,"enemies":"Cultist and Chosen","floor":27,"turns":9},{"damage":20,"enemies":"Snecko","floor":28,"turns":5},{"damage":0,"enemies":"Snake Plant","floor":30,"turns":4},{"damage":4,"enemies":"Cultist and Chosen","floor":31,"turns":8},{"damage":12,"enemies":"Automaton","floor":33,"turns":12},{"damage":8,"enemies":"Flame Bruiser 1 Orb","floor":35,"turns":7},{"damage":15,"enemies":"3 Darklings","floor":37,"turns":5},{"damage":49,"enemies":"4 Shapes","floor":39,"turns":6},{"damage":5,"enemies":"Giant Head","floor":40,"turns":7},{"damage":35,"enemies":"2 Orb Walkers","floor":42,"turns":5},{"damage":0,"enemies":"Giant Head","floor":44,"turns":12},{"damage":68,"enemies":"Awakened One","floor":50,"turns":23}],"event_choices":[{"event_name":"World of Goop","player_choice":"Gather Gold","floor":2,"damage_taken":0},{"event_name":"Shining Light","player_choice":"Entered Light","floor":4,"damage_taken":0},{"event_name":"Living Wall","player_choice":"Change","floor":8,"damage_taken":0},{"event_name":"Golden Idol","player_choice":"Take Damage","floor":14,"damage_taken":0},{"event_name":"Vampires","player_choice":"Ignored","floor":22,"damage_taken":0},{"event_name":"Winding Halls","player_choice":"Embrace Madness","floor":38,"damage_taken":0},{"event_name":"Mysterious Sphere","player_choice":"Ignore","floor":45,"damage_taken":0},{"event_name":"The Moai Head","player_choice":"Heal","floor":46,"damage_taken":0},{"event_name":"Tomb of Lord Red Mask","player_choice":"Paid","floor":48,"damage_taken":0}],"boss_relics":[{"not_picked":["Ectoplasm","Astrolabe"],"picked":"Cursed Key"},{"not_picked":["Lizard Tail","Runic Cube"],"picked":"Mark of Pain"}],"potions_floor_spawned":[1,6,10,16,24,30,31,37,42,44],"seed_played":"-847161865217707378","ascension_level":3,"is_trial":false}