{"gold_per_floor":[111,111,127,52,63,63,90,107,107,107,121,140,152,168,168,245,245,259,309,26,43,43,43],"floor_reached":23,"playtime":841,"items_purged":["Shame"],"score":342,"play_id":"8a3ab688-5da0-49c3-a802-e45deedebe3e","local_time":"20190202183357","is_ascension_mode":true,"campfire_choices":[{"data":"Sword Boomerang","floor":6,"key":"SMITH"},{"data":"Bash","floor":10,"key":"SMITH"},{"floor":15,"key":"REST"}],"neow_cost":"CURSE","seed_source_timestamp":173933481680640,"circlet_count":0,"master_deck":["AscendersBane","Strike_R","Strike_R","Strike_R","Strike_R+1","Strike_R","Defend_R","Defend_R","Defend_R+1","Defend_R","Bash+1","Shrug It Off","Flex","Sword Boomerang+1","Rampage","Iron Wave","Iron Wave","Cleave","Demon Form","Heavy Blade+1"],"relics":["Burning Blood","Incense Burner","Odd Mushroom","Self Forming Clay","Snecko Eye","Bottled Tornado"],"potions_floor_usage":[16,16,23],"damage_taken":[{"damage":12,"enemies":"Jaw Worm","floor":1,"turns":2},{"damage":13,"enemies":"Small Slimes","floor":3,"turns":4},{"damage":6,"enemies":"Cultist","floor":5,"turns":3},{"damage":22,"enemies":"The Mushroom Lair","floor":7,"turns":5},{"damage":0,"enemies":"Large Slime","floor":8,"turns":6},{"damage":0,"enemies":"Looter","floor":11,"turns":2},{"damage":5,"enemies":"Blue Slaver","floor":12,"turns":3},{"damage":15,"enemies":"Large Slime","floor":13,"turns":7},{"damage":1,"enemies":"Exordium Thugs","floor":14,"turns":5},{"damage":42,"enemies":"Slime Boss","floor":16,"turns":11},{"damage":18,"enemies":"3 Byrds","floor":18,"turns":5},{"damage":11,"enemies":"Spheric Guardian","floor":21,"turns":3},{"damage":48,"enemies":"Slavers","floor":23,"turns":3}],"seed_played":"3037918919536939560","potions_obtained":[{"floor":5,"key":"PowerPotion"},{"floor":8,"key":"Swift Potion"},{"floor":16,"key":"EssenceOfSteel"}],"is_trial":false,"path_per_floor":["M","?","M","$","M","R","?","M","T","R","M","M","M","M","R","B",null,"M","?","$","M","?","E"],"character_chosen":"IRONCLAD","items_purchased":["Bottled Tornado"],"campfire_rested":1,"item_purchase_floors":[20],"current_hp_per_floor":[62,39,32,32,32,32,16,22,22,22,28,29,20,25,47,11,59,47,47,47,42,42,0],"gold":43,"neow_bonus":"ONE_RARE_RELIC","is_prod":false,"is_daily":false,"chose_seed":false,"campfire_upgraded":2,"win_rate":0,"timestamp":1549132437,"path_taken":["M","?","M","$","M","R","?","M","T","R","?","?","M","M","R","BOSS","M","?","$","M","?","E"],"build_version":"2019-01-23","purchased_purges":1,"victory":false,"max_hp_per_floor":[75,75,75,75,75,75,75,75,75,75,75,75,75,75,75,75,75,75,75,75,75,75,75],"card_choices":[{"not_picked":["Warcry","Burning Pact"],"picked":"Shrug It Off","floor":1},{"not_picked":["Spot Weakness","Anger"],"picked":"Flex","floor":3},{"not_picked":["Havoc","Iron Wave"],"picked":"Sword Boomerang","floor":5},{"not_picked":["Carnage","True Grit"],"picked":"Rampage","floor":7},{"not_picked":["Fiend Fire","Havoc"],"picked":"Iron Wave","floor":8},{"not_picked":["Uppercut","Havoc"],"picked":"Iron Wave","floor":11},{"not_picked":["Heavy Blade","Havoc"],"picked":"Cleave","floor":12},{"not_picked":["Headbutt","Perfected Strike","Spot Weakness"],"picked":"SKIP","floor":13},{"not_picked":["Searing Blow","Flame Barrier","Infernal Blade"],"picked":"SKIP","floor":14},{"not_picked":["Reaper","Fiend Fire"],"picked":"Demon Form","floor":16},{"not_picked":["Combust+1","Fire Breathing"],"picked":"Heavy Blade+1","floor":18},{"not_picked":["Wild Strike","Havoc","Corruption"],"picked":"SKIP","floor":21}],"player_experience":532000,"relics_obtained":[{"floor":7,"key":"Odd Mushroom"},{"floor":9,"key":"Self Forming Clay"}],"event_choices":[{"damage_healed":0,"gold_gain":0,"player_choice":"Entered Light","damage_taken":23,"max_hp_gain":0,"max_hp_loss":0,"event_name":"Shining Light","floor":2,"gold_loss":0,"cards_upgraded":["Defend_R","Strike_R"]},{"damage_healed":0,"gold_gain":0,"player_choice":"Fought Mushrooms","damage_taken":0,"max_hp_gain":0,"max_hp_loss":0,"event_name":"Mushrooms","floor":7,"gold_loss":0},{"damage_healed":0,"gold_gain":50,"player_choice":"Stole From Cult","damage_taken":0,"max_hp_gain":0,"max_hp_loss":0,"event_name":"Nest","floor":19,"gold_loss":0},{"damage_healed":0,"gold_gain":0,"player_choice":"Ignored","damage_taken":0,"max_hp_gain":0,"max_hp_loss":0,"event_name":"Beggar","floor":22,"gold_loss":0}],"is_beta":false,"boss_relics":[{"not_picked":["Black Star","Runic Pyramid"],"picked":"Snecko Eye"}],"items_purged_floors":[4],"is_endless":false,"potions_floor_spawned":[5,8,12,13,16],"killed_by":"Slavers","ascension_level":17}