{"path_per_floor":["M","M","T","?","?","E","M","E","T","$","E","?","R","T","R","B",null,"M","?","M","?","?","R","$","R","T","$","?","M"],"character_chosen":"DEFECT","items_purchased":["Melter"],"gold_per_floor":[118,137,162,112,112,139,149,180,204,60,89,164,164,164,164,262,262,279,279,295,324,324,324,224,224,224,224,224,238,238],"floor_reached":30,"campfire_rested":2,"playtime":1188,"item_purchase_floors":[10],"current_hp_per_floor":[75,75,75,75,68,75,75,57,57,57,32,21,43,43,43,4,57,57,57,44,18,18,40,40,40,40,40,34,13,0],"items_purged":["Strike_B","Decay"],"gold":238,"score":334,"play_id":"7cb05c84-dbfd-4563-8600-37876e8690c8","local_time":"20180615151402","is_prod":false,"is_daily":false,"chose_seed":false,"is_ascension_mode":true,"campfire_upgraded":2,"win_rate":0,"timestamp":1529072042,"campfire_choices":[{"floor":13,"key":"REST"},{"data":"White Noise","floor":15,"key":"SMITH"},{"floor":23,"key":"REST"},{"data":"Buffer","floor":25,"key":"SMITH"}],"path_taken":["M","M","?","?","?","E","M","E","T","$","E","?","R","?","R","BOSS","M","?","M","?","?","R","$","R","T","$","?","M","?"],"build_version":"2018-06-14v2","seed_source_timestamp":10107255093898,"purchased_purges":2,"victory":false,"master_deck":["Strike_B","Strike_B","Strike_B","Defend_B","Defend_B","Defend_B","Defend_B","White Noise+1","Streamline","Rip and Tear","Sweeping Beam","Melter","Tempest","Buffer+1","Conserve Battery+1","Buffer","Glacier","Darkness","RitualDagger"],"max_hp_per_floor":[75,75,75,75,75,75,75,75,75,75,75,75,75,75,75,75,75,75,75,75,75,75,75,75,75,75,75,75,75,75],"relics":["Cracked Core","NeowsBlessing","Juzu Bracelet","Toolbox","Turnip","Orichalcum","Bronze Scales","Dodecahedron","Velvet Choker","Red Mask","Shuriken"],"card_choices":[{"not_picked":["Rip and Tear","Turbo"],"picked":"White Noise","floor":1},{"not_picked":["Hello World","Compile Driver"],"picked":"Streamline","floor":2},{"not_picked":["Barrage","Coolheaded"],"picked":"Rip and Tear","floor":6},{"not_picked":["Go for the Eyes","Reinforced Body"],"picked":"Sweeping Beam","floor":7},{"not_picked":["Redo","Defragment","Turbo"],"picked":"SKIP","floor":8},{"not_picked":["Conserve Battery","Glacier"],"picked":"Tempest","floor":11},{"not_picked":["Biased Cognition","Hyperbeam"],"picked":"Buffer","floor":16},{"not_picked":["Force Field","Compile Driver"],"picked":"Conserve Battery+1","floor":18},{"not_picked":["Heatsinks","Cold Snap"],"picked":"Glacier","floor":20},{"not_picked":["Compile Driver","Cold Snap"],"picked":"Darkness","floor":21},{"not_picked":["Doom and Gloom+1","Gash","Compile Driver"],"picked":"SKIP","floor":29}],"player_experience":299421,"potions_floor_usage":[11,18,21],"damage_taken":[{"damage":0,"enemies":"Cultist","floor":1,"turns":1},{"damage":0,"enemies":"Jaw Worm","floor":2,"turns":1},{"damage":0,"enemies":"Lagavulin","floor":6,"turns":1},{"damage":0,"enemies":"Small Slimes","floor":7,"turns":2},{"damage":18,"enemies":"3 Sentries","floor":8,"turns":5},{"damage":25,"enemies":"Lagavulin","floor":11,"turns":5},{"damage":39,"enemies":"The Guardian","floor":16,"turns":9},{"damage":0,"enemies":"3 Byrds","floor":18,"turns":3},{"damage":13,"enemies":"Shell Parasite","floor":20,"turns":4},{"damage":26,"floor":21,"turns":3},{"damage":21,"enemies":"Cultist and Chosen","floor":29,"turns":5}],"relics_obtained":[{"floor":3,"key":"Juzu Bracelet"},{"floor":6,"key":"Toolbox"},{"floor":8,"key":"Turnip"},{"floor":9,"key":"Orichalcum"},{"floor":11,"key":"Bronze Scales"},{"floor":14,"key":"Dodecahedron"},{"floor":21,"key":"Red Mask"},{"floor":26,"key":"Shuriken"}],"event_choices":[{"event_name":"The Cleric","player_choice":"Card Removal","floor":4,"damage_taken":0},{"event_name":"Golden Wing","player_choice":"Card Removal","floor":5,"damage_taken":0},{"event_name":"World of Goop","player_choice":"Gather Gold","floor":12,"damage_taken":0},{"event_name":"Match and Keep!","player_choice":"1 cards matched","floor":19,"damage_taken":0},{"event_name":"Masked Bandits","player_choice":"Fought over 295 gold","floor":21,"damage_taken":0},{"event_name":"Forgotten Altar","player_choice":"Smashed Altar","floor":22,"damage_taken":0},{"event_name":"Nest","player_choice":"Joined the Cult","floor":28,"damage_taken":0}],"boss_relics":[{"not_picked":["Empty Cage","Black Star"],"picked":"Velvet Choker"}],"items_purged_floors":[10,24],"is_endless":false,"potions_floor_spawned":[1,6,8,20,21],"seed_played":"-2599830024852711114","ascension_level":5,"potions_obtained":[{"floor":1,"key":"SneckoOil"},{"floor":6,"key":"SpeedPotion"},{"floor":8,"key":"Poison Potion"},{"floor":20,"key":"Ancient Potion"},{"floor":21,"key":"Regen Potion"}],"is_trial":false}