{"path_per_floor":["M","M","M","?","M","R","?","M","T","$","M","M","$","M","R","B",null,"M","?","?","?"],"character_chosen":"DEFECT","items_purchased":["Self Repair"],"gold_per_floor":[115,133,147,97,115,115,173,190,190,36,47,60,60,71,71,173,173,188,221,221,221,221],"floor_reached":22,"campfire_rested":0,"playtime":2749,"item_purchase_floors":[10],"current_hp_per_floor":[75,74,74,74,67,67,41,37,37,37,43,45,45,52,52,59,75,73,8,8,8,0],"items_purged":["Strike_B"],"gold":221,"score":228,"play_id":"2535804a-a53b-4fd6-815c-34a354db7329","local_time":"20180611161432","is_prod":false,"is_daily":false,"chose_seed":false,"is_ascension_mode":false,"campfire_upgraded":2,"win_rate":0.0,"timestamp":1528730072,"campfire_choices":[{"data":"Zap","floor":6,"key":"SMITH"},{"data":"Genetic Algorithm","floor":15,"key":"SMITH"}],"path_taken":["M","M","M","?","M","R","?","M","T","?","?","M","$","M","R","BOSS","M","?","?","?","M"],"build_version":"2018-06-07v3","seed_source_timestamp":159283233888098,"purchased_purges":1,"victory":false,"master_deck":["Defend_B","Defend_B","Zap+1","Dualcast","Cold Snap","Gash","Force Field","Coolheaded","Gash","Genetic Algorithm+1","Self Repair","Static Discharge","Stack","Conserve Battery","Biased Cognition","Reinforced Body+1","Reinforced Body+1","Genetic Algorithm+1","Barrage+1","Static Discharge+1"],"max_hp_per_floor":[75,75,75,75,75,75,75,75,75,75,75,75,75,75,75,75,75,75,75,75,75,75],"relics":["Cracked Core","Orichalcum","Dream Catcher","Astrolabe","Red Mask"],"card_choices":[{"not_picked":["Barrage","Leap"],"picked":"Cold Snap","floor":1},{"not_picked":["Hologram","Barrage"],"picked":"Gash","floor":2},{"not_picked":["Rip and Tear","Hologram"],"picked":"Force Field","floor":3},{"not_picked":["Darkness","Barrage"],"picked":"Coolheaded","floor":5},{"not_picked":["FTL","Lockon"],"picked":"Gash","floor":7},{"not_picked":["Rainbow","Leap"],"picked":"Genetic Algorithm","floor":8},{"not_picked":["Ball Lightning","Hologram"],"picked":"Static Discharge","floor":11},{"not_picked":["Rip and Tear","Beam Cell"],"picked":"Stack","floor":12},{"not_picked":["Consume","Compile Driver"],"picked":"Conserve Battery","floor":14},{"not_picked":["Buffer","Seek"],"picked":"Biased Cognition","floor":16},{"not_picked":["Redo","Lockon"],"picked":"Barrage+1","floor":18},{"not_picked":["Steam","Redo"],"picked":"Static Discharge+1","floor":19}],"player_experience":221474,"potions_floor_usage":[7,14,16,19,19],"damage_taken":[{"damage":0,"enemies":"Cultist","floor":1,"turns":3},{"damage":1,"enemies":"Jaw Worm","floor":2,"turns":4},{"damage":0,"enemies":"Small Slimes","floor":3,"turns":3},{"damage":7,"enemies":"3 Louse","floor":5,"turns":3},{"damage":26,"enemies":"Gremlin Nob","floor":7,"turns":5},{"damage":4,"enemies":"Large Slime","floor":8,"turns":5},{"damage":1,"enemies":"2 Fungi Beasts","floor":11,"turns":4},{"damage":5,"enemies":"Red Slaver","floor":12,"turns":4},{"damage":0,"enemies":"Blue Slaver","floor":14,"turns":4},{"damage":0,"enemies":"The Guardian","floor":16,"turns":13},{"damage":9,"enemies":"Chosen","floor":18,"turns":7},{"damage":72,"floor":19,"turns":10},{"damage":8,"enemies":"Spheric Guardian","floor":22,"turns":3}],"relics_obtained":[{"floor":7,"key":"Orichalcum"},{"floor":9,"key":"Dream Catcher"},{"floor":19,"key":"Red Mask"}],"event_choices":[{"event_name":"The Cleric","player_choice":"Card Removal","floor":4,"damage_taken":0},{"event_name":"Dead Adventurer","player_choice":"Searched \u00271\u0027 times","floor":7,"damage_taken":0},{"event_name":"Masked Bandits","player_choice":"Fought over 188 gold","floor":19,"damage_taken":0},{"event_name":"Cursed Tome","player_choice":"Ignored","floor":20,"damage_taken":0},{"event_name":"Purifier","player_choice":"One Purge","floor":21,"damage_taken":0}],"boss_relics":[{"not_picked":["Tiny House","Black Star"],"picked":"Astrolabe"}],"items_purged_floors":[10],"potions_floor_spawned":[3,7,8,12,14,16],"seed_played":"5346677522569307058","killed_by":"Spheric Guardian","ascension_level":0,"potions_obtained":[{"floor":3,"key":"Weak Potion"},{"floor":7,"key":"LiquidBronze"},{"floor":8,"key":"EssenceOfSteel"},{"floor":12,"key":"Weak Potion"},{"floor":14,"key":"SpeedPotion"},{"floor":16,"key":"Ancient Potion"}],"is_trial":false}