{"gold_per_floor":[110,122,122,141,153,181,199,57,81,81,95,95,113,147,147,247,247,262,262,272,297,309,309,17,29,53,53,73,73,92,106,106,204,204,214,214,229,242,342,342,342,342,342,40,71,89,89,104,104,104],"floor_reached":51,"playtime":8190,"items_purged":["Defend_B","Strike_B","Defend_B"],"score":1010,"play_id":"c740e1c8-0287-412d-96f2-5e92bc6c2285","local_time":"20190427211304","is_ascension_mode":true,"campfire_choices":[{"data":"All For One","floor":10,"key":"SMITH"},{"data":"Dualcast","floor":15,"key":"SMITH"},{"floor":23,"key":"REST"},{"floor":32,"key":"REST"},{"data":"Beam Cell","floor":40,"key":"SMITH"},{"data":"Madness","floor":42,"key":"SMITH"},{"data":"Hologram","floor":47,"key":"SMITH"},{"data":"Aggregate","floor":49,"key":"SMITH"}],"neow_cost":"TEN_PERCENT_HP_LOSS","seed_source_timestamp":299145201915414,"circlet_count":0,"master_deck":["Defend_B","Defend_B","Zap+1","Dualcast+1","Leap","Ball Lightning","Conserve Battery","Conserve Battery","All For One+1","BootSequence","Go for the Eyes","Turbo","Hologram","Redo+1","Gash","Chill","FTL+1","Bite","Bite","Bite","Bite","Bite","Beam Cell+1","Gash+1","Gash","All For One","Gash+1","Beam Cell+1","Jack Of All Trades","Bandage Up","Madness+1","Hologram+1","Gash+1","Aggregate+1"],"relics":["FrozenCore","Turnip","Incense Burner","Orichalcum","Smiling Mask","Red Mask","Shuriken","Bag of Preparation","Dream Catcher","Runic Dome","Dead Branch","Blue Candle","DollysMirror","DataDisk"],"potions_floor_usage":[6,6,16,16,21,28,30,33,38,48],"damage_taken":[{"damage":0,"enemies":"Small Slimes","floor":1,"turns":2},{"damage":0,"enemies":"Cultist","floor":2,"turns":3},{"damage":3,"enemies":"Jaw Worm","floor":4,"turns":2},{"damage":9,"enemies":"Red Slaver","floor":5,"turns":3},{"damage":9,"enemies":"3 Sentries","floor":6,"turns":8},{"damage":0,"enemies":"Exordium Wildlife","floor":7,"turns":3},{"damage":0,"enemies":"Large Slime","floor":11,"turns":3},{"damage":0,"enemies":"Blue Slaver","floor":13,"turns":2},{"damage":1,"enemies":"Lagavulin","floor":14,"turns":6},{"damage":2,"enemies":"Hexaghost","floor":16,"turns":9},{"damage":0,"enemies":"Shell Parasite","floor":18,"turns":6},{"damage":11,"enemies":"Spheric Guardian","floor":20,"turns":6},{"damage":40,"enemies":"Masked Bandits","floor":21,"turns":7},{"damage":6,"enemies":"Shelled Parasite and Fungi","floor":22,"turns":10},{"damage":18,"enemies":"Chosen and Byrds","floor":25,"turns":8},{"damage":20,"enemies":"Centurion and Healer","floor":28,"turns":9},{"damage":2,"enemies":"3 Cultists","floor":30,"turns":5},{"damage":0,"enemies":"Chosen and Byrds","floor":31,"turns":4},{"damage":9,"enemies":"Champ","floor":33,"turns":8},{"damage":6,"enemies":"3 Darklings","floor":35,"turns":3},{"damage":7,"enemies":"Orb Walker","floor":37,"turns":3},{"damage":14,"enemies":"Writhing Mass","floor":38,"turns":4},{"damage":0,"enemies":"Mind Bloom Boss Battle","floor":39,"turns":4},{"damage":0,"enemies":"Nemesis","floor":45,"turns":3},{"damage":2,"enemies":"Spire Growth","floor":46,"turns":5},{"damage":0,"enemies":"Jaw Worm Horde","floor":48,"turns":3},{"damage":32,"enemies":"Awakened One","floor":50,"turns":8}],"seed_played":"-3117542797016627209","potions_obtained":[{"floor":4,"key":"Fire Potion"},{"floor":5,"key":"Strength Potion"},{"floor":12,"key":"Dexterity Potion"},{"floor":12,"key":"SkillPotion"},{"floor":12,"key":"GamblersBrew"},{"floor":14,"key":"Weak Potion"},{"floor":25,"key":"Regen Potion"},{"floor":28,"key":"Poison Potion"},{"floor":31,"key":"Poison Potion"},{"floor":33,"key":"Block Potion"},{"floor":46,"key":"SpeedPotion"}],"is_trial":false,"path_per_floor":["M","M","?","M","M","E","M","$","T","R","M","?","M","E","R","B",null,"M","?","M","?","M","R","$","M","T","T","M","?","M","M","R","B",null,"M","?","M","M","?","R","?","R","T","$","E","M","R","M","R","B",null],"character_chosen":"DEFECT","items_purchased":["BootSequence","Shuriken","Hologram","DollysMirror"],"campfire_rested":2,"item_purchase_floors":[8,24,44,44],"current_hp_per_floor":[68,68,68,65,56,47,47,47,47,47,47,47,47,46,46,44,62,62,62,51,11,5,25,25,7,7,7,2,2,12,18,32,41,46,41,41,40,28,34,34,24,24,24,24,32,44,44,47,47,27],"gold":104,"neow_bonus":"ONE_RARE_RELIC","is_prod":false,"is_daily":false,"chose_seed":false,"campfire_upgraded":6,"win_rate":0,"timestamp":1556421184,"path_taken":["M","M","?","M","M","E","M","?","T","R","?","?","?","E","R","BOSS","M","?","?","?","M","R","$","M","T","?","?","?","M","M","R","BOSS","M","?","M","M","?","R","?","R","T","?","E","?","R","M","R","BOSS"],"build_version":"2019-04-23","purchased_purges":3,"victory":true,"max_hp_per_floor":[68,68,68,68,68,68,68,68,68,68,68,68,68,68,68,68,68,68,68,68,68,68,68,68,68,68,68,68,47,47,47,47,47,47,47,47,47,47,47,47,47,47,47,47,47,47,47,47,47,47],"card_choices":[{"not_picked":["Barrage","Skim"],"picked":"Leap","floor":1},{"not_picked":["Coolheaded","Barrage"],"picked":"Ball Lightning","floor":2},{"not_picked":["Rebound","Rip and Tear"],"picked":"Conserve Battery","floor":4},{"not_picked":["Barrage","Go for the Eyes"],"picked":"Conserve Battery","floor":5},{"not_picked":["Redo","Barrage"],"picked":"All For One","floor":6},{"not_picked":["Streamline","Steam","Aggregate"],"picked":"SKIP","floor":7},{"not_picked":["Sunder","Leap","Steam"],"picked":"SKIP","floor":11},{"not_picked":["Auto Shields","Streamline","Ball Lightning"],"picked":"SKIP","floor":13},{"not_picked":["Leap","Blizzard","Conserve Battery"],"picked":"SKIP","floor":14},{"not_picked":["Compile Driver+1","Redo"],"picked":"Go for the Eyes","floor":18},{"not_picked":["Stack","Conserve Battery"],"picked":"Hologram","floor":20},{"not_picked":["Conserve Battery","Stack"],"picked":"Redo+1","floor":21},{"not_picked":["Conserve Battery","FTL"],"picked":"Gash","floor":22},{"not_picked":["Rainbow","Sunder"],"picked":"Chill","floor":25},{"not_picked":["Conserve Battery","Fusion"],"picked":"FTL+1","floor":28},{"not_picked":["Auto Shields","Redo"],"picked":"Beam Cell","floor":30},{"not_picked":["Double Energy+1","Streamline"],"picked":"Gash+1","floor":31},{"not_picked":["Self Repair","Darkness"],"picked":"Gash","floor":32},{"not_picked":["Biased Cognition","Rainbow"],"picked":"All For One","floor":33},{"not_picked":["Defragment","Stack+1"],"picked":"Gash+1","floor":35},{"not_picked":["Undo+1","Hello World","Hologram"],"picked":"SKIP","floor":37},{"not_picked":["Double Energy","Compile Driver","Redo"],"picked":"SKIP","floor":38},{"not_picked":["Gash+1","Sweeping Beam"],"picked":"Beam Cell+1","floor":39},{"not_picked":["Secret Weapon","Purity"],"picked":"Jack Of All Trades","floor":41},{"not_picked":["Trip","Blind"],"picked":"Bandage Up","floor":41},{"not_picked":["Sadistic Nature","Purity"],"picked":"Madness","floor":41},{"not_picked":["Stack","Redo+1","Coolheaded+1"],"picked":"SKIP","floor":45},{"not_picked":["Aggregate","Darkness+1","Cold Snap+1"],"picked":"SKIP","floor":46},{"not_picked":["Darkness+1","Cold Snap+1"],"picked":"Aggregate","floor":46},{"not_picked":["Reinforced Body+1","Undo","Scrape+1"],"picked":"SKIP","floor":48}],"player_experience":538689,"relics_obtained":[{"floor":6,"key":"Incense Burner"},{"floor":9,"key":"Orichalcum"},{"floor":14,"key":"Smiling Mask"},{"floor":21,"key":"Red Mask"},{"floor":26,"key":"Bag of Preparation"},{"floor":27,"key":"Dream Catcher"},{"floor":39,"key":"Dead Branch"},{"floor":43,"key":"Blue Candle"},{"floor":45,"key":"DataDisk"}],"event_choices":[{"damage_healed":0,"gold_gain":0,"player_choice":"Upgraded","damage_taken":0,"max_hp_gain":0,"max_hp_loss":0,"event_name":"Upgrade Shrine","floor":3,"gold_loss":0,"cards_upgraded":["Zap"]},{"damage_healed":0,"gold_gain":0,"player_choice":"Got Potions","damage_taken":0,"max_hp_gain":0,"max_hp_loss":0,"event_name":"Lab","floor":12,"gold_loss":0},{"damage_healed":0,"gold_gain":0,"cards_transformed":["Strike_B"],"player_choice":"Transformed","damage_taken":0,"max_hp_gain":0,"max_hp_loss":0,"event_name":"Transmorgrifier","floor":19,"gold_loss":0,"cards_obtained":["Turbo"]},{"damage_healed":0,"gold_gain":0,"player_choice":"Fought Bandits","damage_taken":0,"max_hp_gain":0,"max_hp_loss":0,"event_name":"Masked Bandits","floor":21,"gold_loss":0},{"damage_healed":0,"gold_gain":0,"player_choice":"Became a vampire","damage_taken":0,"max_hp_gain":0,"max_hp_loss":21,"event_name":"Vampires","floor":29,"gold_loss":0,"cards_obtained":["Bite","Bite","Bite","Bite","Bite"]},{"damage_healed":0,"gold_gain":0,"player_choice":"Ignored","damage_taken":0,"max_hp_gain":0,"max_hp_loss":0,"event_name":"Mysterious Sphere","floor":36,"gold_loss":0},{"damage_healed":0,"gold_gain":0,"player_choice":"Fight","damage_taken":0,"max_hp_gain":0,"max_hp_loss":0,"event_name":"MindBloom","floor":39,"gold_loss":0},{"damage_healed":0,"gold_gain":0,"player_choice":"Memory 3","damage_taken":10,"max_hp_gain":0,"max_hp_loss":0,"event_name":"SensoryStone","floor":41,"gold_loss":0}],"is_beta":true,"boss_relics":[{"not_picked":["Astrolabe","Orrery"],"picked":"FrozenCore"},{"not_picked":["Lizard Tail","Busted Crown"],"picked":"Runic Dome"}],"items_purged_floors":[8,24,44],"is_endless":false,"potions_floor_spawned":[4,5,14,25,28,31,33,37,46],"ascension_level":8}