{"gold_per_floor":[117,117,134,151,29,29,44,73,142,167,225,239,239,273,273,373,373,355,369,369,57,68,68],"floor_reached":23,"playtime":971,"items_purged":["Strike_B"],"score":349,"play_id":"039c0292-0ace-431c-84ee-1ee9f25e4242","local_time":"20180820011441","is_ascension_mode":true,"campfire_choices":[{"data":"Go for the Eyes","floor":6,"key":"SMITH"},{"floor":13,"key":"REST"},{"data":"Zap","floor":15,"key":"SMITH"}],"neow_cost":"","seed_source_timestamp":289985029618736,"circlet_count":0,"master_deck":["Strike_B","Strike_B","Strike_B","Defend_B","Defend_B","Defend_B","Defend_B","Zap+1","Dualcast","Go for the Eyes+1","Melter","Leap","Go for the Eyes","Gash","FTL","BootSequence","Turbo","Cold Snap","Go for the Eyes","Go for the Eyes","White Noise","Steam Power"],"relics":["Cracked Core","Mango","Dream Catcher","Blue Candle","Pear","Bottled Lightning","Sozu","Mummified Hand"],"potions_floor_usage":[8,10,14,16],"damage_taken":[{"damage":1,"enemies":"Cultist","floor":1,"turns":3},{"damage":0,"enemies":"Jaw Worm","floor":3,"turns":3},{"damage":0,"enemies":"Small Slimes","floor":4,"turns":2},{"damage":8,"enemies":"3 Louse","floor":7,"turns":3},{"damage":9,"enemies":"3 Sentries","floor":8,"turns":8},{"damage":1,"enemies":"Gremlin Nob","floor":10,"turns":3},{"damage":8,"enemies":"Blue Slaver","floor":12,"turns":3},{"damage":15,"enemies":"3 Sentries","floor":14,"turns":7},{"damage":61,"enemies":"Hexaghost","floor":16,"turns":13},{"damage":12,"enemies":"2 Thieves","floor":18,"turns":4},{"damage":17,"enemies":"Shell Parasite","floor":19,"turns":6},{"damage":30,"enemies":"Shelled Parasite and Fungi","floor":22,"turns":8},{"damage":83,"enemies":"Slavers","floor":23,"turns":7}],"seed_played":"-7002740559779177885","potions_obtained":[{"floor":1,"key":"Block Potion"},{"floor":7,"key":"Strength Potion"},{"floor":10,"key":"Regen Potion"},{"floor":12,"key":"Poison Potion"}],"is_trial":false,"path_per_floor":["M","?","M","M","$","R","M","E","T","E","?","M","R","E","R","B",null,"M","M","?","$","M"],"character_chosen":"DEFECT","items_purchased":["Go for the Eyes","Mummified Hand","White Noise"],"campfire_rested":1,"item_purchase_floors":[5,21,21],"current_hp_per_floor":[67,74,74,74,74,74,66,57,57,66,66,58,87,72,72,26,81,69,52,109,109,79,0],"gold":68,"neow_bonus":"","is_prod":false,"is_daily":false,"chose_seed":false,"campfire_upgraded":2,"win_rate":0,"timestamp":1534749281,"path_taken":["M","?","M","M","$","R","M","E","T","E","?","?","R","E","R","BOSS","M","M","?","$","M","E"],"build_version":"2018-08-16","purchased_purges":1,"victory":false,"max_hp_per_floor":[75,89,89,89,89,89,89,89,89,99,99,99,99,99,99,99,99,99,99,109,109,109,109],"card_choices":[{"not_picked":["Doom and Gloom","Gash"],"picked":"Go for the Eyes","floor":1},{"not_picked":["Undo","Stack"],"picked":"Melter","floor":3},{"not_picked":["Hologram","Compile Driver"],"picked":"Leap","floor":4},{"not_picked":["Coolheaded","Stack"],"picked":"Gash","floor":7},{"not_picked":["Redo","Coolheaded"],"picked":"FTL","floor":8},{"not_picked":["Coolheaded","White Noise"],"picked":"BootSequence","floor":10},{"not_picked":["Meteor Strike","Ball Lightning"],"picked":"Turbo","floor":12},{"not_picked":["Fusion","Sweeping Beam"],"picked":"Cold Snap","floor":13},{"not_picked":["Melter","Doom and Gloom"],"picked":"Go for the Eyes","floor":14},{"not_picked":["Thunder Strike","Buffer"],"picked":"Seek","floor":16},{"not_picked":["Ball Lightning","FTL"],"picked":"Go for the Eyes","floor":18},{"not_picked":["Go for the Eyes","Redo","Hologram"],"picked":"SKIP","floor":19},{"not_picked":["Stack","Go for the Eyes"],"picked":"Steam Power","floor":22}],"player_experience":500993,"relics_obtained":[{"floor":8,"key":"Dream Catcher"},{"floor":9,"key":"Blue Candle"},{"floor":10,"key":"Pear"},{"floor":14,"key":"Bottled Lightning"}],"event_choices":[{"event_name":"Scrap Ooze","player_choice":"success","floor":2,"damage_taken":7},{"event_name":"Golden Wing","player_choice":"Gained Gold","floor":11,"damage_taken":0},{"event_name":"Bonfire Elementals","player_choice":"RARE","floor":20,"damage_taken":0}],"is_beta":true,"boss_relics":[{"not_picked":["Astrolabe","Runic Dome"],"picked":"Sozu"}],"items_purged_floors":[5],"is_endless":false,"potions_floor_spawned":[1,7,10,12,18],"killed_by":"Slavers","ascension_level":6}