{"gold_per_floor":[110,185,200,23,23,48,48,48,98,132,132,57,57,77,77,182,182,162,162,437,33,46,46,80,100,100,117,117,150,150,150,150,253,253,264,278,292,303,320,320,340,366,390,390,390,410,2,16,16,16],"floor_reached":51,"playtime":2208,"items_purged":["Strike_G","Regret","Writhe"],"score":1210,"play_id":"a893cb80-2367-4d9d-963f-8bb521d4e8a6","local_time":"20190116211027","is_ascension_mode":true,"campfire_choices":[{"data":"Neutralize","floor":7,"key":"SMITH"},{"floor":11,"key":"REST"},{"data":"Dagger Throw","floor":13,"key":"SMITH"},{"data":"Finisher","floor":15,"key":"SMITH"},{"floor":23,"key":"REST"},{"floor":32,"key":"REST"},{"floor":40,"key":"REST"},{"floor":44,"key":"REST"},{"floor":49,"key":"REST"}],"neow_cost":"NONE","seed_source_timestamp":1913119578920161,"circlet_count":0,"master_deck":["AscendersBane","Defend_G","Defend_G","Defend_G","Defend_G","Defend_G","Survivor","Neutralize+1","Predator","Dagger Throw+1","Quick Slash","Predator","Heel Hook","Finisher+1","Unload","Flying Knee+1","Dark Shackles","Sucker Punch","Acrobatics","Cloak And Dagger","Crippling Poison+1","Riddle With Holes+1","Bite","Bite","Bite","Bite","Bite","Leg Sweep+1","Glass Knife","Leg Sweep+1","Skewer+1","Choke+1","Slice+1","Dash","Quick Slash+1","Backstab","Backstab","Heel Hook+1"],"relics":["Ring of the Snake","NeowsBlessing","Bag of Preparation","Ancient Tea Set","Bronze Scales","Lizard Tail","Happy Flower","Darkstone Periapt","Paper Crane","Ninja Scroll","Shuriken","Runic Dome","Bottled Flame","Oddly Smooth Stone","Vajra"],"potions_floor_usage":[16,24,27,29,33,35,37,39,42,42,50],"damage_taken":[{"damage":0,"enemies":"Small Slimes","floor":1,"turns":1},{"damage":0,"enemies":"Jaw Worm","floor":3,"turns":1},{"damage":0,"enemies":"Gremlin Nob","floor":6,"turns":1},{"damage":37,"enemies":"Lagavulin","floor":10,"turns":6},{"damage":0,"enemies":"2 Louse","floor":14,"turns":1},{"damage":30,"enemies":"Slime Boss","floor":16,"turns":9},{"damage":17,"enemies":"2 Thieves","floor":18,"turns":4},{"damage":12,"enemies":"3 Byrds","floor":22,"turns":3},{"damage":11,"enemies":"Book of Stabbing","floor":24,"turns":3},{"damage":8,"enemies":"Centurion and Healer","floor":25,"turns":7},{"damage":0,"enemies":"3 Cultists","floor":27,"turns":4},{"damage":10,"enemies":"Gremlin Leader","floor":29,"turns":7},{"damage":61,"enemies":"Champ","floor":33,"turns":12},{"damage":24,"enemies":"3 Darklings","floor":35,"turns":4},{"damage":18,"enemies":"3 Shapes","floor":36,"turns":8},{"damage":0,"enemies":"Spire Growth","floor":37,"turns":3},{"damage":0,"enemies":"Sphere and 2 Shapes","floor":38,"turns":2},{"damage":19,"enemies":"Writhing Mass","floor":39,"turns":4},{"damage":6,"enemies":"3 Darklings","floor":41,"turns":3},{"damage":32,"enemies":"Giant Head","floor":42,"turns":8},{"damage":0,"enemies":"Jaw Worm Horde","floor":46,"turns":3},{"damage":4,"enemies":"Sphere and 2 Shapes","floor":48,"turns":1},{"damage":40,"enemies":"Awakened One","floor":50,"turns":11}],"seed_played":"1251137289801177852","potions_obtained":[{"floor":22,"key":"FearPotion"},{"floor":25,"key":"Fire Potion"},{"floor":27,"key":"Fire Potion"},{"floor":33,"key":"Fire Potion"},{"floor":35,"key":"Energy Potion"},{"floor":36,"key":"AttackPotion"},{"floor":38,"key":"GhostInAJar"},{"floor":41,"key":"SpeedPotion"}],"is_trial":false,"path_per_floor":["M","?","M","$","?","E","R","$","T","E","R","$","R","M","R","B",null,"M","?","?","$","M","R","E","M","T","M","?","E","?","?","R","B",null,"M","M","M","M","M","R","M","E","T","R","?","M","$","M","R","B",null],"character_chosen":"THE_SILENT","items_purchased":["GhostInAJar","SteroidPotion","Quick Slash","Dark Shackles","Sucker Punch","Acrobatics","Happy Flower","Vajra","Backstab","AttackPotion"],"campfire_rested":6,"item_purchase_floors":[4,4,4,21,21,21,21,47,47,47],"current_hp_per_floor":[63,52,52,52,52,52,52,52,52,15,36,36,36,36,36,6,54,37,24,24,24,12,34,23,15,15,15,15,11,17,17,34,29,51,37,23,25,27,10,27,25,3,3,20,20,22,22,20,37,11],"gold":16,"neow_bonus":"THREE_ENEMY_KILL","is_prod":false,"is_daily":false,"chose_seed":false,"campfire_upgraded":3,"win_rate":0,"timestamp":1547673027,"path_taken":["M","?","M","?","?","E","R","$","T","E","R","?","R","?","R","BOSS","M","?","?","$","?","R","E","M","T","M","?","E","?","?","R","BOSS","M","M","M","M","M","R","M","E","T","R","?","M","$","M","R","BOSS"],"build_version":"2019-01-10","purchased_purges":3,"victory":true,"max_hp_per_floor":[70,70,70,70,70,70,70,70,70,70,70,70,70,70,70,70,70,70,75,75,75,75,75,75,75,75,75,52,52,58,58,58,58,58,58,58,58,58,58,58,58,58,58,58,58,58,58,58,58,58],"card_choices":[{"not_picked":["Backflip","Sucker Punch"],"picked":"Predator","floor":1},{"not_picked":["Poisoned Stab","Prepared"],"picked":"Dagger Throw","floor":3},{"not_picked":["Acrobatics","Deflect"],"picked":"Predator","floor":6},{"not_picked":["Bane","Predator"],"picked":"Heel Hook","floor":10},{"not_picked":["Dagger Throw","Heel Hook"],"picked":"Finisher","floor":14},{"not_picked":["Night Terror","Venomology"],"picked":"Unload","floor":16},{"not_picked":["Reflex","Backflip"],"picked":"Flying Knee+1","floor":18},{"not_picked":["Accuracy","Dagger Spray"],"picked":"Cloak And Dagger","floor":22},{"not_picked":["Phantasmal Killer","Poisoned Stab"],"picked":"Crippling Poison+1","floor":24},{"not_picked":["PiercingWail+1","Flechettes"],"picked":"Riddle With Holes+1","floor":25},{"not_picked":["Cloak And Dagger","Deadly Poison","Flechettes"],"picked":"SKIP","floor":27},{"not_picked":["Corpse Explosion","Acrobatics+1"],"picked":"Leg Sweep+1","floor":29},{"not_picked":["Burst","Die Die Die"],"picked":"Glass Knife","floor":33},{"not_picked":["Flying Knee","Underhanded Strike+1"],"picked":"Leg Sweep+1","floor":35},{"not_picked":["Finisher","Dagger Spray+1"],"picked":"Skewer+1","floor":36},{"not_picked":["Crippling Poison","Underhanded Strike"],"picked":"Choke+1","floor":37},{"not_picked":["PiercingWail","Dagger Throw"],"picked":"Slice+1","floor":38},{"not_picked":["Infinite Blades","Predator","Flying Knee+1"],"picked":"SKIP","floor":39},{"not_picked":["PiercingWail+1","Reflex+1"],"picked":"Dash","floor":41},{"not_picked":["Acrobatics+1","Caltrops+1"],"picked":"Quick Slash+1","floor":42},{"not_picked":["Prepared","Bouncing Flask"],"picked":"Backstab","floor":46},{"not_picked":["Distraction","Storm of Steel"],"picked":"Heel Hook+1","floor":48}],"player_experience":373415,"relics_obtained":[{"floor":6,"key":"Bag of Preparation"},{"floor":9,"key":"Ancient Tea Set"},{"floor":10,"key":"Bronze Scales"},{"floor":24,"key":"Darkstone Periapt"},{"floor":26,"key":"Paper Crane"},{"floor":29,"key":"Ninja Scroll"},{"floor":42,"key":"Bottled Flame"},{"floor":43,"key":"Oddly Smooth Stone"}],"event_choices":[{"damage_healed":0,"gold_gain":75,"player_choice":"Gather Gold","damage_taken":11,"max_hp_gain":0,"max_hp_loss":0,"event_name":"World of Goop","floor":2,"gold_loss":0},{"damage_healed":0,"gold_gain":0,"player_choice":"Leave","damage_taken":0,"max_hp_gain":0,"max_hp_loss":0,"event_name":"The Cleric","floor":5,"gold_loss":0},{"damage_healed":0,"gold_gain":0,"player_choice":"Shed Blood","damage_taken":18,"max_hp_gain":5,"max_hp_loss":0,"event_name":"Forgotten Altar","floor":19,"gold_loss":0},{"damage_healed":0,"gold_gain":275,"player_choice":"Desecrate","damage_taken":0,"max_hp_gain":0,"max_hp_loss":0,"event_name":"Golden Shrine","floor":20,"gold_loss":0,"cards_obtained":["Regret"]},{"damage_healed":0,"gold_gain":0,"player_choice":"Became a vampire","damage_taken":0,"max_hp_gain":0,"max_hp_loss":23,"event_name":"Vampires","floor":28,"gold_loss":0,"cards_obtained":["Bite","Bite","Bite","Bite","Bite"]},{"damage_healed":0,"gold_gain":0,"player_choice":"Opened","damage_taken":0,"relics_obtained":["Shuriken"],"max_hp_gain":0,"max_hp_loss":0,"event_name":"The Mausoleum","floor":30,"gold_loss":0,"cards_obtained":["Writhe"]},{"damage_healed":0,"gold_gain":0,"player_choice":"Ignored","damage_taken":0,"max_hp_gain":0,"max_hp_loss":0,"event_name":"Cursed Tome","floor":31,"gold_loss":0},{"damage_healed":0,"gold_gain":0,"player_choice":"0 cards matched","damage_taken":0,"max_hp_gain":0,"max_hp_loss":0,"event_name":"Match and Keep!","floor":45,"gold_loss":0,"cards_obtained":[]}],"is_beta":false,"boss_relics":[{"not_picked":["Empty Cage","Velvet Choker"],"picked":"Lizard Tail"},{"not_picked":["Pandora\u0027s Box","Philosopher\u0027s Stone"],"picked":"Runic Dome"}],"items_purged_floors":[12,21,47],"is_endless":false,"potions_floor_spawned":[10,14,22,25,27,33,35,36,38,41],"ascension_level":11}