{"gold_per_floor":[115,30,46,46,46,79,79,114,167,167,186,196,215,266,278,369,381,407,439,29,29,29,29,62,78,78,78,93,93,112,112,112,189,189,203,219,219,219],"floor_reached":38,"playtime":1632,"items_purged":["Defend_G"],"score":727,"play_id":"067093e1-69a5-444a-ad9c-5448058788f4","local_time":"20190202173103","is_ascension_mode":true,"campfire_choices":[{"data":"Tactician","floor":7,"key":"SMITH"},{"floor":15,"key":"REST"},{"floor":23,"key":"REST"},{"floor":27,"key":"REST"},{"floor":29,"key":"REST"},{"floor":32,"key":"REST"}],"neow_cost":"NONE","seed_source_timestamp":169367252983959,"circlet_count":0,"master_deck":["AscendersBane","Defend_G","Defend_G","Defend_G","Defend_G","Strike_G","Strike_G","Strike_G","Strike_G","Strike_G","Survivor","Neutralize","Tactician+1","Sucker Punch","Dagger Throw","Dash","Deflect","Dagger Spray","Caltrops","Die Die Die","Cloak And Dagger","Tactician","Noxious Fumes","Decay","Flechettes+1","Noxious Fumes","Tools of the Trade","Infinite Blades+1","Dodge and Roll","Underhanded Strike+1"],"relics":["Runic Pyramid","Lantern","Potion Belt","Orichalcum","Bronze Scales","MawBank","Busted Crown","ClockworkSouvenir","Pen Nib","Bottled Tornado","Orrery"],"potions_floor_usage":[6,19,24,24,31,31,33,36,36,38,38],"damage_taken":[{"damage":2,"enemies":"Small Slimes","floor":1,"turns":4},{"damage":0,"enemies":"Cultist","floor":3,"turns":5},{"damage":13,"enemies":"Lagavulin","floor":6,"turns":7},{"damage":20,"enemies":"3 Sentries","floor":8,"turns":11},{"damage":0,"enemies":"2 Louse","floor":11,"turns":3},{"damage":1,"enemies":"Red Slaver","floor":12,"turns":4},{"damage":7,"enemies":"Exordium Thugs","floor":13,"turns":5},{"damage":14,"enemies":"Hexaghost","floor":16,"turns":10},{"damage":0,"enemies":"Chosen","floor":18,"turns":6},{"damage":17,"enemies":"2 Thieves","floor":19,"turns":4},{"damage":11,"enemies":"Gremlin Leader","floor":24,"turns":7},{"damage":31,"enemies":"Snake Plant","floor":25,"turns":3},{"damage":3,"enemies":"Chosen and Byrds","floor":28,"turns":5},{"damage":22,"enemies":"Centurion and Healer","floor":30,"turns":6},{"damage":2,"enemies":"Colosseum Slavers","floor":31,"turns":3},{"damage":38,"enemies":"Automaton","floor":33,"turns":12},{"damage":16,"enemies":"Orb Walker","floor":35,"turns":4},{"damage":13,"enemies":"3 Shapes","floor":36,"turns":5},{"damage":29,"enemies":"Maw","floor":38,"turns":7}],"seed_played":"-1045428793360085730","potions_obtained":[{"floor":3,"key":"FearPotion"},{"floor":8,"key":"SpeedPotion"},{"floor":13,"key":"Dexterity Potion"},{"floor":16,"key":"GamblersBrew"},{"floor":22,"key":"AttackPotion"},{"floor":22,"key":"Fire Potion"},{"floor":25,"key":"AttackPotion"},{"floor":28,"key":"GamblersBrew"},{"floor":33,"key":"PowerPotion"},{"floor":35,"key":"Block Potion"},{"floor":36,"key":"Weak Potion"}],"is_trial":false,"path_per_floor":["M","$","M","?","$","E","R","E","T","?","M","M","M","T","R","B",null,"M","M","$","?","?","R","E","M","T","R","M","R","M","?","R","B",null,"M","M","?","M"],"character_chosen":"THE_SILENT","items_purchased":["Tactician","Tactician","ClockworkSouvenir","Noxious Fumes"],"campfire_rested":5,"item_purchase_floors":[2,20,20,20],"current_hp_per_floor":[57,57,57,57,57,44,44,24,24,24,24,23,16,16,35,21,55,55,38,38,38,38,57,46,15,15,34,31,50,28,26,45,7,51,35,22,22,0],"gold":219,"neow_bonus":"BOSS_RELIC","is_prod":false,"is_daily":false,"chose_seed":false,"campfire_upgraded":1,"win_rate":0,"timestamp":1549128663,"path_taken":["M","$","M","?","?","E","R","E","T","?","M","M","?","?","R","BOSS","M","M","$","?","?","R","E","M","T","R","?","R","M","?","R","BOSS","M","M","?","?"],"build_version":"2019-01-23","purchased_purges":1,"victory":false,"max_hp_per_floor":[66,66,66,66,66,66,66,66,66,66,66,66,66,66,66,66,66,66,66,66,66,66,66,66,66,66,66,66,66,66,66,66,66,66,66,66,66,66],"card_choices":[{"not_picked":["Blade Dance","Acrobatics","Underhanded Strike"],"picked":"SKIP","floor":1},{"not_picked":["Reflex","Blur"],"picked":"Sucker Punch","floor":3},{"not_picked":["Choke","PiercingWail"],"picked":"Dagger Throw","floor":6},{"not_picked":["Endless Agony","Eviscerate"],"picked":"Dash","floor":8},{"not_picked":["Distraction","Corpse Explosion"],"picked":"Deflect","floor":11},{"not_picked":["Setup","Bane"],"picked":"Dagger Spray","floor":12},{"not_picked":["Terror","Poisoned Stab"],"picked":"Caltrops","floor":13},{"not_picked":["Storm of Steel","Burst"],"picked":"Die Die Die","floor":16},{"not_picked":["Terror"],"picked":"SKIP","floor":18},{"not_picked":[],"picked":"Cloak And Dagger","floor":19},{"not_picked":["PiercingWail"],"picked":"SKIP","floor":24},{"not_picked":[],"picked":"Flechettes","floor":25},{"not_picked":[],"picked":"Noxious Fumes","floor":28},{"not_picked":["Acrobatics+1"],"picked":"SKIP","floor":30},{"not_picked":[],"picked":"Tools of the Trade","floor":33},{"not_picked":[],"picked":"Infinite Blades+1","floor":34},{"not_picked":[],"picked":"Dodge and Roll","floor":34},{"not_picked":["Flying Knee+1"],"picked":"SKIP","floor":35},{"not_picked":[],"picked":"Underhanded Strike+1","floor":36}],"player_experience":527610,"relics_obtained":[{"floor":6,"key":"Lantern"},{"floor":8,"key":"Potion Belt"},{"floor":9,"key":"Orichalcum"},{"floor":10,"key":"Bronze Scales"},{"floor":14,"key":"MawBank"},{"floor":24,"key":"Pen Nib"},{"floor":26,"key":"Bottled Tornado"}],"event_choices":[{"damage_healed":0,"gold_gain":0,"player_choice":"Leave","damage_taken":0,"max_hp_gain":0,"max_hp_loss":0,"event_name":"FaceTrader","floor":4,"gold_loss":0},{"damage_healed":0,"gold_gain":0,"player_choice":"Relic","damage_taken":0,"max_hp_gain":0,"max_hp_loss":0,"event_name":"Wheel of Change","floor":10,"gold_loss":0},{"damage_healed":0,"gold_gain":0,"player_choice":"Smashed Altar","damage_taken":0,"max_hp_gain":0,"max_hp_loss":0,"event_name":"Forgotten Altar","floor":21,"gold_loss":0,"cards_obtained":["Decay"]},{"damage_healed":0,"gold_gain":0,"player_choice":"Got Potions","damage_taken":0,"max_hp_gain":0,"max_hp_loss":0,"event_name":"Lab","floor":22,"gold_loss":0},{"damage_healed":0,"gold_gain":0,"player_choice":"Fight","damage_taken":0,"max_hp_gain":0,"max_hp_loss":0,"event_name":"Colosseum","floor":31,"gold_loss":0},{"damage_healed":0,"gold_gain":0,"player_choice":"Fled From Nobs","damage_taken":0,"max_hp_gain":0,"max_hp_loss":0,"event_name":"Colosseum","floor":31,"gold_loss":0},{"damage_healed":0,"gold_gain":0,"player_choice":"Forge","damage_taken":0,"max_hp_gain":0,"max_hp_loss":0,"event_name":"Accursed Blacksmith","floor":37,"gold_loss":0,"cards_upgraded":["Flechettes"]}],"is_beta":false,"boss_relics":[{"not_picked":["White Beast Statue","Coffee Dripper"],"picked":"Busted Crown"},{"not_picked":["Snecko Eye","Sozu"],"picked":"Orrery"}],"items_purged_floors":[20],"is_endless":false,"potions_floor_spawned":[3,8,13,16,25,28,30,33,35,36],"killed_by":"Maw","ascension_level":16}