{"gold_per_floor":[117,131,144,26,38,38,50,50,50,73,97,97,141,47,47,176,176,197,213,234,184,184,184,224,224,275,291,291,310,325,325,325,453,453,477,477,491,504,504],"floor_reached":39,"playtime":2426,"items_purged":[],"score":695,"play_id":"093fcce4-5b0b-4e0f-8523-9418ca993d16","local_time":"20190115230718","is_ascension_mode":true,"campfire_choices":[{"data":"Footwork","floor":6.0,"key":"SMITH"},{"floor":12.0,"key":"REST"},{"floor":15.0,"key":"REST"},{"floor":23,"key":"REST"},{"floor":25,"key":"REST"},{"floor":32,"key":"REST"}],"neow_cost":"NONE","seed_source_timestamp":0,"circlet_count":0,"master_deck":["AscendersBane","Defend_G","Defend_G","Defend_G","Defend_G","Defend_G","Strike_G","Strike_G","Strike_G","Strike_G","Strike_G","Survivor","Neutralize","Backflip","Footwork+1","Poisoned Stab","Footwork","Dagger Throw","Backstab","Dodge and Roll","Footwork","Sucker Punch","Acrobatics","Noxious Fumes","Backflip","Die Die Die","Flying Knee+1","Catalyst+1","Deflect+1","Dash","Poisoned Stab+1","Noxious Fumes+1","Burst","Backflip","Dodge and Roll+1"],"special_seed":0,"relics":["White Beast Statue","Golden Idol","Art of War","Happy Flower","Eternal Feather","Dodecahedron","Oddly Smooth Stone","MutagenicStrength","Cursed Key"],"potions_floor_usage":[24,24,27,33,39,39],"damage_taken":[{"damage":1.0,"enemies":"Small Slimes","floor":1.0,"turns":4.0},{"damage":7.0,"enemies":"Jaw Worm","floor":2.0,"turns":4.0},{"damage":0.0,"enemies":"2 Louse","floor":3.0,"turns":6.0},{"damage":18.0,"enemies":"Exordium Thugs","floor":5.0,"turns":7.0},{"damage":9.0,"enemies":"Lots of Slimes","floor":7.0,"turns":6.0},{"damage":4.0,"enemies":"3 Louse","floor":10.0,"turns":3.0},{"damage":3.0,"enemies":"Looter","floor":11.0,"turns":4.0},{"damage":10.0,"enemies":"Gremlin Nob","floor":13.0,"turns":3.0},{"damage":17.0,"enemies":"Hexaghost","floor":16.0,"turns":13.0},{"damage":6,"enemies":"Shell Parasite","floor":18,"turns":9},{"damage":14,"enemies":"Chosen","floor":19,"turns":7},{"damage":22,"enemies":"Snake Plant","floor":20,"turns":9},{"damage":43,"enemies":"Book of Stabbing","floor":24,"turns":11},{"damage":26,"enemies":"Snecko","floor":27,"turns":10},{"damage":2,"enemies":"Centurion and Healer","floor":29,"turns":9},{"damage":10,"enemies":"Cultist and Chosen","floor":30,"turns":8},{"damage":20,"enemies":"Collector","floor":33,"turns":11},{"damage":16,"enemies":"Orb Walker","floor":35,"turns":5},{"damage":3,"enemies":"3 Shapes","floor":37,"turns":11},{"damage":9,"enemies":"Maw","floor":38,"turns":5},{"damage":39,"enemies":"Transient","floor":39,"turns":4}],"seed_played":"8196814739531140128","potions_obtained":[{"floor":1.0,"key":"EssenceOfSteel"},{"floor":2.0,"key":"Swift Potion"},{"floor":3.0,"key":"EssenceOfSteel"},{"floor":5.0,"key":"Block Potion"},{"floor":7.0,"key":"FairyPotion"},{"floor":10.0,"key":"PowerPotion"},{"floor":11.0,"key":"AttackPotion"},{"floor":13.0,"key":"GhostInAJar"},{"floor":16.0,"key":"FairyPotion"},{"floor":24,"key":"GamblersBrew"},{"floor":27,"key":"GhostInAJar"},{"floor":29,"key":"Explosive Potion"},{"floor":33,"key":"AttackPotion"}],"is_trial":false,"path_per_floor":["M","M","M","$","M","R","M","?","T","M","M","R","E","$","R","B",null,"M","M","M","$","?","R","E","R","T","M","?","M","M","?","R","B",null,"M","?","M","M","M"],"character_chosen":"THE_SILENT","items_purchased":["Footwork","Dagger Throw","Noxious Fumes","Backflip","PowerPotion"],"campfire_rested":5,"item_purchase_floors":[4,4,14,14,21],"current_hp_per_floor":[62,55,55,55,37,37,28,28,28,24,21,40,30,30,49,32,57,51,37,15,15,15,49,6,40,40,14,14,12,2,2,39,19,54,38,38,35,26,0],"gold":504,"neow_bonus":"BOSS_RELIC","is_prod":false,"is_daily":false,"chose_seed":false,"campfire_upgraded":1,"win_rate":0,"timestamp":1547593638,"path_taken":["M","M","M","$","M","R","M","?","T","M","M","R","E","$","R","BOSS","M","M","M","$","?","R","E","R","T","M","?","M","M","?","R","BOSS","M","?","M","?","M"],"build_version":"2019-01-10","purchased_purges":0,"victory":false,"max_hp_per_floor":[70,70,70,70,70,70,70,65,65,65,65,65,65,65,65,65,65,65,65,65,65,65,65,65,65,65,65,65,65,65,65,65,65,65,65,65,65,65,65],"card_choices":[{"not_picked":["Bouncing Flask","Bane"],"picked":"Backflip","floor":1.0},{"not_picked":["Finisher","Underhanded Strike"],"picked":"Footwork","floor":2.0},{"not_picked":["Endless Agony","Deadly Poison"],"picked":"Poisoned Stab","floor":3.0},{"not_picked":["Quick Slash","Slice"],"picked":"Backstab","floor":5.0},{"not_picked":["Slice","Underhanded Strike"],"picked":"Dodge and Roll","floor":7.0},{"not_picked":["Tactician","Prepared"],"picked":"Footwork","floor":10.0},{"not_picked":["Acrobatics","Backflip"],"picked":"Sucker Punch","floor":11.0},{"not_picked":["Phantasmal Killer","PiercingWail"],"picked":"Acrobatics","floor":13.0},{"not_picked":["After Image","A Thousand Cuts"],"picked":"Die Die Die","floor":16.0},{"not_picked":["Cloak And Dagger","Setup"],"picked":"Flying Knee+1","floor":18},{"not_picked":["Outmaneuver","Dagger Spray","Endless Agony"],"picked":"SKIP","floor":19},{"not_picked":["Deadly Poison","PiercingWail"],"picked":"Catalyst+1","floor":20},{"not_picked":["Skewer","Poisoned Stab"],"picked":"Deflect+1","floor":24},{"not_picked":["Footwork","Venomology"],"picked":"Dash","floor":27},{"not_picked":["Blade Dance","Terror+1"],"picked":"Poisoned Stab+1","floor":29},{"not_picked":["Dagger Throw","Dodge and Roll"],"picked":"Noxious Fumes+1","floor":30},{"not_picked":["Venomology","Corpse Explosion"],"picked":"Burst","floor":33},{"not_picked":["Predator","Backstab"],"picked":"Backflip","floor":35},{"not_picked":["Quick Slash+1","Slice","Dagger Throw"],"picked":"SKIP","floor":37},{"not_picked":["Dagger Throw","Flying Knee"],"picked":"Dodge and Roll+1","floor":38}],"player_experience":346948,"relics_obtained":[{"floor":9.0,"key":"Art of War"},{"floor":13.0,"key":"Happy Flower"},{"floor":24,"key":"Dodecahedron"},{"floor":26,"key":"Oddly Smooth Stone"}],"event_choices":[{"damage_healed":0.0,"max_hp_gain":0.0,"max_hp_loss":5.0,"gold_gain":0.0,"event_name":"Golden Idol","player_choice":"Lose Max HP","floor":8.0,"gold_loss":0.0,"damage_taken":0.0,"relics_obtained":["Golden Idol"]},{"damage_healed":0,"gold_gain":0,"player_choice":"Ignored","damage_taken":0,"max_hp_gain":0,"max_hp_loss":0,"event_name":"Beggar","floor":22,"gold_loss":0},{"damage_healed":0,"gold_gain":0,"player_choice":"Inject Mutagens","damage_taken":0,"relics_obtained":["MutagenicStrength"],"max_hp_gain":0,"max_hp_loss":0,"event_name":"Drug Dealer","floor":28,"gold_loss":0},{"damage_healed":0,"gold_gain":0,"player_choice":"Leave","damage_taken":0,"max_hp_gain":0,"max_hp_loss":0,"event_name":"FaceTrader","floor":31,"gold_loss":0},{"damage_healed":0,"gold_gain":0,"player_choice":"Bought 0 Potions","damage_taken":0,"max_hp_gain":0,"max_hp_loss":0,"event_name":"The Woman in Blue","floor":36,"gold_loss":0}],"is_beta":false,"boss_relics":[{"not_picked":["Sozu","Snecko Eye"],"picked":"Eternal Feather"},{"not_picked":["HoveringKite","Tiny House"],"picked":"Cursed Key"}],"items_purged_floors":[],"is_endless":false,"potions_floor_spawned":[1,2,3,5,7,10,11,13,16,18,19,20,24,27,29,30,33,35,37,38],"killed_by":"Transient","ascension_level":11}