{"gold_per_floor":[111,126,36,49,60,85,85,85,85,85,163,196,214,179,179,179],"floor_reached":16,"playtime":491,"items_purged":[],"score":165,"play_id":"097d963d-19a1-42a7-bed7-ea012ffe25fa","local_time":"20190114235750","is_ascension_mode":true,"campfire_choices":[{"floor":8,"key":"REST"},{"floor":10,"key":"REST"},{"data":"Body Slam","floor":15,"key":"SMITH"}],"neow_cost":"TEN_PERCENT_HP_LOSS","seed_source_timestamp":1752078740712825,"circlet_count":0,"master_deck":["AscendersBane","Strike_R","Strike_R","Strike_R","Strike_R","Strike_R","Defend_R","Defend_R","Defend_R","Defend_R","Bash","Violence","Deep Breath","Shrug It Off","Cleave","Good Instincts","Body Slam+1","Wild Strike","Shrug It Off","Anger","Spot Weakness"],"relics":["Burning Blood","Juzu Bracelet","Golden Idol","Regal Pillow","Meat on the Bone"],"potions_floor_usage":[12,13],"damage_taken":[{"damage":16,"enemies":"Cultist","floor":1,"turns":4},{"damage":28,"enemies":"Jaw Worm","floor":2,"turns":4},{"damage":0,"enemies":"Small Slimes","floor":4,"turns":3},{"damage":12,"enemies":"Looter","floor":5,"turns":3},{"damage":38,"enemies":"Gremlin Nob","floor":6,"turns":4},{"damage":51,"enemies":"Lagavulin","floor":12,"turns":6},{"damage":8,"enemies":"Lots of Slimes","floor":13,"turns":4},{"damage":48,"enemies":"The Guardian","floor":16,"turns":8}],"seed_played":"-1281993256090833897","potions_obtained":[{"floor":1,"key":"Poison Potion"},{"floor":2,"key":"SkillPotion"},{"floor":12,"key":"SkillPotion"}],"is_trial":false,"path_per_floor":["M","M","$","M","M","E","?","R","T","R","?","E","M","?","R","B"],"character_chosen":"IRONCLAD","items_purchased":["Good Instincts"],"campfire_rested":2,"item_purchase_floors":[3],"current_hp_per_floor":[62,40,40,46,40,8,8,28,28,63,63,18,28,44,44,0],"gold":179,"neow_bonus":"RANDOM_COLORLESS_2","is_prod":false,"is_daily":false,"chose_seed":false,"campfire_upgraded":1,"win_rate":0,"timestamp":1547510270,"path_taken":["M","M","$","M","M","E","?","R","T","R","?","E","M","?","R","BOSS"],"build_version":"2019-01-10","purchased_purges":0,"victory":false,"max_hp_per_floor":[72,72,72,72,72,72,67,67,67,67,67,67,67,67,67,67],"card_choices":[{"not_picked":["Corruption","Feel No Pain"],"picked":"Shrug It Off","floor":1},{"not_picked":["Havoc","Heavy Blade"],"picked":"Cleave","floor":2},{"not_picked":["Uppercut","Flex"],"picked":"Body Slam","floor":4},{"not_picked":["Shockwave","Bloodletting"],"picked":"Wild Strike","floor":5},{"not_picked":["Anger","Sever Soul"],"picked":"Shrug It Off","floor":6},{"not_picked":["Entrench","Limit Break"],"picked":"Anger","floor":12},{"not_picked":["Blood for Blood","Twin Strike"],"picked":"Spot Weakness","floor":13}],"player_experience":311022,"relics_obtained":[{"floor":6,"key":"Juzu Bracelet"},{"floor":9,"key":"Regal Pillow"},{"floor":12,"key":"Meat on the Bone"}],"event_choices":[{"damage_healed":0,"gold_gain":0,"player_choice":"Lose Max HP","damage_taken":0,"relics_obtained":["Golden Idol"],"max_hp_gain":0,"max_hp_loss":5,"event_name":"Golden Idol","floor":7,"gold_loss":0},{"damage_healed":0,"gold_gain":78,"player_choice":"Gained Gold","damage_taken":0,"max_hp_gain":0,"max_hp_loss":0,"event_name":"Golden Wing","floor":11,"gold_loss":0},{"damage_healed":16,"gold_gain":0,"player_choice":"Healed","damage_taken":0,"max_hp_gain":0,"max_hp_loss":0,"event_name":"The Cleric","floor":14,"gold_loss":35}],"is_beta":false,"boss_relics":[],"items_purged_floors":[],"is_endless":false,"potions_floor_spawned":[1,2,12],"killed_by":"The Guardian","ascension_level":10}