{"path_per_floor":["M","$","?","?","?","R","M","$","T","M","R","?","M","M","R","B",null,"M","$","M","M","?","R","?","R","T","R","M","$","M","M","R"],"character_chosen":"THE_SILENT","items_purchased":["Apotheosis","Flying Knee","Finisher","Terror","Accuracy"],"gold_per_floor":[116,41,41,216,216,216,232,5,51,69,69,69,82,94,94,194,194,213,5,18,35,35,35,35,35,59,59,75,41,56,72,72],"floor_reached":33,"campfire_rested":5,"playtime":1835,"current_hp_per_floor":[70,70,70,70,58,58,46,46,46,43,43,29,29,29,50,20,70,64,64,61,2,2,23,23,44,44,65,49,49,49,18,39],"items_purged":["Defend_G","Doubt"],"gold":72,"play_id":"b32abd05-06c4-4117-bd9a-216509fb3e77","is_prod":false,"is_daily":false,"campfire_rituals":0,"campfire_upgraded":2,"is_hardmode":false,"path_taken":["M","$","?","?","?","R","M","$","T","?","R","?","M","M","R","BOSS","M","$","M","M","?","R","?","R","T","R","?","$","?","M","R","BOSS"],"build_version":"2018-01-04-PROD1","purchased_purges":2,"victory":false,"master_deck":["Defend_G","Defend_G","Defend_G","Defend_G","Strike_G","Strike_G","Strike_G","Strike_G","Survivor","Neutralize","Quick Slash","Underhanded Strike","Apotheosis","Flying Knee","Riddle With Holes","Finisher","Envenom","Cloak And Dagger","Infinite Blades","Well Laid Plans","Bullet Time","Poisoned Stab","Cloak And Dagger","Finisher","Terror","Dagger Spray","Bane","Prepared","Accuracy","Blade Dance","Bouncing Flask"],"max_hp_per_floor":[70,70,70,70,70,70,70,70,70,70,70,70,70,70,70,70,70,70,70,70,70,70,70,70,70,70,70,70,70,70,70,70],"relics":["Ring of the Snake","Dodecahedron","Whetstone","Orrery","Orichalcum"],"campfire_meditates":0,"card_choices":[{"not_picked":["Dagger Throw","Choke"],"picked":"Quick Slash"},{"not_picked":["Acrobatics","Bane"],"picked":"Riddle With Holes"},{"not_picked":["Bane","Calculated Gamble"],"picked":"Finisher"},{"not_picked":["After Image","Corpse Explosion"],"picked":"Envenom"},{"not_picked":["PiercingWail","Backflip"],"picked":"Cloak And Dagger"},{"not_picked":["Acrobatics","Endless Agony"],"picked":"Infinite Blades"},{"not_picked":["Blur","Dodge and Roll"],"picked":"Well Laid Plans"},{"not_picked":["Underhanded Strike","Cloak And Dagger"],"picked":"Bullet Time"},{"not_picked":["Flying Knee","Blur"],"picked":"Poisoned Stab"},{"not_picked":["Dodge and Roll","Catalyst"],"picked":"Cloak And Dagger"},{"not_picked":["Cloak And Dagger","Backstab"],"picked":"Dagger Spray"},{"not_picked":["Skewer","Outmaneuver"],"picked":"Prepared"},{"not_picked":["Bane","Backflip"],"picked":"Blade Dance"},{"not_picked":["Deflect","Quick Slash"],"picked":"Bouncing Flask"}],"player_experience":130674,"potions_floor_usage":[16,16,21],"damage_taken":[{"damage":0,"enemies":"Small Slimes","floor":1,"turns":5},{"damage":12,"enemies":"Cultist","floor":7,"turns":5},{"damage":3,"enemies":"Jaw Worm","floor":10,"turns":3},{"damage":0,"enemies":"3 Louse","floor":13,"turns":3},{"damage":0,"enemies":"Looter","floor":14,"turns":3},{"damage":30,"enemies":"Slime Boss","floor":16,"turns":8},{"damage":6,"enemies":"Shell Parasite","floor":18,"turns":5},{"damage":3,"enemies":"3 Byrds","floor":20,"turns":5},{"damage":59,"enemies":"Slaver and Parasite","floor":21,"turns":6},{"damage":16,"enemies":"Snake Plant","floor":28,"turns":5},{"damage":0,"enemies":"Chosen and Byrds","floor":30,"turns":4},{"damage":31,"enemies":"Slaver and Parasite","floor":31,"turns":5},{"damage":45,"enemies":"Collector","floor":33,"turns":6}],"event_choices":[{"event_name":"Transmorgrifier","player_choice":"Transform","floor":3,"damage_taken":0},{"event_name":"Liars Game","player_choice":"agreed","floor":4,"damage_taken":0},{"event_name":"Scrap Ooze","player_choice":"success","floor":5,"damage_taken":12},{"event_name":"Shining Light","player_choice":"Entered Light","floor":12,"damage_taken":0},{"event_name":"The Library","player_choice":"Read","floor":22,"damage_taken":0},{"event_name":"Beggar","player_choice":"Ignored","floor":24,"damage_taken":0}],"boss_relics":[{"not_picked":["White Beast Statue","Velvet Choker"],"picked":"Orrery"}],"potions_floor_spawned":[13,14,20,28],"seed_played":"1306851499196778681","killed_by":"Collector","is_trial":false}