{"gold_per_floor":[111,36,46,46,46,46,78,92,115,128,139,170,182,212,212,212],"floor_reached":16,"playtime":1065,"items_purged":["Strike_G"],"score":158,"play_id":"44e43929-acc5-4b84-a0f3-60991e9296dc","local_time":"20181218131108","is_ascension_mode":true,"campfire_choices":[{"floor":6,"key":"RECALL"},{"data":"Neutralize","floor":15,"key":"SMITH"}],"neow_cost":"NONE","seed_source_timestamp":2906516389059081,"circlet_count":0,"master_deck":["Defend_G","Defend_G","Defend_G","Defend_G","Defend_G","Strike_G+1","Strike_G","Strike_G","Strike_G","Survivor","Neutralize+1","Deflect","Slice+1","Glass Knife","Cloak And Dagger","Acrobatics","Dodge and Roll","Backstab","Well Laid Plans"],"relics":["Ring of the Snake","NeowsBlessing","Whetstone","Matryoshka","Tiny Chest","Gremlin Horn"],"potions_floor_usage":[12,16],"damage_taken":[{"damage":0,"enemies":"2 Louse","floor":1,"turns":1},{"damage":0,"enemies":"Jaw Worm","floor":3,"turns":1},{"damage":0,"enemies":"3 Sentries","floor":7,"turns":1},{"damage":0,"enemies":"Cultist","floor":8,"turns":2},{"damage":1,"enemies":"3 Louse","floor":10,"turns":3},{"damage":0,"enemies":"2 Fungi Beasts","floor":11,"turns":4},{"damage":20,"enemies":"Lagavulin","floor":12,"turns":6},{"damage":5,"enemies":"Red Slaver","floor":13,"turns":4},{"damage":44,"enemies":"Hexaghost","floor":16,"turns":16}],"seed_played":"8693313159474297801","potions_obtained":[{"floor":7,"key":"SpeedPotion"},{"floor":8,"key":"Fire Potion"},{"floor":12,"key":"Explosive Potion"}],"is_trial":false,"path_per_floor":["M","$","M","$","?","R","E","M","T","M","M","E","M","T","R","B"],"character_chosen":"THE_SILENT","items_purchased":[],"campfire_rested":0,"item_purchase_floors":[],"current_hp_per_floor":[70,70,70,70,70,70,70,70,70,69,69,49,44,44,44,0],"gold":212,"neow_bonus":"THREE_ENEMY_KILL","is_prod":false,"is_daily":false,"chose_seed":false,"campfire_upgraded":1,"win_rate":0,"timestamp":1545160268,"path_taken":["M","$","M","$","?","R","E","M","T","M","M","E","M","?","R","BOSS"],"build_version":"2018-12-13","purchased_purges":1,"victory":false,"max_hp_per_floor":[70,70,70,70,70,70,70,70,70,70,70,70,70,70,70,70],"card_choices":[{"not_picked":["Flechettes","Calculated Gamble"],"picked":"Deflect","floor":1},{"not_picked":["Concentrate","Sucker Punch"],"picked":"Slice","floor":3},{"not_picked":["Sucker Punch","Calculated Gamble"],"picked":"Glass Knife","floor":7},{"not_picked":["Sucker Punch","Deadly Poison"],"picked":"Cloak And Dagger","floor":8},{"not_picked":["Cloak And Dagger","Slice"],"picked":"Acrobatics","floor":10},{"not_picked":["Flechettes","Bane"],"picked":"Dodge and Roll","floor":11},{"not_picked":["Dagger Throw","Bane"],"picked":"Backstab","floor":12},{"not_picked":["Dodge and Roll","Terror"],"picked":"Well Laid Plans","floor":13}],"player_experience":233803,"relics_obtained":[{"floor":7,"key":"Whetstone"},{"floor":12,"key":"Matryoshka"},{"floor":14,"key":"Tiny Chest"},{"floor":14,"key":"Gremlin Horn"}],"event_choices":[{"damage_healed":0,"gold_gain":0,"player_choice":"Leave","damage_taken":0,"max_hp_gain":0,"max_hp_loss":0,"event_name":"The Cleric","floor":5,"gold_loss":0}],"is_beta":false,"boss_relics":[],"items_purged_floors":[2],"is_endless":false,"potions_floor_spawned":[7,8,12],"killed_by":"Hexaghost","ascension_level":3}