{"path_per_floor":["M","?","?","M","?","R","E","M","T","$","T","M","E","?","R","B",null,"M","$","M","M","M","E","M","R","T","M","R","?","M","T","R","B",null,"M","$","M","$","?","R","E","R","T","R","M","?","T","?","R","B"],"character_chosen":"IRONCLAD","items_purchased":["Headbutt","Battle Trance"],"gold_per_floor":[114,114,114,124,124,124,152,169,169,94,119,131,160,160,160,255,255,240,93,93,93,93,93,93,93,93,93,93,93,93,93,93,93,93,93,93,93,54,0,0,0,0,0,0,0,0,0,0,0,0],"floor_reached":45,"campfire_rested":0,"playtime":2485,"current_hp_per_floor":[80,80,80,80,64,64,61,66,66,66,66,72,77,77,77,30,80,80,80,80,80,80,76,80,80,80,69,69,69,75,75,75,80,80,70,70,76,76,76,76,78,78,78,78,82,84,84,74,74,80],"items_purged":["Defend_R","Strike_R"],"gold":0,"play_id":"b980198d-81b6-496a-b7e3-b3e4b7d576fb","is_prod":false,"is_daily":false,"campfire_rituals":0,"campfire_upgraded":8,"is_hardmode":false,"path_taken":["M","?","?","M","?","R","E","M","T","$","?","M","E","?","R","BOSS","M","$","M","M","M","E","M","R","T","M","R","?","M","?","R","BOSS","M","$","M","$","?","R","E","R","T","R","M","?","?","?","R","BOSS"],"build_version":"2018-01-18-PROD4","purchased_purges":2,"victory":true,"master_deck":["Strike_R","Defend_R","Defend_R","Bash","Clash","Shrug It Off","Shrug It Off","Body Slam","Iron Wave","Entrench","Bludgeon","Headbutt","Dual Wield","Seeing Red","Barricade","Battle Trance","Body Slam","Madness"],"max_hp_per_floor":[80,80,80,80,80,80,80,80,80,80,80,80,80,80,80,80,80,80,80,80,80,80,80,80,80,80,80,80,80,80,80,80,80,80,80,80,80,80,80,80,80,80,80,80,82,84,84,84,84,84],"relics":["Burning Blood","Gambling Chip","Gremlin Horn","Toxic Egg","Pen Nib","Ectoplasm","Vajra","Frozen Eye","Dream Catcher","Mark of Pain","Red Mask","Singing Bowl","Old Coin","Peace Pipe","Lantern"],"campfire_meditates":0,"card_choices":[{"not_picked":["Armaments","Carnage"],"picked":"Shrug It Off"},{"not_picked":["Twin Strike","Flex"],"picked":"Shrug It Off"},{"not_picked":["Perfected Strike","Clothesline"],"picked":"Body Slam"},{"not_picked":["Twin Strike","Sentinel"],"picked":"Iron Wave"},{"not_picked":["Twin Strike","Cleave"],"picked":"Entrench"},{"not_picked":["Heavy Blade","Evolve"],"picked":"Dual Wield"},{"not_picked":["Clash","Spot Weakness"],"picked":"Seeing Red"},{"not_picked":["Bludgeon","Brutality"],"picked":"Barricade"},{"not_picked":["Headbutt","Offering"],"picked":"Body Slam"}],"player_experience":307675,"potions_floor_usage":[7,16,18,21,27,44,44],"damage_taken":[{"damage":1,"enemies":"Cultist","floor":1,"turns":3},{"damage":1,"enemies":"Jaw Worm","floor":4,"turns":3},{"damage":9,"enemies":"Lagavulin","floor":7,"turns":8},{"damage":1,"enemies":"Blue Slaver","floor":8,"turns":5},{"damage":0,"enemies":"Looter","floor":12,"turns":3},{"damage":1,"enemies":"Gremlin Nob","floor":13,"turns":4},{"damage":53,"enemies":"Hexaghost","floor":16,"turns":12},{"damage":0,"enemies":"2 Thieves","floor":18,"turns":2},{"damage":0,"enemies":"3 Byrds","floor":18,"turns":5},{"damage":0,"enemies":"Snake Plant","floor":18,"turns":5},{"damage":0,"enemies":"3 Cultists","floor":18,"turns":6},{"damage":0,"enemies":"Book of Stabbing","floor":18,"turns":7},{"damage":0,"enemies":"Chosen and Byrds","floor":18,"turns":9},{"damage":17,"enemies":"Slaver and Parasite","floor":21,"turns":5},{"damage":0,"enemies":"Snake Plant","floor":24,"turns":3},{"damage":0,"enemies":"Collector","floor":27,"turns":8},{"damage":16,"enemies":"3 Darklings","floor":29,"turns":4},{"damage":0,"enemies":"Orb Walker","floor":31,"turns":1},{"damage":4,"enemies":"2 Orb Walkers","floor":35,"turns":5},{"damage":0,"enemies":"Sphere and 2 Shapes","floor":39,"turns":3},{"damage":0,"enemies":"Mysterious Sphere","floor":40,"turns":4},{"damage":0,"enemies":"Awakened One","floor":44,"turns":7}],"event_choices":[{"event_name":"Match and Keep!","player_choice":"0 cards matched","floor":2,"damage_taken":0},{"event_name":"Purifier","player_choice":"One Purge","floor":3,"damage_taken":0},{"event_name":"Shining Light","player_choice":"Entered Light","floor":5,"damage_taken":0},{"event_name":"Transmorgrifier","player_choice":"Transform","floor":14,"damage_taken":0},{"event_name":"Wheel of Change","player_choice":"Card Removal","floor":23,"damage_taken":0},{"event_name":"Tomb of Lord Red Mask","player_choice":"Paid","floor":33,"damage_taken":0},{"event_name":"Mysterious Sphere","player_choice":"Fight","floor":40,"damage_taken":0},{"event_name":"Winding Halls","player_choice":"Embrace Madness","floor":42,"damage_taken":0}],"boss_relics":[{"not_picked":["Runic Pyramid","Lizard Tail"],"picked":"Ectoplasm"},{"not_picked":["Pandora\u0027s Box","Philosopher\u0027s Stone"],"picked":"Mark of Pain"}],"potions_floor_spawned":[4,7,13,18,18,27,29,39,40],"seed_played":"3260441744870751059","is_trial":false}