{"gold_per_floor":[119,131,131,143,153,179,192,192,192,192,192,207,221,238,238,339,339,354,354,55,67,67,101,117,117,117,133,144,179,179,195,195,293,293,306,14,14,29,29,64,82,97,146,160,171,47,57,73,73,73],"floor_reached":50,"playtime":4148,"items_purged":["Defend_G+1"],"score":599,"play_id":"595743c9-158e-4094-803f-85f1eb4ff00b","local_time":"20190107125205","is_ascension_mode":false,"campfire_choices":[{"data":"1","floor":8,"key":"LIFT"},{"data":"2","floor":10,"key":"LIFT"},{"floor":15,"key":"REST"},{"data":"3","floor":25,"key":"LIFT"},{"data":"Terror","floor":30,"key":"SMITH"},{"floor":32,"key":"REST"},{"data":"Blade Dance","floor":49,"key":"SMITH"}],"neow_cost":"NONE","seed_source_timestamp":1103645843047174,"circlet_count":0,"master_deck":["Defend_G+1","Defend_G+1","Defend_G+1","Strike_G+1","Strike_G+1","Strike_G+1","Strike_G+1","Strike_G+1","Survivor+1","Neutralize+1","Terror+1","Leg Sweep+1","Dagger Throw+1","Crippling Poison+1","Backflip+1","Poisoned Stab+1","Poisoned Stab+1","Catalyst+1","Outmaneuver+1","Burst+1","Poisoned Stab+1","Dagger Spray+1","Prepared+1","Heel Hook+1","Calculated Gamble+1","Dodge and Roll+1","Blur+1","Bane+1","Slice+1","Adrenaline+1","Riddle With Holes+1","Dagger Spray+1","Blade Dance+1","Bane","Dagger Spray+1","Dagger Spray+1","Dagger Throw","Distraction","Backflip+1"],"relics":["Ring of the Snake","Snake Skull","Girya","Question Card","Busted Crown","MutagenicStrength","Ninja Scroll","Shuriken","Darkstone Periapt","Mercury Hourglass","Eternal Feather","Paper Crane","Mark of the Bloom","Blood Vial","Bag of Marbles"],"potions_floor_usage":[16,23,24,50],"damage_taken":[{"damage":0,"enemies":"Cultist","floor":1,"turns":4},{"damage":1,"enemies":"Small Slimes","floor":2,"turns":4},{"damage":0,"enemies":"Jaw Worm","floor":4,"turns":4},{"damage":0,"enemies":"Large Slime","floor":5,"turns":4},{"damage":26,"enemies":"Lagavulin","floor":6,"turns":8},{"damage":4,"enemies":"Looter","floor":7,"turns":5},{"damage":0,"enemies":"Exordium Wildlife","floor":12,"turns":3},{"damage":10,"enemies":"Gremlin Gang","floor":13,"turns":4},{"damage":9,"enemies":"Red Slaver","floor":14,"turns":2},{"damage":27,"enemies":"Slime Boss","floor":16,"turns":9},{"damage":0,"enemies":"Chosen","floor":18,"turns":4},{"damage":0,"enemies":"Spheric Guardian","floor":21,"turns":1},{"damage":14,"enemies":"Slavers","floor":23,"turns":3},{"damage":6,"enemies":"Shelled Parasite and Fungi","floor":24,"turns":4},{"damage":2,"enemies":"Centurion and Healer","floor":27,"turns":3},{"damage":0,"enemies":"3 Cultists","floor":28,"turns":4},{"damage":10,"enemies":"Gremlin Leader","floor":29,"turns":3},{"damage":1,"enemies":"Shelled Parasite and Fungi","floor":31,"turns":3},{"damage":41,"enemies":"Collector","floor":33,"turns":5},{"damage":1,"enemies":"Orb Walker","floor":35,"turns":2},{"damage":0,"enemies":"3 Shapes","floor":38,"turns":2},{"damage":0,"enemies":"Giant Head","floor":40,"turns":5},{"damage":0,"enemies":"Transient","floor":41,"turns":5},{"damage":0,"enemies":"Sphere and 2 Shapes","floor":42,"turns":1},{"damage":0,"enemies":"Jaw Worm Horde","floor":44,"turns":2},{"damage":5,"enemies":"Maw","floor":45,"turns":3},{"damage":26,"enemies":"Writhing Mass","floor":47,"turns":2},{"damage":0,"enemies":"Sphere and 2 Shapes","floor":48,"turns":1},{"damage":56,"enemies":"Time Eater","floor":50,"turns":3}],"seed_played":"-3031874993337799656","potions_obtained":[{"floor":4,"key":"PowerPotion"},{"floor":7,"key":"Weak Potion"},{"floor":12,"key":"Block Potion"},{"floor":16,"key":"SteroidPotion"},{"floor":21,"key":"Fire Potion"},{"floor":27,"key":"FearPotion"},{"floor":29,"key":"SneckoOil"},{"floor":31,"key":"LiquidBronze"},{"floor":40,"key":"Fire Potion"},{"floor":44,"key":"FairyPotion"}],"is_trial":false,"path_per_floor":["M","M","?","M","M","E","M","R","T","R","?","M","M","M","R","B",null,"M","?","$","M","?","E","M","R","T","M","M","E","R","M","R","B",null,"M","$","?","M","T","E","M","M","T","M","M","$","M","M","R","B"],"character_chosen":"THE_SILENT","items_purchased":["Ninja Scroll","Dagger Spray","Paper Crane","Dagger Spray","AttackPotion"],"campfire_rested":2,"item_purchase_floors":[20,20,36,36,46],"current_hp_per_floor":[70,69,62,62,62,36,32,32,32,32,32,32,22,13,34,7,70,70,70,70,70,70,56,50,50,50,48,48,38,38,37,58,17,70,69,69,69,69,69,69,69,69,69,69,64,64,38,38,38,0],"gold":73,"neow_bonus":"RANDOM_COMMON_RELIC","is_prod":false,"is_daily":false,"chose_seed":false,"campfire_upgraded":2,"win_rate":0.0,"timestamp":1546865525,"path_taken":["M","?","?","M","M","E","M","R","T","R","?","M","M","M","R","BOSS","M","?","$","M","?","E","M","R","T","M","M","E","R","M","R","BOSS","M","$","?","M","?","E","M","M","T","M","M","$","M","?","R","BOSS"],"build_version":"2019-01-03v4","purchased_purges":1,"victory":false,"max_hp_per_floor":[70,70,70,70,70,70,70,70,70,70,70,70,70,70,70,70,70,70,70,70,70,70,70,70,70,70,70,70,70,70,70,70,70,70,70,70,70,70,70,70,70,70,70,70,70,70,70,70,70,70],"card_choices":[{"not_picked":["Backflip","Dagger Spray"],"picked":"Terror","floor":1},{"not_picked":["Dagger Throw","Outmaneuver"],"picked":"Leg Sweep","floor":2},{"not_picked":["Well Laid Plans","Slice"],"picked":"Dagger Throw","floor":4},{"not_picked":["Blur","Deadly Poison"],"picked":"Crippling Poison","floor":5},{"not_picked":["Sucker Punch","Eviscerate"],"picked":"Backflip","floor":6},{"not_picked":["Dodge and Roll","Backflip"],"picked":"Poisoned Stab","floor":7},{"not_picked":["Quick Slash","Glass Knife","Escape Plan"],"picked":"Poisoned Stab","floor":12},{"not_picked":["Quick Slash","Caltrops","Acrobatics"],"picked":"Catalyst","floor":13},{"not_picked":["Blur","Reflex","Dodge and Roll"],"picked":"Outmaneuver","floor":14},{"not_picked":["Wraith Form v2","Night Terror","Doppelganger"],"picked":"Burst","floor":16},{"not_picked":["Acrobatics"],"picked":"Poisoned Stab","floor":18},{"not_picked":["Dodge and Roll+1"],"picked":"Prepared","floor":21},{"not_picked":["Flying Knee+1"],"picked":"Heel Hook","floor":23},{"not_picked":["All Out Attack+1"],"picked":"Calculated Gamble","floor":24},{"not_picked":["Terror"],"picked":"Dodge and Roll","floor":27},{"not_picked":["Choke"],"picked":"Blur","floor":28},{"not_picked":["Deflect"],"picked":"Bane","floor":29},{"not_picked":["Dodge and Roll"],"picked":"Slice","floor":31},{"not_picked":["Doppelganger"],"picked":"Adrenaline","floor":33},{"not_picked":["Dagger Spray"],"picked":"Riddle With Holes+1","floor":35},{"not_picked":["Bane"],"picked":"Blade Dance","floor":38},{"not_picked":["Flying Knee+1"],"picked":"Bane","floor":40},{"not_picked":["Slice"],"picked":"Dagger Spray+1","floor":41},{"not_picked":["Masterful Stab"],"picked":"Dagger Spray+1","floor":42},{"not_picked":["Tactician","PiercingWail+1"],"picked":"SKIP","floor":44},{"not_picked":["Unload"],"picked":"Dagger Throw","floor":45},{"not_picked":["Deadly Poison"],"picked":"Distraction","floor":47},{"not_picked":["Dodge and Roll+1"],"picked":"Backflip+1","floor":48}],"player_experience":32486,"relics_obtained":[{"floor":6,"key":"Girya"},{"floor":9,"key":"Question Card"},{"floor":23,"key":"Shuriken"},{"floor":26,"key":"Darkstone Periapt"},{"floor":29,"key":"Mercury Hourglass"},{"floor":39,"key":"Blood Vial"},{"floor":43,"key":"Bag of Marbles"}],"event_choices":[{"cards_removed":["Defend_G"],"damage_healed":0,"gold_gain":0,"player_choice":"Card Removal","damage_taken":7,"max_hp_gain":0,"max_hp_loss":0,"event_name":"Golden Wing","floor":3,"gold_loss":0},{"damage_healed":0,"gold_gain":0,"player_choice":"Ignored","damage_taken":0,"max_hp_gain":0,"max_hp_loss":0,"event_name":"Liars Game","floor":11,"gold_loss":0},{"damage_healed":0,"gold_gain":0,"player_choice":"Inject Mutagens","damage_taken":0,"relics_obtained":["MutagenicStrength"],"max_hp_gain":0,"max_hp_loss":0,"event_name":"Drug Dealer","floor":19,"gold_loss":0},{"damage_healed":0,"gold_gain":0,"player_choice":"Ignored","damage_taken":0,"max_hp_gain":0,"max_hp_loss":0,"event_name":"Beggar","floor":22,"gold_loss":0},{"damage_healed":0,"gold_gain":0,"player_choice":"Upgrade","damage_taken":0,"relics_obtained":["Mark of the Bloom"],"max_hp_gain":0,"max_hp_loss":0,"event_name":"MindBloom","floor":37,"gold_loss":0,"cards_upgraded":["Defend_G","Defend_G","Defend_G","Defend_G","Strike_G","Strike_G","Strike_G","Strike_G","Strike_G","Survivor","Neutralize","Leg Sweep","Dagger Throw","Crippling Poison","Backflip","Poisoned Stab","Poisoned Stab","Catalyst","Outmaneuver","Burst","Poisoned Stab","Dagger Spray","Prepared","Heel Hook","Calculated Gamble","Dodge and Roll","Blur","Bane","Slice","Adrenaline","Dagger Spray"]}],"is_beta":false,"boss_relics":[{"not_picked":["Empty Cage","Ectoplasm"],"picked":"Busted Crown"},{"not_picked":["WristBlade","HoveringKite"],"picked":"Eternal Feather"}],"items_purged_floors":[46],"is_endless":false,"potions_floor_spawned":[4,7,12,16,21,27,29,31,40,42,44,45,48],"killed_by":"Time Eater","ascension_level":0}