{"path_per_floor":["M","M","M","?","?","E","M","M","T","$","R","M","E","M","R","B",null,"M","M","?","M","$","R","E","R","T","?","$","M","R","E","R","B",null,"M","?","?","$","$","E","M","E","T","$","M","R","M","M","R"],"character_chosen":"IRONCLAD","items_purchased":["Whirlwind","Lantern","Energy Potion","Bag of Marbles"],"gold_per_floor":[119,137,151,226,226,253,266,286,286,64,64,80,109,120,120,225,225,235,248,248,266,139,139,173,173,173,153,53,72,72,97,97,196,196,208,208,208,83,83,108,125,159,159,4,24,24,35,53,53],"floor_reached":50,"campfire_rested":4,"playtime":1874,"current_hp_per_floor":[80,80,80,69,69,41,35,37,37,37,37,39,33,35,59,14,80,73,66,66,72,72,72,46,70,70,70,70,72,72,58,80,56,80,80,80,80,80,80,68,74,62,62,62,65,80,75,80,80],"items_purged":["Defend_R","Flame Barrier","Perfected Strike"],"gold":53,"score":662,"play_id":"496a1b22-5111-46b1-b6fc-eaa40bc50d46","local_time":"20180318225318","is_prod":false,"is_daily":false,"is_ascension_mode":true,"campfire_upgraded":4,"timestamp":1521435198,"path_taken":["M","?","?","?","?","E","M","M","T","$","R","?","E","M","R","BOSS","M","M","?","?","$","R","E","R","T","?","$","M","R","E","R","BOSS","M","?","?","?","$","E","M","E","T","?","?","R","?","M","R","BOSS"],"build_version":"2018-03-16","purchased_purges":4,"victory":false,"master_deck":["Strike_R","Strike_R+1","Strike_R","Defend_R","Defend_R","Bash","Offering","Dual Wield","Double Tap+1","Seeing Red+1","Whirlwind+1","Whirlwind+1","Exhume+1","Clash+1","Offering","Warcry+1","Bloodletting+1","Clash+1"],"max_hp_per_floor":[80,80,80,80,80,80,80,80,80,80,80,80,80,80,80,80,80,80,80,80,80,80,80,80,80,80,80,80,80,80,80,80,80,80,80,80,80,80,80,80,80,80,80,80,80,80,80,80,80],"relics":["Burning Blood","Pen Nib","Champion Belt","Lantern","Happy Flower","Philosopher\u0027s Stone","Bottled Flame","Dead Branch","Ornamental Fan","Mark of Pain","Whetstone","Dodecahedron","Letter Opener","Bag of Marbles"],"card_choices":[{"not_picked":["Second Wind","Havoc"],"picked":"Perfected Strike"},{"not_picked":["Blood for Blood","Wild Strike"],"picked":"Dual Wield"},{"not_picked":["Body Slam","Flex"],"picked":"Double Tap"},{"not_picked":["Demon Form","Juggernaut"],"picked":"Flame Barrier"},{"not_picked":["Heavy Blade","Reckless Charge"],"picked":"Seeing Red"},{"not_picked":["Ghostly Armor","Evolve"],"picked":"Whirlwind"},{"not_picked":["Fiend Fire","Barricade"],"picked":"Exhume"},{"not_picked":["Combust","Flex"],"picked":"Clash"},{"not_picked":["Juggernaut","Reaper"],"picked":"Offering"},{"not_picked":["Flex","Blood for Blood"],"picked":"Warcry"},{"not_picked":["Shockwave","Fire Breathing"],"picked":"Bloodletting"},{"not_picked":["Offering","Body Slam"],"picked":"Clash"}],"player_experience":232853,"potions_floor_usage":[6,13,16,18,33,33,42,50,50,50],"damage_taken":[{"damage":4,"enemies":"Cultist","floor":1,"turns":2},{"damage":6,"enemies":"Jaw Worm","floor":2,"turns":2},{"damage":4,"enemies":"Small Slimes","floor":3,"turns":2},{"damage":34,"enemies":"Lagavulin","floor":6,"turns":4},{"damage":12,"enemies":"Blue Slaver","floor":7,"turns":2},{"damage":4,"enemies":"Looter","floor":8,"turns":2},{"damage":4,"enemies":"Lots of Slimes","floor":12,"turns":1},{"damage":12,"enemies":"3 Sentries","floor":13,"turns":3},{"damage":4,"enemies":"Large Slime","floor":14,"turns":1},{"damage":51,"enemies":"Hexaghost","floor":16,"turns":8},{"damage":13,"enemies":"2 Thieves","floor":18,"turns":2},{"damage":13,"enemies":"Spheric Guardian","floor":19,"turns":3},{"damage":0,"enemies":"Snake Plant","floor":21,"turns":1},{"damage":32,"enemies":"Gremlin Leader","floor":24,"turns":3},{"damage":4,"enemies":"3 Cultists","floor":29,"turns":1},{"damage":20,"enemies":"Book of Stabbing","floor":31,"turns":2},{"damage":30,"enemies":"Automaton","floor":33,"turns":6},{"damage":4,"enemies":"Orb Walker","floor":35,"turns":1},{"damage":48,"enemies":"Nemesis","floor":40,"turns":5},{"damage":0,"enemies":"3 Darklings","floor":41,"turns":1},{"damage":18,"enemies":"Giant Head","floor":42,"turns":2},{"damage":3,"enemies":"Flame Bruiser 2 Orb","floor":45,"turns":2},{"damage":11,"enemies":"Maw","floor":47,"turns":1},{"damage":0,"enemies":"3 Darklings","floor":48,"turns":1},{"damage":94,"enemies":"Awakened One","floor":50,"turns":5}],"event_choices":[{"event_name":"World of Goop","player_choice":"Gather Gold","floor":4,"damage_taken":0},{"event_name":"Upgrade Shrine","player_choice":"Upgraded","floor":5,"damage_taken":0},{"event_name":"Back to Basics","player_choice":"Elegance","floor":20,"damage_taken":0},{"event_name":"The Woman in Blue","player_choice":"Bought 1 Potion","floor":27,"damage_taken":0},{"event_name":"Tomb of Lord Red Mask","player_choice":"Ignored","floor":36,"damage_taken":0}],"boss_relics":[{"not_picked":["White Beast Statue","Question Card"],"picked":"Philosopher\u0027s Stone"},{"not_picked":["Runic Pyramid","Tiny House"],"picked":"Mark of Pain"}],"potions_floor_spawned":[3,7,12,14,24,31,33,40,41,48],"seed_played":"37191710913779557","killed_by":"Awakened One","ascension_level":4,"is_trial":false}