{"gold_per_floor":[109,109,109,123,123,123,136,149,149,164,198,163,181,12,12,12],"floor_reached":16,"playtime":645,"items_purged":[],"score":204,"play_id":"bf3452e8-1bd1-400b-91c9-42c663c9e5a7","local_time":"20190429180633","is_ascension_mode":true,"campfire_choices":[{"floor":6,"key":"REST"},{"data":"Footwork","floor":15,"key":"SMITH"}],"neow_cost":"PERCENT_DAMAGE","seed_source_timestamp":3647696037845742,"circlet_count":0,"master_deck":["AscendersBane","Defend_G","Defend_G","Defend_G","Defend_G","Defend_G","Strike_G","Strike_G","Strike_G","Strike_G","Strike_G","Survivor","Neutralize","Deflect+1","Poisoned Stab","Escape Plan","Poisoned Stab","Sucker Punch","PiercingWail","Adrenaline","Quick Slash","Quick Slash","Backflip","Blur","Footwork+1"],"relics":["Ring of the Snake","Prayer Wheel","Paper Crane","Bottled Lightning","Potion Belt"],"potions_floor_usage":[11,16],"damage_taken":[{"damage":16,"enemies":"Jaw Worm","floor":1,"turns":6},{"damage":2,"enemies":"2 Louse","floor":4,"turns":2},{"damage":2,"enemies":"Small Slimes","floor":7,"turns":3},{"damage":0,"enemies":"Looter","floor":8,"turns":3},{"damage":0,"enemies":"Lots of Slimes","floor":10,"turns":6},{"damage":29,"enemies":"Lagavulin","floor":11,"turns":6},{"damage":14,"enemies":"Large Slime","floor":13,"turns":7},{"damage":31,"enemies":"Hexaghost","floor":16,"turns":14}],"seed_played":"1599704664153068623","potions_obtained":[{"floor":1,"key":"SpeedPotion"},{"floor":4,"key":"Regen Potion"},{"floor":11,"key":"Energy Potion"}],"is_trial":false,"path_per_floor":["M","?","?","M","?","R","M","M","T","M","E","?","M","$","R","B"],"character_chosen":"THE_SILENT","items_purchased":["Potion Belt"],"campfire_rested":1,"item_purchase_floors":[14],"current_hp_per_floor":[28,28,28,26,26,45,43,43,43,43,26,42,28,28,28,0],"gold":12,"neow_bonus":"ONE_RARE_RELIC","is_prod":false,"is_daily":false,"chose_seed":false,"campfire_upgraded":1,"win_rate":0,"timestamp":1556557593,"path_taken":["M","?","?","M","?","R","M","M","T","?","E","?","M","$","R","BOSS"],"build_version":"2019-01-23","purchased_purges":0,"victory":false,"max_hp_per_floor":[66,66,66,66,66,66,66,66,66,66,66,66,66,66,66,66],"card_choices":[{"not_picked":["Bane","Deadly Poison"],"picked":"Deflect","floor":1},{"not_picked":["Well Laid Plans","Deadly Poison"],"picked":"Poisoned Stab","floor":1},{"not_picked":["Flying Knee","Reflex"],"picked":"Escape Plan","floor":4},{"not_picked":["Slice","Calculated Gamble"],"picked":"Poisoned Stab","floor":4},{"not_picked":["All Out Attack","Prepared"],"picked":"Sucker Punch","floor":7},{"not_picked":["Escape Plan","Distraction"],"picked":"PiercingWail","floor":7},{"not_picked":["Underhanded Strike","Prepared"],"picked":"Adrenaline","floor":8},{"not_picked":["Crippling Poison","Outmaneuver","Distraction"],"picked":"SKIP","floor":8},{"not_picked":["Cloak And Dagger","Dagger Throw"],"picked":"Quick Slash","floor":10},{"not_picked":["Calculated Gamble","Dagger Throw"],"picked":"Quick Slash","floor":10},{"not_picked":["Dodge and Roll","Underhanded Strike"],"picked":"Backflip","floor":11},{"not_picked":["Wraith Form v2","Dagger Spray"],"picked":"Blur","floor":13},{"not_picked":["Prepared","Distraction"],"picked":"Footwork","floor":13}],"player_experience":737848,"relics_obtained":[{"floor":9,"key":"Paper Crane"},{"floor":11,"key":"Bottled Lightning"}],"event_choices":[{"damage_healed":0,"gold_gain":0,"player_choice":"Ignored","damage_taken":0,"max_hp_gain":0,"max_hp_loss":0,"event_name":"Golden Idol","floor":2,"gold_loss":0},{"damage_healed":0,"gold_gain":0,"player_choice":"Ignored","damage_taken":0,"max_hp_gain":0,"max_hp_loss":0,"event_name":"Golden Wing","floor":3,"gold_loss":0},{"damage_healed":0,"gold_gain":0,"player_choice":"Grow","damage_taken":0,"max_hp_gain":0,"max_hp_loss":0,"event_name":"Living Wall","floor":5,"gold_loss":0,"cards_upgraded":["Deflect"]},{"damage_healed":16,"gold_gain":0,"player_choice":"Healed","damage_taken":0,"max_hp_gain":0,"max_hp_loss":0,"event_name":"The Cleric","floor":12,"gold_loss":35}],"is_beta":false,"boss_relics":[],"items_purged_floors":[],"is_endless":false,"potions_floor_spawned":[1,4,11],"killed_by":"Hexaghost","ascension_level":20}