{"gold_per_floor":[115,129,129,25,42,72,72,91,91,118,118,135,100,118,118,195,195,195,195,195,195],"floor_reached":21,"playtime":547,"items_purged":[],"score":382,"play_id":"907c195e-8a83-494f-8a7a-2428d8e16736","local_time":"20190429155009","is_ascension_mode":true,"campfire_choices":[{"data":"Cold Snap","floor":7,"key":"SMITH"},{"floor":11,"key":"REST"},{"data":"Barrage","floor":15,"key":"SMITH"}],"neow_cost":"TEN_PERCENT_HP_LOSS","seed_source_timestamp":3639609521743651,"circlet_count":0,"master_deck":["AscendersBane","Strike_B","Strike_B","Strike_B","Strike_B+1","Defend_B","Defend_B","Defend_B","Defend_B","Zap","Dualcast","Rebound","Streamline+1","Steam","Cold Snap+1","Rainbow","Hologram","Barrage+1","Sweeping Beam","Sunder","Core Surge","Beam Cell","Steam"],"relics":["Cracked Core","Du-Vu Doll","NlothsMask","Whetstone","Cables","Ectoplasm"],"potions_floor_usage":[6,10,16,16],"damage_taken":[{"damage":10,"enemies":"Small Slimes","floor":1,"turns":3},{"damage":1,"enemies":"Cultist","floor":2,"turns":3},{"damage":4,"enemies":"2 Louse","floor":5,"turns":2},{"damage":9,"enemies":"3 Sentries","floor":6,"turns":5},{"damage":10,"enemies":"Exordium Wildlife","floor":8,"turns":3},{"damage":27,"enemies":"Lagavulin","floor":10,"turns":5},{"damage":0,"enemies":"2 Fungi Beasts","floor":12,"turns":2},{"damage":6,"enemies":"Blue Slaver","floor":14,"turns":2},{"damage":7,"enemies":"Slime Boss","floor":16,"turns":5},{"damage":19,"enemies":"Shell Parasite","floor":18,"turns":5},{"damage":0,"enemies":"Chosen","floor":19,"turns":2},{"damage":43,"enemies":"Masked Bandits","floor":21,"turns":3}],"seed_played":"-2237832175253520994","potions_obtained":[{"floor":2,"key":"Block Potion"},{"floor":8,"key":"Poison Potion"},{"floor":10,"key":"FearPotion"},{"floor":12,"key":"Energy Potion"}],"is_trial":false,"path_per_floor":["M","M","?","$","M","E","R","M","T","E","R","M","?","M","R","B",null,"M","M","?","?"],"character_chosen":"DEFECT","items_purchased":["Steam","FearPotion"],"campfire_rested":1,"item_purchase_floors":[4,4],"current_hp_per_floor":[54,53,53,53,49,40,40,30,30,3,22,22,38,32,32,25,54,35,35,35,0],"gold":195,"neow_bonus":"ONE_RARE_RELIC","is_prod":false,"is_daily":false,"chose_seed":false,"campfire_upgraded":2,"win_rate":0,"timestamp":1556549409,"path_taken":["M","M","?","$","?","E","R","M","T","E","R","?","?","M","R","BOSS","M","M","?","?"],"build_version":"2019-01-23","purchased_purges":0,"victory":false,"max_hp_per_floor":[64,64,64,64,64,64,64,64,64,64,64,64,64,64,64,64,64,64,64,64,64],"card_choices":[{"not_picked":["Stack","Redo"],"picked":"Rebound","floor":1},{"not_picked":["Capacitor","Force Field"],"picked":"Streamline","floor":2},{"not_picked":["Compile Driver","Chaos"],"picked":"Cold Snap","floor":5},{"not_picked":["Self Repair","BootSequence"],"picked":"Rainbow","floor":6},{"not_picked":["Auto Shields","Barrage"],"picked":"Hologram","floor":8},{"not_picked":["Rip and Tear","Leap"],"picked":"Barrage","floor":10},{"not_picked":["Go for the Eyes","Leap"],"picked":"Sweeping Beam","floor":12},{"not_picked":["Auto Shields","Hologram"],"picked":"Sunder","floor":14},{"not_picked":["Echo Form","Machine Learning"],"picked":"Core Surge","floor":16},{"not_picked":["Blizzard","Hologram"],"picked":"Beam Cell","floor":18},{"not_picked":["Aggregate","Darkness"],"picked":"Steam","floor":19}],"player_experience":729919,"relics_obtained":[{"floor":6,"key":"Whetstone"},{"floor":10,"key":"Cables"}],"event_choices":[{"damage_healed":0,"gold_gain":0,"player_choice":"Trade","damage_taken":0,"relics_obtained":["NlothsMask"],"max_hp_gain":0,"max_hp_loss":0,"event_name":"FaceTrader","floor":3,"gold_loss":0},{"damage_healed":16,"gold_gain":0,"player_choice":"Healed","damage_taken":0,"max_hp_gain":0,"max_hp_loss":0,"event_name":"The Cleric","floor":13,"gold_loss":35},{"damage_healed":0,"gold_gain":50,"player_choice":"Stole From Cult","damage_taken":0,"max_hp_gain":0,"max_hp_loss":0,"event_name":"Nest","floor":20,"gold_loss":0},{"damage_healed":0,"gold_gain":0,"player_choice":"Fought Bandits","damage_taken":0,"max_hp_gain":0,"max_hp_loss":0,"event_name":"Masked Bandits","floor":21,"gold_loss":0}],"is_beta":false,"boss_relics":[{"not_picked":["Empty Cage","Eternal Feather"],"picked":"Ectoplasm"}],"items_purged_floors":[],"is_endless":false,"potions_floor_spawned":[2,8,10,12],"killed_by":"Masked Bandits","ascension_level":20}