{"gold_per_floor":[11,28,42,42,42,42,72,72,97,22,22,22,22,42,42,119,119,135,135,135,54,70,70,80,80,104,133,133,48,79,89,89,166,166,177,177,177,177,177,177,205,205,205,223,242,242,266,128,128,128],"floor_reached":51,"playtime":2065,"items_purged":[],"score":1472,"play_id":"834b4d1b-6dc6-46b4-833c-531c198b2321","local_time":"20190202191610","is_ascension_mode":true,"campfire_choices":[{"data":"Discovery","floor":6,"key":"SMITH"},{"floor":11,"key":"REST"},{"data":"Coolheaded","floor":13,"key":"SMITH"},{"data":"Zap","floor":15,"key":"SMITH"},{"data":"Defragment","floor":23,"key":"SMITH"},{"floor":25,"key":"REST"},{"floor":28,"key":"REST"},{"floor":32,"key":"REST"},{"floor":40,"key":"REST"},{"data":"Defragment","floor":42,"key":"SMITH"},{"floor":49,"key":"RECALL"}],"neow_cost":"NO_GOLD","seed_source_timestamp":621553163326810,"circlet_count":0,"master_deck":["AscendersBane","Strike_B+1","Strike_B+1","Defend_B+1","Defend_B+1","Defend_B+1","Defend_B+1","Zap+1","Dualcast+1","Discovery+1","Panacea+1","Coolheaded+1","Chill+1","Leap+1","Undo+1","Electrodynamics+1","Undo+1","Defragment+1","Skim+1","Conserve Battery+1","Defragment+1","Hologram+1","Leap+1","Leap+1","Core Surge+1","Master of Strategy+1","Force Field+1","Biased Cognition+1"],"relics":["Cracked Core","Strawberry","Dream Catcher","WarpedTongs","Juzu Bracelet","Odd Mushroom","Runic Dome","Lantern","Shuriken","Ice Cream","Cables","Inserter","Whetstone","Centennial Puzzle","Mark of the Bloom","Boot"],"potions_floor_usage":[7,7,14,33,33,50,50],"damage_taken":[{"damage":7,"enemies":"Jaw Worm","floor":1,"turns":4},{"damage":7,"enemies":"2 Louse","floor":2,"turns":2},{"damage":1,"enemies":"Cultist","floor":3,"turns":4},{"damage":23,"enemies":"Lagavulin","floor":7,"turns":10},{"damage":16,"enemies":"The Mushroom Lair","floor":14,"turns":6},{"damage":9,"enemies":"The Guardian","floor":16,"turns":15},{"damage":24,"enemies":"Shell Parasite","floor":18,"turns":6},{"damage":4,"enemies":"Spheric Guardian","floor":22,"turns":4},{"damage":31,"enemies":"Centurion and Healer","floor":24,"turns":6},{"damage":17,"enemies":"Book of Stabbing","floor":27,"turns":7},{"damage":13,"enemies":"Gremlin Leader","floor":30,"turns":6},{"damage":0,"enemies":"Chosen and Byrds","floor":31,"turns":5},{"damage":0,"enemies":"Champ","floor":33,"turns":8},{"damage":3,"enemies":"Orb Walker","floor":35,"turns":4},{"damage":8,"enemies":"Giant Head","floor":41,"turns":17},{"damage":0,"enemies":"3 Shapes","floor":44,"turns":5},{"damage":23,"enemies":"Spire Growth","floor":45,"turns":6},{"damage":0,"enemies":"Donu and Deca","floor":50,"turns":7}],"seed_played":"4690047518651681998","potions_obtained":[{"floor":1,"key":"EssenceOfSteel"},{"floor":2,"key":"Energy Potion"},{"floor":7,"key":"Block Potion"},{"floor":22,"key":"Strength Potion"},{"floor":30,"key":"AttackPotion"},{"floor":45,"key":"SkillPotion"}],"is_trial":false,"path_per_floor":["M","M","M","?","?","R","E","?","T","?","R","?","R","?","R","B",null,"M","?","?","$","M","R","M","R","T","E","R","?","E","M","R","B",null,"M","?","?","?","?","R","E","R","T","M","M","?","T","$","R","B",null],"character_chosen":"DEFECT","items_purchased":["Defragment","PowerPotion","FocusPotion"],"campfire_rested":5,"item_purchase_floors":[21,48,48],"current_hp_per_floor":[57,50,49,30,30,30,7,7,7,7,30,30,30,14,14,5,60,36,36,36,36,32,32,1,24,24,7,30,30,17,17,40,40,69,66,66,66,55,55,74,66,66,66,66,43,43,43,43,43,43],"gold":128,"neow_bonus":"RANDOM_COLORLESS_2","is_prod":false,"is_daily":false,"chose_seed":false,"campfire_upgraded":5,"win_rate":0,"timestamp":1549134970,"path_taken":["M","M","M","?","?","R","E","?","T","?","R","?","R","?","R","BOSS","M","?","?","$","M","R","M","R","T","E","R","?","E","M","R","BOSS","M","?","?","?","?","R","E","R","T","M","M","?","?","$","R","BOSS"],"build_version":"2019-01-23","purchased_purges":0,"victory":true,"max_hp_per_floor":[71,71,71,78,78,78,78,78,78,78,78,78,78,78,78,78,78,78,78,78,78,78,78,78,78,78,78,78,78,78,78,78,78,78,78,78,78,78,74,74,74,74,74,74,74,74,74,74,74,74],"card_choices":[{"not_picked":["Turbo","Fusion","Compile Driver"],"picked":"SKIP","floor":1},{"not_picked":["Steam","Go for the Eyes"],"picked":"Coolheaded","floor":2},{"not_picked":["Heatsinks","Barrage"],"picked":"Chill","floor":3},{"not_picked":["Steam Power","Genetic Algorithm"],"picked":"Leap","floor":7},{"not_picked":["Streamline","Amplify"],"picked":"Undo","floor":11},{"not_picked":["Amplify","Machine Learning"],"picked":"Electrodynamics","floor":16},{"not_picked":["Sweeping Beam","Turbo+1","Compile Driver"],"picked":"SKIP","floor":18},{"not_picked":["Gash","Cold Snap"],"picked":"Skim+1","floor":22},{"not_picked":["Go for the Eyes","Ball Lightning"],"picked":"Conserve Battery","floor":24},{"not_picked":["Reprogram","Machine Learning"],"picked":"Defragment","floor":27},{"not_picked":["Compile Driver","Stack"],"picked":"Hologram","floor":28},{"not_picked":["Consume","Multi-Cast"],"picked":"Leap","floor":30},{"not_picked":["Steam","Consume","Streamline"],"picked":"SKIP","floor":31},{"not_picked":["Chill","Beam Cell"],"picked":"Leap","floor":32},{"not_picked":["Rainbow","Meteor Strike"],"picked":"Core Surge","floor":33},{"not_picked":["Darkness+1","Ball Lightning","Doom and Gloom"],"picked":"SKIP","floor":35},{"not_picked":["Finesse","Good Instincts"],"picked":"Master of Strategy","floor":37},{"not_picked":["Streamline+1","Beam Cell"],"picked":"Force Field","floor":40},{"not_picked":["Gash","Rip and Tear","Go for the Eyes"],"picked":"SKIP","floor":41},{"not_picked":["Compile Driver","Ball Lightning","Rip and Tear+1"],"picked":"SKIP","floor":44},{"not_picked":["Go for the Eyes","Hologram+1"],"picked":"Biased Cognition","floor":45}],"player_experience":197314,"relics_obtained":[{"floor":7,"key":"Dream Catcher"},{"floor":9,"key":"Juzu Bracelet"},{"floor":14,"key":"Odd Mushroom"},{"floor":26,"key":"Lantern"},{"floor":27,"key":"Shuriken"},{"floor":30,"key":"Cables"},{"floor":41,"key":"Whetstone"},{"floor":43,"key":"Centennial Puzzle"},{"floor":47,"key":"Boot"}],"event_choices":[{"damage_healed":0,"gold_gain":0,"player_choice":"Success","damage_taken":26,"relics_obtained":["Strawberry"],"max_hp_gain":0,"max_hp_loss":0,"event_name":"Scrap Ooze","floor":4,"gold_loss":0},{"damage_healed":0,"gold_gain":0,"player_choice":"Ignored","damage_taken":0,"max_hp_gain":0,"max_hp_loss":0,"event_name":"Golden Wing","floor":5,"gold_loss":0},{"damage_healed":0,"gold_gain":0,"player_choice":"Rummage","damage_taken":0,"relics_obtained":["WarpedTongs"],"max_hp_gain":0,"max_hp_loss":0,"event_name":"Accursed Blacksmith","floor":8,"gold_loss":0,"cards_obtained":["Pain"]},{"cards_removed":["Pain"],"damage_healed":0,"gold_gain":0,"player_choice":"Card Removal","damage_taken":0,"max_hp_gain":0,"max_hp_loss":0,"event_name":"The Cleric","floor":10,"gold_loss":75},{"damage_healed":0,"gold_gain":0,"player_choice":"Grow","damage_taken":0,"max_hp_gain":0,"max_hp_loss":0,"event_name":"Living Wall","floor":12,"gold_loss":0,"cards_upgraded":["Leap"]},{"damage_healed":0,"gold_gain":0,"player_choice":"Fought Mushrooms","damage_taken":0,"max_hp_gain":0,"max_hp_loss":0,"event_name":"Mushrooms","floor":14,"gold_loss":0},{"damage_healed":0,"gold_gain":0,"cards_transformed":["Strike_B"],"player_choice":"Transformed","damage_taken":0,"max_hp_gain":0,"max_hp_loss":0,"event_name":"Transmorgrifier","floor":19,"gold_loss":0,"cards_obtained":["Undo"]},{"damage_healed":0,"gold_gain":0,"player_choice":"Simplicity","damage_taken":0,"max_hp_gain":0,"max_hp_loss":0,"event_name":"Back to Basics","floor":20,"gold_loss":0,"cards_upgraded":["Strike_B","Strike_B","Strike_B","Defend_B","Defend_B","Defend_B","Defend_B"]},{"damage_healed":0,"gold_gain":0,"player_choice":"Obtained Relic","damage_taken":0,"relics_obtained":["Ice Cream"],"max_hp_gain":0,"max_hp_loss":0,"event_name":"Addict","floor":29,"gold_loss":85},{"cards_removed":["Strike_B"],"damage_healed":0,"gold_gain":0,"player_choice":"Removed Attack","damage_taken":0,"max_hp_gain":0,"max_hp_loss":0,"event_name":"Falling","floor":36,"gold_loss":0},{"damage_healed":0,"gold_gain":0,"player_choice":"Memory 1","damage_taken":0,"max_hp_gain":0,"max_hp_loss":0,"event_name":"SensoryStone","floor":37,"gold_loss":0},{"damage_healed":0,"gold_gain":0,"player_choice":"Damaged","damage_taken":11,"max_hp_gain":0,"max_hp_loss":0,"event_name":"Wheel of Change","floor":38,"gold_loss":0},{"damage_healed":0,"gold_gain":0,"player_choice":"Max HP","damage_taken":0,"max_hp_gain":0,"max_hp_loss":4,"event_name":"Winding Halls","floor":39,"gold_loss":0},{"damage_healed":0,"gold_gain":0,"player_choice":"Upgrade","damage_taken":0,"relics_obtained":["Mark of the Bloom"],"max_hp_gain":0,"max_hp_loss":0,"event_name":"MindBloom","floor":46,"gold_loss":0,"cards_upgraded":["Dualcast","Panacea","Chill","Undo","Electrodynamics","Undo","Conserve Battery","Hologram","Leap","Leap","Master of Strategy","Force Field","Biased Cognition"]}],"is_beta":false,"boss_relics":[{"not_picked":["White Beast Statue","Tiny House"],"picked":"Runic Dome"},{"not_picked":["Snecko Eye","Cursed Key"],"picked":"Inserter"}],"items_purged_floors":[],"is_endless":false,"potions_floor_spawned":[1,2,7,22,30,31,45],"ascension_level":17}