{"path_per_floor":["M","?","?","?","M","R","M","R","T","?","R","M","M","M","R","B",null,"M","?","M","?","M","R","?","M","T","$","E","$","M","M","R","B",null,"M","$","M","?","?","R","?","E","T","$","R","?","M"],"character_chosen":"THE_SILENT","items_purchased":["Wraith Form","Panache"],"gold_per_floor":[110,110,110,60,77,77,92,92,92,92,92,102,113,132,132,228,228,244,244,229,144,160,160,160,171,171,18,52,52,63,82,82,181,181,191,191,207,207,207,207,207,238,265,55,55,55,72],"floor_reached":48,"campfire_rested":2,"playtime":2939,"current_hp_per_floor":[63,63,60,60,58,58,58,58,58,58,58,58,58,50,50,43,63,63,63,54,54,35,56,56,46,46,46,46,46,24,24,45,2,53,51,51,34,52,52,52,52,52,52,52,52,80,61],"items_purged":["Survivor"],"gold":72,"score":707,"play_id":"8ad3dfcc-ed70-4974-9d71-f8e382ec553a","local_time":"20180306153934","is_prod":false,"is_daily":false,"is_ascension_mode":true,"campfire_upgraded":5,"timestamp":1520350774,"path_taken":["M","?","?","?","M","R","M","R","T","?","R","?","M","M","R","BOSS","M","?","M","?","?","R","?","?","T","$","E","?","M","M","R","BOSS","M","?","M","?","?","R","?","E","T","$","R","?","M","?"],"build_version":"2018-03-01-PROD1","purchased_purges":2,"victory":false,"master_deck":["Defend_G+1","Defend_G+1","Defend_G+1","Defend_G+1","Defend_G+1","Strike_G+1","Strike_G+1","Strike_G+1","Neutralize+1","Quick Slash","Sucker Punch+1","Footwork+1","Footwork","Dodge and Roll","Dash+1","Burst","Deadly Poison+1","Blur","Wraith Form+1","Caltrops","Dagger Spray+1","A Thousand Cuts","Well Laid Plans+1","Deadly Poison","Bullet Time","Panache"],"max_hp_per_floor":[70,70,70,70,70,70,70,70,70,70,70,70,70,70,70,70,70,70,70,70,70,70,70,70,70,70,70,70,70,70,70,70,70,70,70,70,70,70,70,70,70,70,70,70,70,80,80],"relics":["Dream Catcher","Lantern","Paper Crane","Art of War","Philosopher\u0027s Stone","Nloth\u0027s Gift","Oddly Smooth Stone","Peace Pipe","Juzu Bracelet","Sozu","Gremlin Horn","Prayer Wheel"],"card_choices":[{"not_picked":["Finisher","Dagger Throw"],"picked":"Quick Slash"},{"not_picked":["Slice","Poisoned Stab"],"picked":"Sucker Punch"},{"not_picked":["Backflip","Noxious Fumes"],"picked":"Footwork"},{"not_picked":["Malaise","Bane"],"picked":"Dodge and Roll"},{"not_picked":["Backflip","Deadly Poison"],"picked":"Dash"},{"not_picked":["Doppelganger","Envenom"],"picked":"Burst"},{"not_picked":["Setup","Sucker Punch"],"picked":"Deadly Poison"},{"not_picked":["Deflect","Noxious Fumes"],"picked":"Blur"},{"not_picked":["Flying Knee","Dagger Spray"],"picked":"Venomology"},{"not_picked":["Flying Knee","Deflect"],"picked":"Caltrops"},{"not_picked":["Phantasmal Killer","Backflip"],"picked":"Dagger Spray"},{"not_picked":["Envenom","Storm of Steel"],"picked":"A Thousand Cuts"},{"not_picked":["Calculated Gamble","Slice"],"picked":"Well Laid Plans"},{"not_picked":["Dagger Spray","Quick Slash"],"picked":"Deadly Poison"},{"not_picked":["Tactician","Poisoned Stab"],"picked":"Bullet Time"}],"player_experience":204388,"potions_floor_usage":[16,16,20,28,31,33,33,35],"damage_taken":[{"damage":0,"enemies":"Cultist","floor":1,"turns":5},{"damage":2,"enemies":"Jaw Worm","floor":5,"turns":4},{"damage":0,"enemies":"Small Slimes","floor":7,"turns":3},{"damage":0,"enemies":"Blue Slaver","floor":12,"turns":4},{"damage":0,"enemies":"Large Slime","floor":13,"turns":5},{"damage":8,"enemies":"Lots of Slimes","floor":14,"turns":5},{"damage":7,"enemies":"Slime Boss","floor":16,"turns":24},{"damage":0,"enemies":"Chosen","floor":18,"turns":7},{"damage":9,"enemies":"2 Thieves","floor":20,"turns":5},{"damage":19,"enemies":"Centurion and Healer","floor":22,"turns":7},{"damage":10,"enemies":"3 Cultists","floor":25,"turns":8},{"damage":0,"enemies":"Book of Stabbing","floor":28,"turns":7},{"damage":22,"enemies":"Slaver and Parasite","floor":30,"turns":9},{"damage":0,"enemies":"Snecko","floor":31,"turns":5},{"damage":43,"enemies":"Champ","floor":33,"turns":21},{"damage":2,"enemies":"3 Darklings","floor":35,"turns":6},{"damage":17,"enemies":"3 Shapes","floor":37,"turns":6},{"damage":0,"enemies":"Giant Head","floor":42,"turns":13},{"damage":19,"enemies":"3 Darklings","floor":47,"turns":4},{"damage":61,"enemies":"Mysterious Sphere","floor":48,"turns":6}],"event_choices":[{"event_name":"Big Fish","player_choice":"Box","floor":2,"damage_taken":0},{"event_name":"Scrap Ooze","player_choice":"success","floor":3,"damage_taken":3},{"event_name":"The Cleric","player_choice":"Card Removal","floor":4,"damage_taken":0},{"event_name":"Transmorgrifier","player_choice":"Transform","floor":10,"damage_taken":0},{"event_name":"N\u0027loth","player_choice":"Traded a Ring of the Snake","floor":19,"damage_taken":0},{"event_name":"Addict","player_choice":"Obtained Relic","floor":21,"damage_taken":0},{"event_name":"Back to Basics","player_choice":"Simplicity","floor":24,"damage_taken":0},{"event_name":"Winding Halls","player_choice":"Writhe","floor":38,"damage_taken":0},{"event_name":"The Woman in Blue","player_choice":"Bought 0 Potions","floor":41,"damage_taken":0},{"event_name":"Bonfire Elementals","player_choice":"RARE","floor":46,"damage_taken":0},{"event_name":"Mysterious Sphere","player_choice":"Fight","floor":48,"damage_taken":0}],"boss_relics":[{"not_picked":["Orrery","Snecko Eye"],"picked":"Philosopher\u0027s Stone"},{"not_picked":["Black Star","Calling Bell"],"picked":"Sozu"}],"potions_floor_spawned":[1,12,14,22,30,42,47],"seed_played":"3750445513799144858","killed_by":"Mysterious Sphere","ascension_level":9,"is_trial":false}