{"path_per_floor":["M","?","M","M","?","R","M","E","T","R","M","M","$","M","R","B",null,"M","?","$","M","M","R","M","$","T","?","$","M","R","M","R","B",null,"M","?","?","M","?","E","R","$","T","R","$","R","$","?","R","B"],"character_chosen":"THE_SILENT","items_purchased":["Cloak And Dagger","Apotheosis","Blade Dance","Accuracy","Vajra"],"gold_per_floor":[112,112,126,141,141,141,152,178,202,202,217,237,116,135,135,232,262,278,278,178,195,214,214,228,20,69,103,21,35,35,45,45,144,144,158,158,208,227,227,260,260,260,260,260,32,32,32,32,32,32],"floor_reached":51,"campfire_rested":4,"playtime":3422,"current_hp_per_floor":[68,68,68,68,68,68,65,50,50,50,42,41,41,34,55,33,75,71,62,62,60,53,53,43,43,43,43,43,38,62,51,51,15,80,80,80,73,54,54,18,42,42,42,66,66,66,66,66,66,38],"items_purged":["Strike_G","Defend_G"],"gold":32,"play_id":"3be9580e-3a48-45b8-9e65-0a1fe3b7e510","is_prod":false,"is_daily":false,"is_ascension_mode":false,"campfire_upgraded":4,"path_taken":["M","?","?","M","?","R","M","E","T","R","M","M","$","M","R","BOSS","M","?","$","M","M","R","M","$","T","?","$","M","R","M","R","BOSS","M","?","?","M","?","E","R","$","T","R","$","R","$","?","R","BOSS"],"build_version":"2018-01-25-BETA1","purchased_purges":4,"victory":true,"master_deck":["Defend_G","Defend_G","Defend_G","Defend_G","Strike_G","Strike_G","Strike_G","Survivor+1","Neutralize+1","Backflip","Infinite Blades+1","Prepared","Infinite Blades+1","Finisher","Cloak And Dagger+1","Adrenaline","Finisher","Footwork+1","Accuracy+1","Apotheosis+1","Blade Dance","Tactician","After Image","Blade Dance+1","Neutralize","Accuracy"],"max_hp_per_floor":[70,70,70,70,70,70,70,70,70,70,70,70,70,70,70,70,75,75,80,80,80,80,80,80,80,80,80,80,80,80,80,80,80,80,80,80,80,80,80,80,80,80,80,80,80,80,80,80,80,80],"relics":["Ring of the Snake","Mummified Hand","Omamori","Tiny House","Frozen Egg","Red Mask","Sozu","Girya","Shovel","Thread and Needle","Vajra"],"card_choices":[{"not_picked":["Malaise","PiercingWail"],"picked":"Backflip"},{"not_picked":["Quick Slash","Outmaneuver"],"picked":"Infinite Blades"},{"not_picked":["Deflect","Acrobatics"],"picked":"Prepared"},{"not_picked":["Storm of Steel","Accuracy"],"picked":"Infinite Blades"},{"not_picked":["Leg Sweep","Crippling Poison"],"picked":"Finisher"},{"not_picked":["Glass Knife","Bullet Time"],"picked":"Adrenaline"},{"not_picked":["Calculated Gamble","Bane"],"picked":"Finisher"},{"not_picked":["Escape Plan","Poisoned Stab"],"picked":"Footwork"},{"not_picked":["Malaise","Skewer"],"picked":"Accuracy"},{"not_picked":["Choke","Dash"],"picked":"Tactician"},{"not_picked":["Tactician","Tools of the Trade"],"picked":"After Image"},{"not_picked":["Poisoned Stab","PiercingWail"],"picked":"Blade Dance"}],"player_experience":84839,"potions_floor_usage":[8,16,16,18,22,27,27],"damage_taken":[{"damage":2,"enemies":"Small Slimes","floor":1,"turns":4},{"damage":0,"enemies":"Blue Slaver","floor":3,"turns":6},{"damage":0,"enemies":"2 Louse","floor":4,"turns":3},{"damage":3,"enemies":"Exordium Wildlife","floor":7,"turns":5},{"damage":29,"enemies":"3 Sentries","floor":8,"turns":10},{"damage":8,"enemies":"2 Fungi Beasts","floor":11,"turns":3},{"damage":1,"enemies":"3 Louse","floor":12,"turns":3},{"damage":7,"enemies":"Large Slime","floor":14,"turns":5},{"damage":37,"enemies":"Hexaghost","floor":16,"turns":11},{"damage":4,"enemies":"2 Thieves","floor":18,"turns":4},{"damage":2,"enemies":"3 Byrds","floor":21,"turns":6},{"damage":7,"enemies":"3 Cultists","floor":22,"turns":5},{"damage":10,"enemies":"Centurion and Healer","floor":24,"turns":7},{"damage":0,"enemies":"Masked Bandits","floor":27,"turns":3},{"damage":5,"enemies":"Snake Plant","floor":29,"turns":4},{"damage":11,"enemies":"Sentry and Sphere","floor":31,"turns":4},{"damage":36,"enemies":"Collector","floor":33,"turns":8},{"damage":0,"enemies":"Flame Bruiser 1 Orb","floor":35,"turns":4},{"damage":7,"enemies":"Mysterious Sphere","floor":37,"turns":4},{"damage":19,"enemies":"3 Darklings","floor":38,"turns":5},{"damage":36,"enemies":"Nemesis","floor":40,"turns":7},{"damage":28,"enemies":"Awakened One","floor":50,"turns":8}],"event_choices":[{"event_name":"Upgrade Shrine","player_choice":"Upgraded","floor":2,"damage_taken":0},{"event_name":"Living Wall","player_choice":"Grow","floor":5,"damage_taken":0},{"event_name":"Forgotten Altar","player_choice":"Shed Blood","floor":19,"damage_taken":0},{"event_name":"Masked Bandits","player_choice":"Fought over 69 gold","floor":27,"damage_taken":0},{"event_name":"Accursed Blacksmith","player_choice":"Ignore","floor":36,"damage_taken":0},{"event_name":"Mysterious Sphere","player_choice":"Fight","floor":37,"damage_taken":0},{"event_name":"Match and Keep!","player_choice":"1 cards matched","floor":39,"damage_taken":0},{"event_name":"Bonfire Elementals","player_choice":"BASIC","floor":48,"damage_taken":0}],"boss_relics":[{"not_picked":["White Beast Statue","Philosopher\u0027s Stone"],"picked":"Tiny House"},{"not_picked":["Eternal Feather","Lizard Tail"],"picked":"Sozu"}],"potions_floor_spawned":[1,4,11,16,21,24,29,33,35,38],"seed_played":"5011394373458469110","ascension_level":0,"is_trial":false}