{"path_per_floor":["M","M","?","?","$","R","?","T","T","M","M","R","?","$","R","B",null,"M","?","$","?","$","R","M","?","T","M","E","M","?","M","R","B",null,"M","?","?","M","M","R","$","?","T"],"character_chosen":"THE_SILENT","items_purchased":["Caltrops","Infinite Blades","Deflect","Noxious Fumes","Oddly Smooth Stone","Well Laid Plans"],"gold_per_floor":[112,132,132,132,53,53,53,53,53,64,76,76,176,47,47,147,147,137,137,28,28,28,28,42,42,67,81,109,128,128,143,143,245,245,255,255,255,273,287,287,58,58,58],"floor_reached":44,"campfire_rested":1,"playtime":4961,"current_hp_per_floor":[70,70,75,68,68,68,68,68,68,68,66,66,66,66,66,58,75,74,74,74,74,74,74,67,67,67,46,26,17,17,40,40,14,75,67,67,67,50,21,58,58,49,49],"items_purged":["Defend_G"],"gold":58,"score":389,"play_id":"abdde190-9ede-4dde-9bc7-2ffe269afa71","is_prod":false,"is_daily":false,"is_ascension_mode":false,"campfire_upgraded":5,"path_taken":["M","M","?","?","$","R","?","?","T","?","M","R","?","$","R","BOSS","M","?","$","?","?","R","M","?","T","?","E","M","?","M","R","BOSS","M","?","?","?","M","R","$","?","T","M"],"build_version":"2018-02-15-PROD1","purchased_purges":1,"victory":false,"master_deck":["Defend_G+1","Defend_G+1","Defend_G+1","Defend_G+1","Strike_G+1","Strike_G+1","Survivor","Neutralize+1","Acrobatics","Caltrops+1","PiercingWail","Infinite Blades+1","Deflect","Envenom","Outmaneuver","Noxious Fumes+1","Masterful Stab","Outmaneuver","Noxious Fumes+1","A Thousand Cuts","Blur+1","Deflect+1","Night Terror","Deflect+1","Acrobatics+1","Well Laid Plans","Madness","Madness"],"max_hp_per_floor":[70,70,75,75,75,75,75,75,75,75,75,75,75,75,75,75,75,75,75,75,75,75,75,75,75,75,75,75,75,75,75,75,75,75,75,75,75,75,75,75,75,75,75],"relics":["Ring of the Snake","Ninja Scroll","Whetstone","Lizard Tail","Regal Pillow","Lantern","Sozu","Oddly Smooth Stone","Tingsha"],"card_choices":[{"not_picked":["Predator","Bouncing Flask"],"picked":"Acrobatics"},{"not_picked":["Dagger Throw","Poisoned Stab"],"picked":"PiercingWail"},{"not_picked":["Night Terror","Phantasmal Killer"],"picked":"Envenom"},{"not_picked":["Dagger Spray","Malaise"],"picked":"Outmaneuver"},{"not_picked":["Masterful Stab","Flying Knee"],"picked":"Outmaneuver"},{"not_picked":["Leg Sweep","Prepared"],"picked":"Noxious Fumes"},{"not_picked":["Choke","Eviscerate"],"picked":"A Thousand Cuts"},{"not_picked":["Quick Slash","Deadly Poison"],"picked":"Blur"},{"not_picked":["Flying Knee","Sucker Punch"],"picked":"Deflect"},{"not_picked":["Doppelganger","A Thousand Cuts"],"picked":"Night Terror"},{"not_picked":["Flechettes","PiercingWail"],"picked":"Deflect"},{"not_picked":["Slice","Predator"],"picked":"Acrobatics"}],"player_experience":23840,"potions_floor_usage":[31,31,33],"damage_taken":[{"damage":0.0,"enemies":"2 Louse","floor":1.0,"turns":2.0},{"damage":0.0,"enemies":"Small Slimes","floor":2.0,"turns":5.0},{"damage":0.0,"enemies":"Cultist","floor":10.0,"turns":3.0},{"damage":2.0,"enemies":"Looter","floor":11.0,"turns":3.0},{"damage":8.0,"enemies":"Hexaghost","floor":16.0,"turns":11.0},{"damage":1.0,"enemies":"2 Thieves","floor":18.0,"turns":4.0},{"damage":7,"enemies":"Chosen","floor":24,"turns":6},{"damage":21,"enemies":"Snake Plant","floor":27,"turns":6},{"damage":20,"enemies":"Book of Stabbing","floor":28,"turns":7},{"damage":9,"enemies":"Centurion and Healer","floor":29,"turns":6},{"damage":34,"enemies":"Sentry and Sphere","floor":31,"turns":7},{"damage":26,"enemies":"Automaton","floor":33,"turns":12},{"damage":8,"enemies":"Orb Walker","floor":35,"turns":4},{"damage":17,"enemies":"3 Darklings","floor":38,"turns":5},{"damage":29,"enemies":"Sphere and 2 Shapes","floor":39,"turns":5},{"damage":57,"enemies":"4 Shapes","floor":44,"turns":8}],"event_choices":[{"event_name":"Big Fish","player_choice":"Donut","floor":3.0,"damage_taken":0.0},{"event_name":"Golden Wing","player_choice":"Card Removal","floor":4.0,"damage_taken":0.0},{"event_name":"Bonfire Elementals","player_choice":"BASIC","floor":7.0,"damage_taken":0.0},{"event_name":"Golden Shrine","player_choice":"Pray","floor":13.0,"damage_taken":0.0},{"event_name":"Back to Basics","player_choice":"Simplicity","floor":19.0,"damage_taken":0.0},{"event_name":"Match and Keep!","player_choice":"2 cards matched","floor":21.0,"damage_taken":0.0},{"event_name":"Match and Keep!","player_choice":"2 cards matched","floor":21.0,"damage_taken":0.0},{"event_name":"Drug Dealer","player_choice":"Ignored","floor":25,"damage_taken":0},{"event_name":"Wheel of Change","player_choice":"Curse","floor":30,"damage_taken":0},{"event_name":"Fountain of Cleansing","player_choice":"Removed Curse","floor":37,"damage_taken":0},{"event_name":"Winding Halls","player_choice":"Embrace Madness","floor":42,"damage_taken":0}],"boss_relics":[{"not_picked":["Astrolabe","Velvet Choker"],"picked":"Sozu"}],"potions_floor_spawned":[10,16,24,27,29,31,35,39],"seed_played":"-7677839254973044733","killed_by":"4 Shapes","ascension_level":0,"is_trial":false}