{"gold_per_floor":[112,112,112,130,130,130,156,156,156,173,206,206,232,252,252,348,398,408,408,155,165,90,116,116,31,56,84,84,96,126,141,141,244,244,261,261,280,87,87,87,116,116,140,158,68,68],"floor_reached":46,"playtime":2978,"items_purged":["Strike_B"],"score":629,"play_id":"8d6ff1e1-6a7c-4db5-acfe-9e82fe37d69b","local_time":"20190203122147","is_ascension_mode":true,"campfire_choices":[{"data":"Dualcast","floor":6,"key":"SMITH"},{"data":"Darkness","floor":8,"key":"SMITH"},{"data":"Loop","floor":15,"key":"SMITH"},{"data":"Glacier","floor":24,"key":"SMITH"},{"floor":28,"key":"REST"},{"floor":32,"key":"REST"},{"data":"Coolheaded","floor":40,"key":"SMITH"},{"data":"Heatsinks","floor":42,"key":"SMITH"}],"neow_cost":"NONE","seed_source_timestamp":388338738412150,"circlet_count":0,"master_deck":["Defend_B","Defend_B","Defend_B","Defend_B+1","Zap+1","Dualcast+1","Static Discharge+1","Darkness+1","Conserve Battery","Loop+1","Conserve Battery","Melter+1","Compile Driver","Glacier+1","Self Repair","Heatsinks+1","Steam","Buffer+1","Ball Lightning","Ball Lightning","Ball Lightning","Barrage+1","Biased Cognition+1","Storm+1","Coolheaded+1","Storm+1","Cold Snap"],"relics":["Cracked Core","NeowsBlessing","Dead Branch","The Courier","Regal Pillow","Bronze Scales","Tiny House","DataDisk","Frozen Egg 2","Happy Flower","Art of War","Vajra","Centennial Puzzle","Inserter","Pen Nib","Juzu Bracelet"],"potions_floor_usage":[23,27,33],"damage_taken":[{"damage":0,"enemies":"Cultist","floor":1,"turns":1},{"damage":0,"enemies":"Small Slimes","floor":4,"turns":1},{"damage":0,"enemies":"Gremlin Nob","floor":7,"turns":1},{"damage":6,"enemies":"2 Louse","floor":10,"turns":2},{"damage":20,"enemies":"3 Sentries","floor":11,"turns":4},{"damage":13,"enemies":"Lagavulin","floor":13,"turns":5},{"damage":0,"enemies":"2 Fungi Beasts","floor":14,"turns":4},{"damage":13,"enemies":"Hexaghost","floor":16,"turns":6},{"damage":30,"enemies":"2 Thieves","floor":18,"turns":5},{"damage":6,"enemies":"Shell Parasite","floor":21,"turns":4},{"damage":19,"enemies":"Slavers","floor":23,"turns":5},{"damage":8,"enemies":"Book of Stabbing","floor":27,"turns":4},{"damage":5,"enemies":"3 Cultists","floor":29,"turns":5},{"damage":50,"enemies":"Slavers","floor":30,"turns":4},{"damage":6,"enemies":"Cultist and Chosen","floor":31,"turns":4},{"damage":51,"enemies":"Collector","floor":33,"turns":9},{"damage":22,"enemies":"3 Shapes","floor":35,"turns":3},{"damage":6,"enemies":"Orb Walker","floor":37,"turns":4},{"damage":24,"enemies":"Reptomancer","floor":41,"turns":4},{"damage":14,"enemies":"Maw","floor":44,"turns":5},{"damage":40,"enemies":"Jaw Worm Horde","floor":46,"turns":1}],"seed_played":"1241311315831825117","potions_obtained":[{"floor":4,"key":"Explosive Potion"},{"floor":10,"key":"AttackPotion"},{"floor":11,"key":"SteroidPotion"},{"floor":12,"key":"Swift Potion"},{"floor":16,"key":"FocusPotion"},{"floor":23,"key":"Block Potion"},{"floor":27,"key":"AttackPotion"},{"floor":33,"key":"SteroidPotion"}],"is_trial":false,"path_per_floor":["M","?","?","M","?","R","E","R","T","M","E","?","E","M","R","B",null,"M","?","$","M","?","E","R","?","T","E","R","M","E","M","R","B",null,"M","?","M","$","?","R","E","R","T","M","?","M"],"character_chosen":"DEFECT","items_purchased":["DataDisk","Self Repair","Heatsinks","Storm+1","Coolheaded","Storm+1"],"campfire_rested":2,"item_purchase_floors":[20,20,20,38,38,38],"current_hp_per_floor":[75,68,68,68,68,68,68,68,68,62,42,42,29,29,29,16,80,50,50,50,51,51,39,39,39,39,38,77,79,36,37,76,32,80,58,58,59,59,59,59,35,35,35,28,28,0],"gold":68,"neow_bonus":"THREE_ENEMY_KILL","is_prod":false,"is_daily":false,"chose_seed":false,"campfire_upgraded":6,"win_rate":0,"timestamp":1549218107,"path_taken":["M","?","?","?","?","R","E","R","T","M","E","?","E","M","R","BOSS","M","?","$","M","?","E","R","?","T","E","R","M","E","M","R","BOSS","M","?","M","$","?","R","E","R","T","M","?","M"],"build_version":"2019-01-23","purchased_purges":1,"victory":false,"max_hp_per_floor":[75,75,75,75,75,75,75,75,75,75,75,75,75,75,75,75,80,80,80,80,80,80,80,80,80,80,80,80,80,80,80,80,80,80,80,76,76,76,76,76,76,76,76,76,76,76],"card_choices":[{"not_picked":["Gash","Hologram"],"picked":"Static Discharge","floor":1},{"not_picked":["Gash","Blizzard"],"picked":"Darkness","floor":4},{"not_picked":["Reboot","Doom and Gloom"],"picked":"Conserve Battery","floor":7},{"not_picked":["Compile Driver","Lockon"],"picked":"Loop","floor":10},{"not_picked":["Force Field","Go for the Eyes"],"picked":"Conserve Battery","floor":11},{"not_picked":["Aggregate","Meteor Strike"],"picked":"Melter","floor":13},{"not_picked":["Beam Cell","Blizzard"],"picked":"Compile Driver","floor":14},{"not_picked":["Barrage","Chill"],"picked":"Glacier","floor":18},{"not_picked":["Glacier","Steam Power"],"picked":"Steam","floor":21},{"not_picked":["Chill","Aggregate+1"],"picked":"Buffer","floor":23},{"not_picked":["BootSequence","Go for the Eyes"],"picked":"Ball Lightning","floor":27},{"not_picked":["Recycle","Gash+1"],"picked":"Ball Lightning","floor":29},{"not_picked":["Beam Cell","Rebound"],"picked":"Ball Lightning","floor":30},{"not_picked":["Conserve Battery+1","Auto Shields+1"],"picked":"Barrage+1","floor":31},{"not_picked":["Multi-Cast","Creative AI+1"],"picked":"Biased Cognition+1","floor":33},{"not_picked":["Tempest","Reinforced Body","Streamline+1"],"picked":"SKIP","floor":35},{"not_picked":["Consume+1","Aggregate+1","Scrape+1"],"picked":"SKIP","floor":37},{"not_picked":["BootSequence","Go for the Eyes"],"picked":"Cold Snap","floor":41},{"not_picked":["Redo+1","Recycle+1","Steam"],"picked":"SKIP","floor":44}],"player_experience":451905,"relics_obtained":[{"floor":7,"key":"Dead Branch"},{"floor":9,"key":"The Courier"},{"floor":11,"key":"Regal Pillow"},{"floor":13,"key":"Bronze Scales"},{"floor":23,"key":"Frozen Egg 2"},{"floor":26,"key":"Art of War"},{"floor":27,"key":"Vajra"},{"floor":30,"key":"Centennial Puzzle"},{"floor":41,"key":"Pen Nib"},{"floor":43,"key":"Juzu Bracelet"}],"event_choices":[{"cards_removed":["Strike_B"],"damage_healed":0,"gold_gain":0,"player_choice":"Card Removal","damage_taken":7,"max_hp_gain":0,"max_hp_loss":0,"event_name":"Golden Wing","floor":2,"gold_loss":0},{"damage_healed":0,"gold_gain":0,"player_choice":"Upgraded","damage_taken":0,"max_hp_gain":0,"max_hp_loss":0,"event_name":"Upgrade Shrine","floor":3,"gold_loss":0,"cards_upgraded":["Zap"]},{"damage_healed":0,"gold_gain":0,"player_choice":"Grow","damage_taken":0,"max_hp_gain":0,"max_hp_loss":0,"event_name":"Living Wall","floor":5,"gold_loss":0,"cards_upgraded":["Static Discharge"]},{"damage_healed":0,"gold_gain":0,"player_choice":"Got Potions","damage_taken":0,"max_hp_gain":0,"max_hp_loss":0,"event_name":"Lab","floor":12,"gold_loss":0},{"damage_healed":0,"gold_gain":0,"player_choice":"Ignored","damage_taken":0,"max_hp_gain":0,"max_hp_loss":0,"event_name":"The Mausoleum","floor":19,"gold_loss":0},{"cards_removed":["Strike_B"],"damage_healed":0,"gold_gain":0,"player_choice":"Gave Gold","damage_taken":0,"max_hp_gain":0,"max_hp_loss":0,"event_name":"Beggar","floor":22,"gold_loss":75},{"damage_healed":0,"gold_gain":0,"player_choice":"Obtained Relic","damage_taken":0,"relics_obtained":["Happy Flower"],"max_hp_gain":0,"max_hp_loss":0,"event_name":"Addict","floor":25,"gold_loss":85},{"damage_healed":0,"gold_gain":0,"player_choice":"Max HP","damage_taken":0,"max_hp_gain":0,"max_hp_loss":4,"event_name":"Winding Halls","floor":36,"gold_loss":0},{"damage_healed":0,"gold_gain":0,"player_choice":"Memory 1","damage_taken":0,"max_hp_gain":0,"max_hp_loss":0,"event_name":"SensoryStone","floor":39,"gold_loss":0},{"cards_removed":["Strike_B"],"damage_healed":0,"gold_gain":0,"player_choice":"Upgrade and Remove","damage_taken":0,"max_hp_gain":0,"max_hp_loss":0,"event_name":"Designer","floor":45,"gold_loss":90,"cards_upgraded":["Melter"]}],"is_beta":false,"boss_relics":[{"not_picked":["Snecko Eye","Ectoplasm"],"picked":"Tiny House"},{"not_picked":["Sozu","Astrolabe"],"picked":"Inserter"}],"items_purged_floors":[38],"is_endless":false,"potions_floor_spawned":[4,10,11,16,21,23,27,31,33,35,37],"killed_by":"Jaw Worm Horde","ascension_level":3}