{"path_per_floor":["M","M","M","$","M","?","R","E","T","?","M","R","M","M","R","B",null,"M","?","$","M","M","R","T","R","T","M","M","R","M","M","R"],"character_chosen":"DEFECT","items_purchased":["FTL"],"gold_per_floor":[11,24,43,4,16,16,16,49,49,49,67,67,78,92,92,196,196,209,132,132,150,166,166,166,166,219,238,258,258,268,284,284,284],"floor_reached":33,"campfire_rested":3,"playtime":1114,"current_hp_per_floor":[74,73,70,70,42,27,49,33,33,58,50,50,48,51,51,42,75,75,75,75,72,53,53,53,53,53,33,32,54,41,50,72,0],"items_purged":[],"gold":284,"score":278,"play_id":"78c23622-8782-4b21-9455-6bb05b3161a9","local_time":"20180427165203","is_prod":false,"is_daily":false,"chose_seed":false,"is_ascension_mode":false,"campfire_upgraded":4,"timestamp":1524869523,"path_taken":["M","?","M","$","M","?","R","E","T","?","?","R","M","M","R","BOSS","M","?","$","?","M","R","?","R","T","?","M","R","M","M","R","BOSS"],"build_version":"2018-04-26v2","seed_source_timestamp":161984485318894,"purchased_purges":0,"victory":false,"master_deck":["Strike_B+1","Strike_B","Strike_B","Strike_B","Defend_B","Defend_B","Defend_B+1","Defend_B","Zap","Dualcast+1","Gash+1","Rebound","Hello World","FTL+1","Rebound","Self Repair+1","FTL+1","Rebound+1","FTL+1","Hyperbeam+1","Go for the Eyes+1","J.A.X.","Beam Cell+1","Axe Kick+1","Rebound+1","Fusion"],"max_hp_per_floor":[75,75,75,75,75,75,75,75,75,75,75,75,75,75,75,75,75,75,75,75,75,75,75,75,75,75,75,75,75,75,75,75,75],"relics":["Cracked Core","Torii","Molten Egg 2","Bottled Lightning","Sozu","Happy Flower","Prayer Wheel"],"card_choices":[{"not_picked":["Axe Kick","Cold Snap"],"picked":"Gash","floor":1},{"not_picked":["Sweeping Beam","Barrage"],"picked":"Rebound","floor":2},{"not_picked":["Turbo","Heatsinks"],"picked":"Hello World","floor":3},{"not_picked":["Coolheaded","Hologram"],"picked":"Rebound","floor":5},{"not_picked":["Chaos","Reinforced Body"],"picked":"Self Repair","floor":8},{"not_picked":["Leap","Rainbow"],"picked":"FTL","floor":11},{"not_picked":["Cold Snap","Hologram"],"picked":"Rebound","floor":13},{"not_picked":["Reprogram","Barrage"],"picked":"FTL","floor":14},{"not_picked":["Redo","Amplify"],"picked":"Hyperbeam","floor":16},{"not_picked":["Darkness","Leap"],"picked":"Go for the Eyes","floor":18},{"not_picked":["Static Discharge","Axe Kick"],"picked":"Beam Cell","floor":21},{"not_picked":["Leap","Impulse"],"picked":"Axe Kick","floor":22},{"not_picked":["Chill","Tempest"],"picked":"Rebound","floor":27},{"not_picked":["Double Energy","Reprogram"],"picked":"Fusion","floor":31}],"player_experience":351903,"potions_floor_usage":[16,16,22],"damage_taken":[{"damage":1,"enemies":"Cultist","floor":1,"turns":4},{"damage":1,"enemies":"Small Slimes","floor":2,"turns":3},{"damage":3,"enemies":"Jaw Worm","floor":3,"turns":4},{"damage":28,"enemies":"Large Slime","floor":5,"turns":5},{"damage":16,"enemies":"3 Sentries","floor":8,"turns":6},{"damage":8,"enemies":"2 Fungi Beasts","floor":11,"turns":3},{"damage":2,"enemies":"Looter","floor":13,"turns":3},{"damage":4,"enemies":"Gremlin Gang","floor":14,"turns":4},{"damage":16,"enemies":"Slime Boss","floor":16,"turns":7},{"damage":0,"enemies":"Chosen","floor":18,"turns":2},{"damage":3,"enemies":"Spheric Guardian","floor":21,"turns":3},{"damage":26,"enemies":"Slaver and Parasite","floor":22,"turns":4},{"damage":20,"enemies":"Centurion and Healer","floor":27,"turns":2},{"damage":1,"enemies":"Sentry and Sphere","floor":28,"turns":3},{"damage":13,"enemies":"Snecko","floor":30,"turns":3},{"damage":1,"enemies":"3 Cultists","floor":31,"turns":3},{"damage":81,"enemies":"Automaton","floor":33,"turns":6}],"event_choices":[{"event_name":"Shining Light","player_choice":"Entered Light","floor":6,"damage_taken":0},{"event_name":"Big Fish","player_choice":"Banana","floor":10,"damage_taken":0},{"event_name":"Drug Dealer","player_choice":"Got JAXXED","floor":19,"damage_taken":0}],"boss_relics":[{"not_picked":["Astrolabe","Inserter"],"picked":"Sozu"}],"potions_floor_spawned":[11,14,16,21,22,30],"seed_played":"5923921364455926441","killed_by":"Automaton","ascension_level":0,"is_trial":false}