{"gold_per_floor":[110,121,121,135,150,150,150,150,150,225,260,230,244,288,288,407,407,432,287,312,14,14,14,35,35,35,55,68,68,68,93,93,93],"floor_reached":33,"playtime":2239,"items_purged":["Strike_R"],"score":308,"play_id":"989db663-9bbe-414a-a85f-e687c6709d31","local_time":"20190103014301","is_ascension_mode":true,"campfire_choices":[{"data":"Shrug It Off","floor":6.0,"key":"SMITH"},{"data":"Ghostly Armor","floor":8.0,"key":"SMITH"},{"data":"Body Slam","floor":15,"key":"SMITH"},{"data":"Demon Form","floor":23,"key":"SMITH"},{"floor":25,"key":"REST"},{"data":"J.A.X.","floor":30,"key":"SMITH"},{"data":"Spot Weakness","floor":32,"key":"SMITH"}],"neow_cost":"NONE","seed_source_timestamp":0,"circlet_count":0,"master_deck":["Strike_R","Strike_R","Strike_R","Strike_R","Defend_R","Defend_R","Defend_R","Defend_R","Bash+1","Ghostly Armor+1","Shrug It Off+1","Second Wind","Warcry","Body Slam+1","Anger","Shrug It Off","Demon Form+1","Wild Strike","Pummel","Headbutt","Necronomicurse","Whirlwind+1","Spot Weakness+1","J.A.X.+1"],"special_seed":0,"relics":["Burning Blood","Golden Idol","Question Card","Nunchaku","Oddly Smooth Stone","Sozu","FossilizedHelix","Necronomicon","Mummified Hand"],"potions_floor_usage":[14,16,16,33],"damage_taken":[{"damage":1.0,"enemies":"Cultist","floor":1.0,"turns":3.0},{"damage":7.0,"enemies":"Jaw Worm","floor":2.0,"turns":3.0},{"damage":0.0,"enemies":"Small Slimes","floor":4.0,"turns":3.0},{"damage":11.0,"enemies":"3 Louse","floor":5.0,"turns":4.0},{"damage":32.0,"enemies":"Gremlin Nob","floor":11.0,"turns":5.0},{"damage":6,"enemies":"Looter","floor":12,"turns":4},{"damage":2,"enemies":"Large Slime","floor":13,"turns":5},{"damage":14,"enemies":"Lagavulin","floor":14,"turns":5},{"damage":23,"enemies":"Hexaghost","floor":16,"turns":10},{"damage":45,"enemies":"3 Byrds","floor":18,"turns":7},{"damage":0,"enemies":"Shell Parasite","floor":20,"turns":5},{"damage":26,"enemies":"Snake Plant","floor":24,"turns":4},{"damage":0,"enemies":"3 Cultists","floor":27,"turns":2},{"damage":0,"enemies":"Centurion and Healer","floor":28,"turns":3},{"damage":18,"enemies":"Snake Plant","floor":31,"turns":4},{"damage":46,"enemies":"Collector","floor":33,"turns":5}],"seed_played":"-7016047489753620483","potions_obtained":[{"floor":1.0,"key":"PowerPotion"},{"floor":4.0,"key":"Regen Potion"},{"floor":11.0,"key":"Dexterity Potion"},{"floor":13,"key":"Energy Potion"},{"floor":14,"key":"Ancient Potion"},{"floor":16,"key":"BloodPotion"}],"is_trial":false,"path_per_floor":["M","M","?","M","M","R","?","R","T","?","E","M","M","E","R","B",null,"M","$","M","$","?","R","M","R","T","M","M","?","R","M","R","B"],"character_chosen":"IRONCLAD","items_purchased":["Pummel","FossilizedHelix"],"campfire_rested":1,"item_purchase_floors":[19,21],"current_hp_per_floor":[80,79,79,80,75,75,55,55,55,47,33,33,37,29,29,12,80,41,41,47,47,31,31,11,35,35,41,47,47,47,35,35,0],"gold":93,"neow_bonus":"UPGRADE_CARD","is_prod":false,"is_daily":false,"chose_seed":false,"campfire_upgraded":6,"win_rate":0,"timestamp":1546501381,"path_taken":["M","M","?","M","M","R","?","R","T","?","E","M","M","E","R","BOSS","M","?","?","$","?","R","M","R","T","M","M","?","R","M","R","BOSS"],"build_version":"2018-12-20","purchased_purges":1,"victory":false,"max_hp_per_floor":[80,80,80,80,80,80,80,80,80,80,80,80,80,80,80,80,80,80,80,80,80,80,80,80,80,80,80,80,80,80,80,80,80],"card_choices":[{"not_picked":["Evolve","Flex","Infernal Blade"],"picked":"SKIP","floor":1.0},{"not_picked":["Rupture","Armaments"],"picked":"Ghostly Armor","floor":2.0},{"not_picked":["Evolve","Reckless Charge"],"picked":"Shrug It Off","floor":4.0},{"not_picked":["Clash","Flex"],"picked":"Second Wind","floor":5.0},{"not_picked":["Wild Strike","Havoc","Juggernaut"],"picked":"Warcry","floor":11.0},{"not_picked":["Searing Blow","Uppercut","Thunderclap"],"picked":"Body Slam","floor":12},{"not_picked":["Body Slam","Fire Breathing","Inflame"],"picked":"Anger","floor":13},{"not_picked":["Demon Form","Battle Trance","Inflame"],"picked":"Shrug It Off","floor":14},{"not_picked":["Berserk","Double Tap","Offering"],"picked":"Demon Form","floor":16},{"not_picked":["Perfected Strike","Havoc","Second Wind"],"picked":"Wild Strike","floor":18},{"not_picked":["Sword Boomerang+1","Iron Wave+1","Wild Strike"],"picked":"Headbutt","floor":20},{"not_picked":["Burning Pact","Clash","Cleave"],"picked":"Whirlwind+1","floor":24},{"not_picked":["Blood for Blood","Havoc+1","Pommel Strike","Warcry"],"picked":"SKIP","floor":27},{"not_picked":["Immolate","Clash+1","Hemokinesis"],"picked":"Spot Weakness","floor":28},{"not_picked":["Perfected Strike","Pummel+1","Bloodletting","Armaments"],"picked":"SKIP","floor":31}],"player_experience":281361,"relics_obtained":[{"floor":9.0,"key":"Question Card"},{"floor":11.0,"key":"Nunchaku"},{"floor":14,"key":"Oddly Smooth Stone"},{"floor":22,"key":"Necronomicon"},{"floor":26,"key":"Mummified Hand"}],"event_choices":[{"damage_healed":0.0,"max_hp_gain":0.0,"max_hp_loss":0.0,"gold_gain":0.0,"event_name":"Liars Game","player_choice":"Ignored","floor":3.0,"gold_loss":0.0,"damage_taken":0.0},{"damage_healed":0.0,"max_hp_gain":0.0,"max_hp_loss":0.0,"gold_gain":0.0,"event_name":"Golden Idol","player_choice":"Take Damage","floor":7.0,"gold_loss":0.0,"damage_taken":20.0,"relics_obtained":["Golden Idol"]},{"damage_healed":0.0,"max_hp_gain":0.0,"max_hp_loss":0.0,"gold_gain":75.0,"event_name":"FaceTrader","player_choice":"Touch","floor":10.0,"gold_loss":0.0,"damage_taken":8.0},{"damage_healed":0,"gold_gain":0,"player_choice":"Obtained Book","damage_taken":16,"max_hp_gain":0,"max_hp_loss":0,"event_name":"Cursed Tome","floor":22,"gold_loss":0},{"damage_healed":0,"gold_gain":0,"player_choice":"Obtain J.A.X.","damage_taken":0,"max_hp_gain":0,"max_hp_loss":0,"event_name":"Drug Dealer","floor":29,"gold_loss":0,"cards_obtained":["J.A.X."]}],"is_beta":false,"boss_relics":[{"not_picked":["Busted Crown","Tiny House"],"picked":"Sozu"}],"items_purged_floors":[19],"is_endless":false,"potions_floor_spawned":[1,4,11,13,14,16,18,27,28],"killed_by":"Collector","ascension_level":4}