{"gold_per_floor":[210,485,501,28,41,41,75,91,114,114,125,144,144,156,156,230,230,245,245,320,340,20,47,47,82,82,82,94,109,109,109,109,109],"floor_reached":33,"playtime":1085,"items_purged":["Regret"],"score":488,"play_id":"18d07d17-a9b2-4377-aa47-00edb343e81c","local_time":"20190120200133","is_ascension_mode":true,"campfire_choices":[{"floor":6,"key":"REST"},{"data":"Defragment","floor":10,"key":"SMITH"},{"data":"Barrage","floor":13,"key":"SMITH"},{"data":"Barrage","floor":15,"key":"SMITH"},{"floor":24,"key":"REST"},{"floor":27,"key":"REST"},{"floor":32,"key":"REST"}],"neow_cost":"NONE","seed_source_timestamp":2255730615064795,"circlet_count":0,"master_deck":["AscendersBane","Strike_B","Strike_B","Strike_B","Strike_B","Defend_B","Defend_B","Defend_B","Defend_B","Zap","Dualcast","Conserve Battery","Cold Snap","Lockon","Defragment+1","Ball Lightning","Leap","FTL","Compile Driver","Barrage+1","Barrage+1","Electrodynamics","Coolheaded+1","Steam","Cold Snap","Cold Snap","Redo"],"relics":["Cracked Core","Torii","Anchor","Ancient Tea Set","Black Star","Tiny Chest","Lee\u0027s Waffle","Bag of Marbles","Matryoshka","Mercury Hourglass","Nunchaku","Potion Belt","Strawberry","Boot","Gremlin Horn"],"potions_floor_usage":[23,23,33,33],"damage_taken":[{"damage":9,"enemies":"2 Louse","floor":1,"turns":2},{"damage":2,"enemies":"Cultist","floor":3,"turns":4},{"damage":6,"enemies":"Small Slimes","floor":5,"turns":3},{"damage":20,"enemies":"3 Sentries","floor":7,"turns":8},{"damage":0,"enemies":"Red Slaver","floor":8,"turns":4},{"damage":2,"enemies":"Exordium Wildlife","floor":11,"turns":4},{"damage":1,"enemies":"Large Slime","floor":12,"turns":4},{"damage":0,"enemies":"Blue Slaver","floor":14,"turns":1},{"damage":1,"enemies":"The Guardian","floor":16,"turns":11},{"damage":8,"enemies":"Shell Parasite","floor":18,"turns":6},{"damage":1,"enemies":"Chosen","floor":21,"turns":3},{"damage":48,"enemies":"Book of Stabbing","floor":23,"turns":5},{"damage":2,"enemies":"Slavers","floor":25,"turns":4},{"damage":24,"enemies":"Snecko","floor":28,"turns":4},{"damage":26,"enemies":"3 Cultists","floor":29,"turns":5},{"damage":73,"enemies":"Collector","floor":33,"turns":6}],"seed_played":"-144807301555561000","potions_obtained":[{"floor":3,"key":"FearPotion"},{"floor":7,"key":"AttackPotion"},{"floor":23,"key":"Weak Potion"},{"floor":25,"key":"Regen Potion"},{"floor":29,"key":"Weak Potion"}],"is_trial":false,"path_per_floor":["M","?","M","$","M","R","E","M","T","R","M","M","R","M","R","B",null,"M","$","?","M","$","E","R","E","T","R","M","M","T","?","R","B"],"character_chosen":"DEFECT","items_purchased":["Torii","Lockon","Defragment","Tiny Chest","Lee\u0027s Waffle"],"campfire_rested":4,"item_purchase_floors":[4,4,4,22,22],"current_hp_per_floor":[55,55,53,53,47,68,48,48,48,48,46,45,45,45,45,44,64,56,56,49,48,78,30,53,51,58,83,59,33,33,33,58,0],"gold":109,"neow_bonus":"HUNDRED_GOLD","is_prod":false,"is_daily":false,"chose_seed":false,"campfire_upgraded":3,"win_rate":0,"timestamp":1548014493,"path_taken":["M","?","M","$","M","R","E","M","T","R","M","?","R","M","R","BOSS","M","$","?","M","$","E","R","E","T","R","?","M","?","?","R","BOSS"],"build_version":"2019-01-17v2","purchased_purges":1,"victory":false,"max_hp_per_floor":[71,71,71,71,71,71,71,71,71,71,71,71,71,71,71,71,71,71,71,71,71,78,78,78,78,85,85,85,85,85,85,85,85],"card_choices":[{"not_picked":["Steam","Chaos"],"picked":"Conserve Battery","floor":1},{"not_picked":["Go for the Eyes","Rebound"],"picked":"Cold Snap","floor":3},{"not_picked":["Turbo","Streamline"],"picked":"Ball Lightning","floor":5},{"not_picked":["Amplify","Auto Shields"],"picked":"Leap","floor":7},{"not_picked":["Redo","Steam"],"picked":"FTL","floor":8},{"not_picked":["Blizzard","Ball Lightning"],"picked":"Compile Driver","floor":11},{"not_picked":["Beam Cell","Hyperbeam"],"picked":"Barrage","floor":12},{"not_picked":["Go for the Eyes","Chaos"],"picked":"Barrage","floor":14},{"not_picked":["Echo Form","Fission"],"picked":"Electrodynamics","floor":16},{"not_picked":["Conserve Battery","Leap"],"picked":"Coolheaded+1","floor":18},{"not_picked":["Coolheaded","Reprogram"],"picked":"Steam","floor":21},{"not_picked":["Reboot","Sunder"],"picked":"Cold Snap","floor":23},{"not_picked":["Compile Driver","Sweeping Beam"],"picked":"Cold Snap","floor":25},{"not_picked":["Hello World","Barrage","Static Discharge"],"picked":"SKIP","floor":28},{"not_picked":["Ball Lightning","Recycle"],"picked":"Redo","floor":29}],"player_experience":432510,"relics_obtained":[{"floor":7,"key":"Anchor"},{"floor":9,"key":"Ancient Tea Set"},{"floor":23,"key":"Bag of Marbles"},{"floor":23,"key":"Matryoshka"},{"floor":25,"key":"Mercury Hourglass"},{"floor":25,"key":"Nunchaku"},{"floor":26,"key":"Potion Belt"},{"floor":26,"key":"Strawberry"},{"floor":30,"key":"Boot"},{"floor":30,"key":"Gremlin Horn"}],"event_choices":[{"damage_healed":0,"gold_gain":275,"player_choice":"Desecrate","damage_taken":0,"max_hp_gain":0,"max_hp_loss":0,"event_name":"Golden Shrine","floor":2,"gold_loss":0,"cards_obtained":["Regret"]},{"damage_healed":0,"gold_gain":75,"player_choice":"Touch","damage_taken":7,"max_hp_gain":0,"max_hp_loss":0,"event_name":"FaceTrader","floor":20,"gold_loss":0},{"damage_healed":0,"gold_gain":0,"player_choice":"Ignored","damage_taken":0,"max_hp_gain":0,"max_hp_loss":0,"event_name":"Vampires","floor":31,"gold_loss":0}],"is_beta":false,"boss_relics":[{"not_picked":["Eternal Feather","Busted Crown"],"picked":"Black Star"}],"items_purged_floors":[4],"is_endless":false,"potions_floor_spawned":[3,7,11,16,23,25,29],"killed_by":"Collector","ascension_level":14}