{"gold_per_floor":[16,26,45,0,14,14,46,61,84,96,131,10,10,10,10,10],"floor_reached":16,"playtime":659,"items_purged":[],"score":123,"play_id":"0aa6a0df-5e4d-427b-af46-b0f69d28b928","local_time":"20180627194146","is_ascension_mode":true,"campfire_choices":[{"data":"Leap","floor":6,"key":"SMITH"},{"floor":15,"key":"REST"}],"neow_cost":"NO_GOLD","seed_source_timestamp":246090894943833,"circlet_count":0,"master_deck":["Strike_B","Strike_B","Strike_B","Strike_B","Defend_B","Defend_B","Defend_B","Defend_B","Zap","Dualcast","Genetic Algorithm","Leap+1","Ball Lightning","Cold Snap","Compile Driver","Ball Lightning","Core Surge","Defragment","Hologram","Creative AI","Cold Snap"],"relics":["Cracked Core","Du-Vu Doll","Letter Opener","Juzu Bracelet","Ancient Tea Set"],"potions_floor_usage":[7,11,16],"damage_taken":[{"damage":21,"enemies":"Small Slimes","floor":1,"turns":4},{"damage":0,"enemies":"Cultist","floor":2,"turns":3},{"damage":0,"enemies":"2 Louse","floor":3,"turns":2},{"damage":1,"enemies":"Exordium Wildlife","floor":5,"turns":3},{"damage":9,"enemies":"Lagavulin","floor":7,"turns":5},{"damage":25,"enemies":"Gremlin Gang","floor":8,"turns":6},{"damage":11,"enemies":"Lots of Slimes","floor":10,"turns":5},{"damage":11,"enemies":"Gremlin Nob","floor":11,"turns":4},{"damage":25,"enemies":"Hexaghost","floor":16,"turns":9}],"seed_played":"3187009144151927154","potions_obtained":[{"floor":3,"key":"PowerPotion"},{"floor":10,"key":"Regen Potion"},{"floor":11,"key":"Fire Potion"}],"is_trial":false,"path_per_floor":["M","M","M","$","M","R","E","M","T","M","E","$","?","?","R"],"character_chosen":"DEFECT","items_purchased":["Ball Lightning","Defragment","Hologram"],"campfire_rested":1,"item_purchase_floors":[4,12,12],"current_hp_per_floor":[54,54,54,54,53,53,44,19,19,8,9,9,2,2,24,0],"gold":10,"neow_bonus":"ONE_RARE_RELIC","is_prod":false,"is_daily":false,"chose_seed":false,"campfire_upgraded":1,"win_rate":0,"timestamp":1530150106,"path_taken":["M","M","M","$","M","R","E","M","T","M","E","$","?","?","R","BOSS"],"build_version":"2018-06-26","purchased_purges":0,"victory":false,"max_hp_per_floor":[75,75,75,75,75,75,75,75,75,75,75,75,75,75,75,75],"card_choices":[{"not_picked":["Gash","Coolheaded"],"picked":"Genetic Algorithm","floor":1},{"not_picked":["Hologram","Barrage"],"picked":"Leap","floor":2},{"not_picked":["Capacitor","Redo","Sweeping Beam"],"picked":"SKIP","floor":3},{"not_picked":["Stack","Genetic Algorithm","Coolheaded"],"picked":"SKIP","floor":5},{"not_picked":["Reprogram","Force Field"],"picked":"Cold Snap","floor":7},{"not_picked":["Doom and Gloom","Loop"],"picked":"Compile Driver","floor":8},{"not_picked":["Tempest","Coolheaded"],"picked":"Ball Lightning","floor":10},{"not_picked":["Doom and Gloom","Scrape"],"picked":"Core Surge","floor":11}],"player_experience":407287,"relics_obtained":[{"floor":7,"key":"Letter Opener"},{"floor":9,"key":"Juzu Bracelet"},{"floor":11,"key":"Ancient Tea Set"}],"event_choices":[{"event_name":"Wheel of Change","player_choice":"Damage","floor":13,"damage_taken":0},{"event_name":"Match and Keep!","player_choice":"2 cards matched","floor":14,"damage_taken":0}],"boss_relics":[],"items_purged_floors":[],"is_endless":false,"potions_floor_spawned":[3,10,11],"killed_by":"Hexaghost","ascension_level":2}