{"gold_per_floor":[112,128,203,12,32,60,60,91,169,19,19,33,43,43,43,148,148,160,235,247,260,5,5,15,33,56,86,86,98,108,108,108,108],"floor_reached":33,"playtime":1552,"items_purged":[],"score":444,"play_id":"10ea5667-0da8-475f-ba5b-593ee12c4a18","local_time":"20190115173239","is_ascension_mode":true,"campfire_choices":[{"data":"Backstab","floor":7,"key":"SMITH"},{"data":"Neutralize","floor":15,"key":"SMITH"},{"data":"Adrenaline","floor":23,"key":"SMITH"},{"data":"Crippling Poison","floor":28,"key":"SMITH"},{"floor":32,"key":"REST"}],"neow_cost":"NONE","seed_source_timestamp":1814312355571642,"circlet_count":0,"master_deck":["AscendersBane","Defend_G","Defend_G","Defend_G","Defend_G","Defend_G","Strike_G","Strike_G","Strike_G","Survivor","Neutralize+1","Poisoned Stab","Deadly Poison+1","Backstab+1","Backflip","Leg Sweep+1","Bane","Adrenaline+1","Dagger Throw","Crippling Poison+1","Deadly Poison+1","Cloak And Dagger+1","Noxious Fumes","Sucker Punch+1","Predator+1","Setup"],"relics":["Ring of the Snake","Lee\u0027s Waffle","Tingsha","Boot","Meat on the Bone","War Paint","Singing Bowl","Runic Dome","Molten Egg 2","Happy Flower","Snake Skull"],"potions_floor_usage":[8,16,20,24,27,27,30,33],"damage_taken":[{"damage":3,"enemies":"Cultist","floor":1,"turns":4},{"damage":11,"enemies":"Small Slimes","floor":2,"turns":4},{"damage":1,"enemies":"Jaw Worm","floor":5,"turns":4},{"damage":25,"enemies":"Gremlin Nob","floor":6,"turns":4},{"damage":30,"enemies":"Lagavulin","floor":8,"turns":5},{"damage":0,"enemies":"3 Louse","floor":12,"turns":2},{"damage":5,"enemies":"Gremlin Gang","floor":13,"turns":7},{"damage":30,"enemies":"Hexaghost","floor":16,"turns":12},{"damage":0,"enemies":"3 Byrds","floor":18,"turns":5},{"damage":4,"enemies":"Shell Parasite","floor":20,"turns":4},{"damage":15,"enemies":"Centurion and Healer","floor":21,"turns":9},{"damage":8,"enemies":"Shelled Parasite and Fungi","floor":24,"turns":5},{"damage":13,"enemies":"Snecko","floor":25,"turns":4},{"damage":27,"enemies":"Gremlin Leader","floor":27,"turns":8},{"damage":7,"enemies":"Snake Plant","floor":29,"turns":3},{"damage":10,"enemies":"Sentry and Sphere","floor":30,"turns":4},{"damage":96,"enemies":"Collector","floor":33,"turns":7}],"seed_played":"556767105146557369","potions_obtained":[{"floor":2,"key":"Explosive Potion"},{"floor":8,"key":"PowerPotion"},{"floor":12,"key":"GamblersBrew"},{"floor":16,"key":"LiquidBronze"},{"floor":18,"key":"LiquidBronze"},{"floor":21,"key":"SkillPotion"},{"floor":27,"key":"Block Potion"},{"floor":30,"key":"Regen Potion"}],"is_trial":false,"path_per_floor":["M","M","?","$","M","E","R","E","T","$","?","M","M","?","R","B",null,"M","?","M","M","$","R","M","M","T","E","R","M","M","?","R","B"],"character_chosen":"THE_SILENT","items_purchased":["Lee\u0027s Waffle","War Paint","Molten Egg 2"],"campfire_rested":1,"item_purchase_floors":[4,10,22],"current_hp_per_floor":[67,56,45,84,83,58,58,28,28,28,28,40,47,40,40,22,69,71,63,59,44,44,44,48,49,49,34,34,39,41,41,67,0],"gold":108,"neow_bonus":"TEN_PERCENT_HP_BONUS","is_prod":false,"is_daily":false,"chose_seed":false,"campfire_upgraded":4,"win_rate":0,"timestamp":1547573559,"path_taken":["M","M","?","$","M","E","R","E","T","$","?","M","?","?","R","BOSS","M","?","M","M","$","R","M","M","T","E","R","M","?","?","R","BOSS"],"build_version":"2019-01-10","purchased_purges":0,"victory":false,"max_hp_per_floor":[77,77,77,84,84,84,84,84,84,84,84,84,84,84,84,84,84,86,86,86,86,86,86,86,88,88,88,88,88,88,88,88,88],"card_choices":[{"not_picked":["Acrobatics","Sucker Punch"],"picked":"Poisoned Stab","floor":1},{"not_picked":["Concentrate","Dodge and Roll"],"picked":"Deadly Poison","floor":2},{"not_picked":["Distraction","Crippling Poison"],"picked":"Backstab","floor":5},{"not_picked":["Deadly Poison","All Out Attack"],"picked":"Backflip","floor":6},{"not_picked":["After Image","Accuracy"],"picked":"Leg Sweep","floor":8},{"not_picked":["Flying Knee","Outmaneuver"],"picked":"Bane","floor":12},{"not_picked":["Underhanded Strike","Concentrate","Quick Slash"],"picked":"SKIP","floor":13},{"not_picked":["A Thousand Cuts","Unload"],"picked":"Adrenaline","floor":16},{"not_picked":["Eviscerate+1","Well Laid Plans+1","Prepared"],"picked":"Singing Bowl","floor":18},{"not_picked":["Crippling Poison","Quick Slash"],"picked":"Dagger Throw","floor":20},{"not_picked":["Acrobatics","Sucker Punch"],"picked":"Crippling Poison","floor":21},{"not_picked":["Setup","Slice+1"],"picked":"Deadly Poison+1","floor":24},{"not_picked":["Underhanded Strike+1","Flechettes+1","Deadly Poison"],"picked":"Singing Bowl","floor":25},{"not_picked":["Poisoned Stab+1","Riddle With Holes+1"],"picked":"Cloak And Dagger+1","floor":27},{"not_picked":["Prepared","Blade Dance+1"],"picked":"Noxious Fumes","floor":29},{"not_picked":["Doppelganger","Calculated Gamble"],"picked":"Sucker Punch+1","floor":30}],"player_experience":330519,"relics_obtained":[{"floor":6,"key":"Tingsha"},{"floor":8,"key":"Boot"},{"floor":9,"key":"Meat on the Bone"},{"floor":26,"key":"Happy Flower"},{"floor":27,"key":"Snake Skull"}],"event_choices":[{"damage_healed":0,"gold_gain":75,"player_choice":"Gather Gold","damage_taken":11,"max_hp_gain":0,"max_hp_loss":0,"event_name":"World of Goop","floor":3,"gold_loss":0},{"damage_healed":0,"gold_gain":0,"player_choice":"Ignored","damage_taken":0,"max_hp_gain":0,"max_hp_loss":0,"event_name":"Liars Game","floor":11,"gold_loss":0},{"damage_healed":0,"gold_gain":0,"player_choice":"Success","damage_taken":7,"relics_obtained":["Singing Bowl"],"max_hp_gain":0,"max_hp_loss":0,"event_name":"Scrap Ooze","floor":14,"gold_loss":0},{"damage_healed":0,"gold_gain":75,"player_choice":"Touch","damage_taken":8,"max_hp_gain":0,"max_hp_loss":0,"event_name":"FaceTrader","floor":19,"gold_loss":0},{"damage_healed":0,"gold_gain":0,"cards_transformed":["Strike_G","Strike_G"],"player_choice":"Became Test Subject","damage_taken":0,"max_hp_gain":0,"max_hp_loss":0,"event_name":"Drug Dealer","floor":31,"gold_loss":0,"cards_obtained":["Predator","Setup"]}],"is_beta":false,"boss_relics":[{"not_picked":["Velvet Choker","Philosopher\u0027s Stone"],"picked":"Runic Dome"}],"items_purged_floors":[],"is_endless":false,"potions_floor_spawned":[2,8,12,16,18,21,27,30],"killed_by":"Collector","ascension_level":10}