{"gold_per_floor":[364,15,15,33,49,49,82,82,82,112,112,126,145,173,173,269,269,282,282,293,65,80,80,98,115,115,115,15,50,50,76,76,176,226,240,240,257,57,74,74,109,0,0,0,13,24,43,62,62,62,62,62,11,36,36],"floor_reached":56,"playtime":2921,"items_purged":["Strike_B","Strike_B"],"score":1703,"play_id":"8d586ee5-cda5-48c5-96be-5d6dcd665dbe","local_time":"20190114005941","is_ascension_mode":true,"campfire_choices":[{"data":"Zap","floor":6.0,"key":"SMITH"},{"data":"Static Discharge","floor":8.0,"key":"SMITH"},{"data":"Defragment","floor":15.0,"key":"SMITH"},{"data":"Buffer","floor":23.0,"key":"SMITH"},{"data":"Defragment","floor":27.0,"key":"SMITH"},{"data":"Amplify","floor":32.0,"key":"SMITH"},{"data":"Defragment","floor":40.0,"key":"SMITH"},{"data":"Hologram","floor":44.0,"key":"SMITH"},{"floor":49,"key":"RECALL"},{"data":"Seek","floor":52,"key":"SMITH"}],"neow_cost":"TEN_PERCENT_HP_LOSS","seed_source_timestamp":0,"circlet_count":0,"master_deck":["Strike_B+1","Strike_B","Defend_B","Defend_B","Defend_B+1","Defend_B+1","Zap+1","Dualcast","Cold Snap","FTL","Capacitor","Static Discharge+1","Conserve Battery+1","Glacier","Steam","Barrage","Defragment+1","Buffer+1","Sunder+1","Defragment+1","Seek","Defragment+1","Amplify+1","Coolheaded+1","Seek+1","Consume+1","Bandage Up","Hologram+1","Coolheaded","Reinforced Body+1","FTL+1","Compile Driver+1","Fusion+1"],"special_seed":0,"relics":["Cracked Core","Emotion Chip","Ornamental Fan","Meat on the Bone","Potion Belt","Orichalcum","Nuclear Battery","Frozen Egg 2","Bronze Scales","Bag of Preparation","Tiny House","Runic Capacitor","Symbiotic Virus","Red Mask","Strawberry"],"potions_floor_usage":[47,47,47,54,55,55,55],"damage_taken":[{"damage":7.0,"enemies":"Small Slimes","floor":1.0,"turns":4.0},{"damage":0.0,"enemies":"Jaw Worm","floor":4.0,"turns":3.0},{"damage":0.0,"enemies":"Cultist","floor":5.0,"turns":3.0},{"damage":16.0,"enemies":"Lagavulin","floor":7.0,"turns":6.0},{"damage":12.0,"enemies":"3 Sentries","floor":10.0,"turns":5.0},{"damage":3.0,"enemies":"Looter","floor":12.0,"turns":3.0},{"damage":0.0,"enemies":"Red Slaver","floor":13.0,"turns":5.0},{"damage":5.0,"enemies":"Lagavulin","floor":14.0,"turns":7.0},{"damage":0.0,"enemies":"The Guardian","floor":16.0,"turns":12.0},{"damage":0.0,"enemies":"Shell Parasite","floor":18.0,"turns":9.0},{"damage":0.0,"enemies":"Chosen","floor":20.0,"turns":5.0},{"damage":0.0,"enemies":"Centurion and Healer","floor":22.0,"turns":8.0},{"damage":0.0,"enemies":"Chosen and Byrds","floor":24.0,"turns":7.0},{"damage":7.0,"enemies":"Snecko","floor":25.0,"turns":4.0},{"damage":18.0,"enemies":"Gremlin Leader","floor":29.0,"turns":9.0},{"damage":11.0,"enemies":"Book of Stabbing","floor":31.0,"turns":4.0},{"damage":0.0,"enemies":"Champ","floor":33.0,"turns":14.0},{"damage":10.0,"enemies":"3 Darklings","floor":35.0,"turns":5.0},{"damage":7.0,"enemies":"3 Shapes","floor":37.0,"turns":5.0},{"damage":0.0,"enemies":"Spire Growth","floor":39.0,"turns":8.0},{"damage":0.0,"enemies":"Reptomancer","floor":41.0,"turns":7.0},{"damage":7.0,"enemies":"Jaw Worm Horde","floor":45.0,"turns":7.0},{"damage":0.0,"enemies":"Transient","floor":46.0,"turns":5.0},{"damage":0,"enemies":"Sphere and 2 Shapes","floor":47,"turns":8},{"damage":0,"enemies":"3 Darklings","floor":48,"turns":6},{"damage":7,"enemies":"Donu and Deca","floor":50,"turns":15},{"damage":16,"enemies":"Shield and Spear","floor":54,"turns":9},{"damage":26,"enemies":"The Heart","floor":55,"turns":8}],"seed_played":"-7239129777300257989","potions_obtained":[{"floor":5.0,"key":"Energy Potion"},{"floor":10.0,"key":"SkillPotion"},{"floor":12.0,"key":"AttackPotion"},{"floor":14.0,"key":"AttackPotion"},{"floor":18.0,"key":"Weak Potion"},{"floor":19.0,"key":"EntropicBrew"},{"floor":19.0,"key":"PowerPotion"},{"floor":29.0,"key":"LiquidBronze"},{"floor":31.0,"key":"Explosive Potion"},{"floor":45.0,"key":"Poison Potion"},{"floor":46.0,"key":"Fire Potion"},{"floor":48,"key":"SpeedPotion"},{"floor":54,"key":"Strength Potion"}],"is_trial":false,"path_per_floor":["M","$","?","M","M","R","E","R","T","E","?","M","M","E","R","B",null,"M","?","M","$","M","R","M","M","T","R","$","E","$","E","R","B",null,"M","?","M","$","M","R","E","?","T","R","M","M","M","M","R","B",null,"R","$","E","B",null],"character_chosen":"DEFECT","items_purchased":["Emotion Chip","FTL","Seek","Runic Capacitor","Swift Potion"],"campfire_rested":0,"item_purchase_floors":[2,2,21,38,53],"current_hp_per_floor":[61,61,47,47,47,47,31,31,31,31,31,40,40,35,35,35,60,60,60,60,60,60,60,60,53,53,53,53,35,35,36,36,36,65,55,55,52,52,56,56,60,60,60,60,57,61,65,69,69,66,71,71,71,66,44],"gold":36,"neow_bonus":"TWO_FIFTY_GOLD","is_prod":false,"is_daily":false,"chose_seed":false,"campfire_upgraded":9,"win_rate":0,"timestamp":1547427581,"path_taken":["M","$","?","M","M","R","E","R","T","E","?","?","M","E","R","BOSS","M","?","M","$","M","R","M","?","T","R","$","E","$","E","R","BOSS","M","?","M","$","M","R","E","?","T","R","M","M","M","M","R","BOSS","R","$","E","BOSS"],"build_version":"2019-01-10","purchased_purges":2,"victory":true,"max_hp_per_floor":[68,68,68,68,68,68,68,68,68,68,68,68,68,68,68,68,68,68,68,68,68,68,68,68,68,68,68,68,68,68,68,68,68,73,73,73,73,73,73,73,73,73,73,73,73,73,73,73,73,73,73,73,73,80,80],"card_choices":[{"not_picked":["Compile Driver","Stack"],"picked":"Cold Snap","floor":1.0},{"not_picked":["Cold Snap","Glacier"],"picked":"Capacitor","floor":4.0},{"not_picked":["Rebound","Chill"],"picked":"Static Discharge","floor":5.0},{"not_picked":["Rebound","Turbo"],"picked":"Conserve Battery","floor":7.0},{"not_picked":["Leap","Go for the Eyes"],"picked":"Glacier","floor":10.0},{"not_picked":["Redo","Go for the Eyes"],"picked":"Steam","floor":12.0},{"not_picked":["Go for the Eyes","Stack"],"picked":"Barrage","floor":13.0},{"not_picked":["Self Repair","Buffer"],"picked":"Defragment","floor":14.0},{"not_picked":["Creative AI","Rainbow"],"picked":"Buffer","floor":16.0},{"not_picked":["Rebound","Streamline"],"picked":"Sunder+1","floor":18.0},{"not_picked":["Chill+1","Hologram"],"picked":"Defragment","floor":20.0},{"not_picked":["Sweeping Beam","Stack"],"picked":"Defragment","floor":22.0},{"not_picked":["Auto Shields","Steam","Stack"],"picked":"SKIP","floor":24.0},{"not_picked":["Coolheaded","Go for the Eyes+1","Static Discharge"],"picked":"SKIP","floor":25.0},{"not_picked":["Coolheaded","Go for the Eyes+1","Static Discharge"],"picked":"SKIP","floor":25.0},{"not_picked":["Conserve Battery+1","Gash"],"picked":"Amplify","floor":29.0},{"not_picked":["Go for the Eyes+1","Sweeping Beam"],"picked":"Coolheaded+1","floor":31.0},{"not_picked":["Rainbow","Fission"],"picked":"Seek","floor":33.0},{"not_picked":["Hologram","Turbo"],"picked":"Consume+1","floor":35.0},{"not_picked":["Deep Breath","Forethought"],"picked":"Bandage Up","floor":36.0},{"not_picked":["Machine Learning+1","Gash+1"],"picked":"Hologram","floor":37.0},{"not_picked":["Streamline","Leap+1"],"picked":"Coolheaded","floor":39.0},{"not_picked":["Amplify","Sunder"],"picked":"Reinforced Body+1","floor":41.0},{"not_picked":["Go for the Eyes+1","Hologram","Rebound+1"],"picked":"SKIP","floor":45.0},{"not_picked":["Cold Snap","Chill"],"picked":"FTL+1","floor":46.0},{"not_picked":["Barrage+1","Lockon"],"picked":"Compile Driver+1","floor":47},{"not_picked":["Ball Lightning+1","Rebound","Conserve Battery"],"picked":"SKIP","floor":48},{"not_picked":["Melter+1","Rebound+1"],"picked":"Fusion+1","floor":54}],"player_experience":76958,"relics_obtained":[{"floor":7.0,"key":"Ornamental Fan"},{"floor":9.0,"key":"Meat on the Bone"},{"floor":10.0,"key":"Potion Belt"},{"floor":14.0,"key":"Orichalcum"},{"floor":26.0,"key":"Frozen Egg 2"},{"floor":29.0,"key":"Bronze Scales"},{"floor":31.0,"key":"Bag of Preparation"},{"floor":41.0,"key":"Symbiotic Virus"},{"floor":54,"key":"Strawberry"}],"event_choices":[{"damage_healed":0.0,"max_hp_gain":0.0,"max_hp_loss":0.0,"gold_gain":0.0,"event_name":"Shining Light","player_choice":"Entered Light","floor":3.0,"gold_loss":0.0,"damage_taken":14.0,"cards_upgraded":["Defend_B","Strike_B"]},{"damage_healed":0.0,"max_hp_gain":0.0,"max_hp_loss":0.0,"gold_gain":0.0,"event_name":"Upgrade Shrine","player_choice":"Upgraded","floor":11.0,"gold_loss":0.0,"damage_taken":0.0,"cards_upgraded":["Conserve Battery"]},{"damage_healed":0.0,"max_hp_gain":0.0,"max_hp_loss":0.0,"gold_gain":0.0,"event_name":"Lab","player_choice":"Got Potions","floor":19.0,"gold_loss":0.0,"damage_taken":0.0},{"damage_healed":0.0,"max_hp_gain":0.0,"max_hp_loss":0.0,"gold_gain":0.0,"event_name":"SensoryStone","player_choice":"Memory 1","floor":36.0,"gold_loss":0.0,"damage_taken":0.0},{"damage_healed":0.0,"max_hp_gain":0.0,"max_hp_loss":0.0,"gold_gain":0.0,"event_name":"Tomb of Lord Red Mask","player_choice":"Paid","floor":42.0,"gold_loss":109.0,"damage_taken":0.0,"relics_obtained":["Red Mask"]}],"is_beta":false,"boss_relics":[{"not_picked":["Eternal Feather","Philosopher\u0027s Stone"],"picked":"Nuclear Battery"},{"not_picked":["Velvet Choker","Calling Bell"],"picked":"Tiny House"}],"items_purged_floors":[21,28],"is_endless":false,"potions_floor_spawned":[5,10,12,14,18,20,29,31,33,37,45,46,48,54],"ascension_level":7}