{"gold_per_floor":[118,118,268,279,295,328,328,345,345,1,18,18,28,0,0,78,78,91,91,123,123],"floor_reached":21,"playtime":714,"items_purged":["Doubt"],"score":313,"play_id":"a63a72ec-41fd-4033-a216-281d0330e685","local_time":"20190130150252","is_ascension_mode":true,"campfire_choices":[{"floor":7,"key":"REST"},{"floor":15,"key":"REST"}],"neow_cost":"NONE","seed_source_timestamp":3102217348517035,"circlet_count":0,"master_deck":["AscendersBane","Defend_G","Defend_G","Defend_G","Defend_G","Defend_G","Strike_G","Strike_G","Strike_G+1","Strike_G","Strike_G","Survivor","Neutralize+1","Footwork","Dagger Spray","Poisoned Stab","Cloak And Dagger","Dagger Throw","Blur","Predator","Caltrops","Die Die Die","Backflip","Dodge and Roll"],"relics":["Ring of the Serpent","NeowsBlessing","StoneCalendar","Darkstone Periapt","TwistedFunnel","Red Mask"],"potions_floor_usage":[6,16,16,20,21],"damage_taken":[{"damage":0,"enemies":"Cultist","floor":1,"turns":1},{"damage":0,"enemies":"2 Louse","floor":4,"turns":1},{"damage":0,"enemies":"Jaw Worm","floor":5,"turns":1},{"damage":31,"enemies":"3 Sentries","floor":6,"turns":11},{"damage":1,"enemies":"Blue Slaver","floor":8,"turns":4},{"damage":16,"enemies":"Exordium Thugs","floor":11,"turns":5},{"damage":1,"enemies":"Large Slime","floor":13,"turns":5},{"damage":8,"enemies":"Hexaghost","floor":16,"turns":9},{"damage":21,"enemies":"Spheric Guardian","floor":18,"turns":6},{"damage":39,"enemies":"Masked Bandits","floor":20,"turns":4},{"damage":9,"enemies":"Chosen","floor":21,"turns":4}],"seed_played":"-4393458054219070880","potions_obtained":[{"floor":4,"key":"GhostInAJar"},{"floor":8,"key":"PowerPotion"},{"floor":13,"key":"Energy Potion"},{"floor":16,"key":"GamblersBrew"},{"floor":20,"key":"LiquidBronze"}],"is_trial":false,"path_per_floor":["M","?","?","M","M","E","R","M","T","$","M","$","M","?","R","B",null,"M","?","?","M"],"character_chosen":"THE_SILENT","items_purchased":["TwistedFunnel","Blur"],"campfire_rested":2,"item_purchase_floors":[10,10],"current_hp_per_floor":[59,39,39,39,39,8,27,26,26,26,10,10,9,9,28,20,55,34,47,8,0],"gold":123,"neow_bonus":"THREE_ENEMY_KILL","is_prod":false,"is_daily":false,"chose_seed":false,"campfire_upgraded":0,"win_rate":0,"timestamp":1548860572,"path_taken":["M","?","?","M","?","E","R","M","T","$","M","$","M","?","R","BOSS","M","?","?","M"],"build_version":"2019-01-23","purchased_purges":1,"victory":false,"max_hp_per_floor":[66,66,66,66,66,66,66,66,66,66,66,66,66,66,66,66,66,66,66,66,66],"card_choices":[{"not_picked":["Dagger Spray","Deadly Poison"],"picked":"Footwork","floor":1},{"not_picked":["Endless Agony","Distraction"],"picked":"Dagger Spray","floor":4},{"not_picked":["Flechettes","Concentrate"],"picked":"Poisoned Stab","floor":5},{"not_picked":["Dagger Spray","Flying Knee"],"picked":"Cloak And Dagger","floor":6},{"not_picked":["Acrobatics","Bane"],"picked":"Dagger Throw","floor":8},{"not_picked":["Blade Dance","Infinite Blades"],"picked":"Predator","floor":11},{"not_picked":["Slice","Finisher"],"picked":"Caltrops","floor":13},{"not_picked":["Night Terror","Envenom"],"picked":"Die Die Die","floor":16},{"not_picked":["Flying Knee+1","Noxious Fumes"],"picked":"Backflip","floor":18},{"not_picked":["Poisoned Stab","Catalyst"],"picked":"Dodge and Roll","floor":20}],"player_experience":492276,"relics_obtained":[{"floor":6,"key":"StoneCalendar"},{"floor":9,"key":"Darkstone Periapt"},{"floor":20,"key":"Red Mask"}],"event_choices":[{"damage_healed":0,"gold_gain":0,"player_choice":"Entered Light","damage_taken":20,"max_hp_gain":0,"max_hp_loss":0,"event_name":"Shining Light","floor":2,"gold_loss":0,"cards_upgraded":["Strike_G","Neutralize"]},{"damage_healed":0,"gold_gain":150,"player_choice":"AGREE","damage_taken":0,"max_hp_gain":0,"max_hp_loss":0,"event_name":"Liars Game","floor":3,"gold_loss":0,"cards_obtained":["Doubt"]},{"damage_healed":0,"gold_gain":0,"player_choice":"Left Gold","damage_taken":0,"max_hp_gain":0,"max_hp_loss":0,"event_name":"World of Goop","floor":14,"gold_loss":28},{"damage_healed":13,"gold_gain":0,"player_choice":"Heal","damage_taken":0,"max_hp_gain":0,"max_hp_loss":0,"event_name":"The Library","floor":19,"gold_loss":0},{"damage_healed":0,"gold_gain":0,"player_choice":"Fought Bandits","damage_taken":0,"max_hp_gain":0,"max_hp_loss":0,"event_name":"Masked Bandits","floor":20,"gold_loss":0}],"is_beta":false,"boss_relics":[{"not_picked":["Black Star","Fusion Hammer"],"picked":"Ring of the Serpent"}],"items_purged_floors":[10],"is_endless":false,"potions_floor_spawned":[4,8,13,16,20],"killed_by":"Chosen","ascension_level":15}