{"path_per_floor":["M","?","M","?","$","R","M","M","T","M","R","E","M","M","R","B",null],"character_chosen":"THE_SILENT","items_purchased":[],"gold_per_floor":[114,83,98,98,98,98,113,128,128,143,143,173,188,203,203,303,303],"floor_reached":18,"campfire_rested":2,"playtime":859,"current_hp_per_floor":[66,66,66,66,66,66,66,43,43,30,51,34,33,33,54,27,27],"items_purged":[],"gold":303,"score":164,"play_id":"14e8c407-0fb9-499b-8c2a-a43bc1e4cdbf","local_time":"20180305141706","daily_mods":[{"name":"All Star","description":"Start with 2 colorless cards.","modID":"Allstar","img":{"data":{"file":{"file":{"path":"images\\ui\\run_mods\\all_star.png"},"type":"Internal"},"width":64,"height":64,"format":"RGBA8888","useMipMaps":false,"isPrepared":false},"glTarget":3553,"glHandle":684,"minFilter":"Linear","magFilter":"Linear","uWrap":"ClampToEdge","vWrap":"ClampToEdge"},"positive":true},{"name":"Lethal Enemies","description":"All enemies start with +3 Strength.","modID":"Lethal Enemies","img":{"data":{"file":{"file":{"path":"images\\ui\\run_mods\\lethal_enemies.png"},"type":"Internal"},"width":64,"height":64,"format":"RGBA8888","useMipMaps":false,"isPrepared":false},"glTarget":3553,"glHandle":675,"minFilter":"Linear","magFilter":"Linear","uWrap":"ClampToEdge","vWrap":"ClampToEdge"},"positive":false},{"name":"Restless Journey","description":"You no longer heal when entering new acts.","modID":"Restless Journey","img":{"data":{"file":{"file":{"path":"images\\ui\\run_mods\\restless_journey.png"},"type":"Internal"},"width":64,"height":64,"format":"RGBA8888","useMipMaps":false,"isPrepared":false},"glTarget":3553,"glHandle":676,"minFilter":"Linear","magFilter":"Linear","uWrap":"ClampToEdge","vWrap":"ClampToEdge"},"positive":false},{"name":"Vintage","description":"The Merchant\u0027s prices are increased by 25%.","modID":"Vintage","img":{"data":{"file":{"file":{"path":"images\\ui\\run_mods\\vintage.png"},"type":"Internal"},"width":64,"height":64,"format":"RGBA8888","useMipMaps":false,"isPrepared":false},"glTarget":3553,"glHandle":677,"minFilter":"Linear","magFilter":"Linear","uWrap":"ClampToEdge","vWrap":"ClampToEdge"},"positive":false}],"is_prod":false,"is_daily":true,"is_ascension_mode":false,"campfire_upgraded":1,"timestamp":1520259426,"path_taken":["M","?","M","?","?","R","M","?","T","M","R","E","M","M","R","BOSS","M"],"build_version":"2018-03-01-PROD1","purchased_purges":0,"victory":false,"master_deck":["Defend_G","Defend_G","Defend_G","Defend_G","Strike_G","Strike_G","Strike_G","Survivor","Neutralize+1","Dramatic Entrance","Trip","Poisoned Stab","Flying Knee","Slice","After Image","Concentrate","Tools of the Trade","Backstab+1","Catalyst+1","Prepared+1"],"max_hp_per_floor":[70,70,70,70,70,70,70,70,70,70,70,70,70,70,70,70,70],"relics":["Ring of the Snake","Unceasing Top","Bag of Marbles","Astrolabe"],"card_choices":[{"not_picked":["Sucker Punch","Dagger Throw"],"picked":"Catalyst"},{"not_picked":["Leg Sweep","Underhanded Strike"],"picked":"Poisoned Stab"},{"not_picked":["Dagger Throw","Deflect"],"picked":"Flying Knee"},{"not_picked":["Cloak And Dagger","Heel Hook"],"picked":"Slice"},{"not_picked":["Prepared","Bullet Time"],"picked":"After Image"},{"not_picked":["Sucker Punch","Malaise"],"picked":"Concentrate"},{"not_picked":["Wraith Form","Night Terror"],"picked":"Tools of the Trade"}],"player_experience":195568,"potions_floor_usage":[12,16,16],"damage_taken":[{"damage":4,"enemies":"Jaw Worm","floor":1,"turns":3},{"damage":0,"enemies":"2 Louse","floor":3,"turns":2},{"damage":0,"enemies":"Cultist","floor":7,"turns":3},{"damage":23,"enemies":"Gremlin Gang","floor":8,"turns":4},{"damage":13,"enemies":"Exordium Wildlife","floor":10,"turns":5},{"damage":17,"enemies":"3 Sentries","floor":12,"turns":7},{"damage":1,"enemies":"Exordium Thugs","floor":13,"turns":3},{"damage":0,"enemies":"3 Louse","floor":14,"turns":2},{"damage":27,"enemies":"The Guardian","floor":16,"turns":12},{"damage":27,"enemies":"3 Byrds","floor":18,"turns":1}],"event_choices":[{"event_name":"World of Goop","player_choice":"Left","floor":2,"damage_taken":0},{"event_name":"Bonfire Elementals","player_choice":"BASIC","floor":4,"damage_taken":0}],"boss_relics":[{"not_picked":["Snecko Eye","Black Star"],"picked":"Astrolabe"}],"potions_floor_spawned":[7,10,12],"seed_played":"1440800474786276678","killed_by":"3 Byrds","ascension_level":0,"is_trial":false}