{"gold_per_floor":[112,126,76,91,107,107,120,135,135,135,147,147,181,181,181,181],"floor_reached":16,"playtime":399,"items_purged":[],"score":208,"play_id":"23701389-2873-41dd-af9c-e029aa8850eb","local_time":"20190429154410","is_ascension_mode":true,"campfire_choices":[{"data":"1","floor":6,"key":"LIFT"},{"data":"2","floor":10,"key":"LIFT"},{"data":"Whirlwind","floor":12,"key":"SMITH"},{"data":"3","floor":15,"key":"LIFT"}],"neow_cost":"PERCENT_DAMAGE","seed_source_timestamp":3174786740507955,"circlet_count":0,"master_deck":["AscendersBane","Strike_R","Strike_R","Strike_R","Strike_R","Strike_R","Defend_R","Defend_R","Defend_R","Defend_R","Bash","Heavy Blade","Pommel Strike","Cleave","Shrug It Off","Thunderclap","Whirlwind+1"],"relics":["Burning Blood","Girya","Paper Frog","Bag of Preparation","Frozen Egg 2"],"potions_floor_usage":[16],"damage_taken":[{"damage":13,"enemies":"Cultist","floor":1,"turns":5},{"damage":17,"enemies":"Small Slimes","floor":2,"turns":5},{"damage":1,"enemies":"2 Louse","floor":4,"turns":3},{"damage":12,"enemies":"Exordium Wildlife","floor":5,"turns":4},{"damage":6,"enemies":"Blue Slaver","floor":7,"turns":4},{"damage":0,"enemies":"2 Fungi Beasts","floor":8,"turns":2},{"damage":4,"enemies":"Looter","floor":11,"turns":3},{"damage":15,"enemies":"3 Sentries","floor":13,"turns":3},{"damage":30,"enemies":"Slime Boss","floor":16,"turns":5}],"seed_played":"3780786137786793631","potions_obtained":[{"floor":1,"key":"Weak Potion"},{"floor":4,"key":"Ancient Potion"}],"is_trial":false,"path_per_floor":["M","M","$","M","M","R","M","M","T","R","M","R","E","T","R","B"],"character_chosen":"IRONCLAD","items_purchased":["Pommel Strike"],"campfire_rested":0,"item_purchase_floors":[3],"current_hp_per_floor":[43,32,32,37,31,31,31,37,37,37,39,39,30,30,30,0],"gold":181,"neow_bonus":"ONE_RARE_RELIC","is_prod":false,"is_daily":false,"chose_seed":false,"campfire_upgraded":1,"win_rate":0,"timestamp":1556549050,"path_taken":["M","M","$","M","?","R","M","M","T","R","M","R","E","?","R","BOSS"],"build_version":"2019-01-23","purchased_purges":0,"victory":false,"max_hp_per_floor":[75,75,75,75,75,75,75,75,75,75,75,75,75,75,75,75],"card_choices":[{"not_picked":["Hemokinesis","Warcry"],"picked":"Heavy Blade","floor":1},{"not_picked":["Wild Strike","Clash","Anger"],"picked":"SKIP","floor":2},{"not_picked":["Wild Strike","Clash","Anger"],"picked":"SKIP","floor":2},{"not_picked":["Juggernaut","Infernal Blade"],"picked":"Cleave","floor":4},{"not_picked":["Perfected Strike","Flex"],"picked":"Shrug It Off","floor":5},{"not_picked":["Warcry","Body Slam"],"picked":"Thunderclap","floor":7},{"not_picked":["Clash","Twin Strike"],"picked":"Whirlwind","floor":8},{"not_picked":["Heavy Blade","Cleave","Sever Soul"],"picked":"SKIP","floor":11},{"not_picked":["Flame Barrier","Havoc","Shockwave"],"picked":"SKIP","floor":13}],"player_experience":253958,"relics_obtained":[{"floor":9,"key":"Paper Frog"},{"floor":13,"key":"Bag of Preparation"},{"floor":14,"key":"Frozen Egg 2"}],"event_choices":[],"is_beta":false,"boss_relics":[],"items_purged_floors":[],"is_endless":false,"potions_floor_spawned":[1,4,5,7,13],"killed_by":"Slime Boss","ascension_level":20}