{"gold_per_floor":[217,217,40,52,64,76,116,128,140,152,180,192,204,366,378,462,474,504,516,528,630,73,73,102,102,128,159,159,159,175,192,192,269,299,317,317,32,32,59,92,92,127,127,146,146,159,159,0,0,0],"floor_reached":51,"playtime":13227,"items_purged":[],"score":1578,"play_id":"7101ac58-16cd-4083-b533-1d1aca2f3f36","local_time":"20180916023004","is_ascension_mode":true,"campfire_choices":[{"floor":6,"key":"REST"},{"floor":10,"key":"REST"},{"floor":12,"key":"REST"},{"floor":15,"key":"REST"},{"floor":23,"key":"REST"},{"floor":25,"key":"REST"},{"floor":28,"key":"REST"},{"floor":32,"key":"REST"},{"floor":41,"key":"REST"},{"floor":45,"key":"REST"},{"floor":49,"key":"REST"}],"neow_cost":"NONE","seed_source_timestamp":120988914300400,"circlet_count":0,"master_deck":["Strike_R","Strike_R","Strike_R","Strike_R","Strike_R+1","Defend_R","Defend_R","Defend_R+1","Defend_R","Bash","AscendersBane","Ghostly Armor","Sever Soul","Cleave","Limit Break","Doubt","Bludgeon+1","Thunderclap","Necronomicurse","Mind Blast","Bludgeon+1","Impervious","Dark Embrace","Sentinel","Demon Form","Doubt","Clumsy","Normality","Seeing Red","Writhe","Whirlwind+1","Infernal Blade+1","Impervious","Armaments+1"],"relics":["Burning Blood","MawBank","Gambling Chip","Blue Candle","Self Forming Clay","Darkstone Periapt","Fusion Hammer","Necronomicon","Pocketwatch","DollysMirror","Matryoshka","Blood Vial","Happy Flower","Vajra","Calling Bell","Tiny Chest","Mummified Hand","Ice Cream","Bottled Flame","Orichalcum","Bag of Marbles","Dream Catcher","Shuriken","StoneCalendar","Red Mask"],"potions_floor_usage":[16,27,27,33,50],"damage_taken":[{"damage":4,"enemies":"2 Louse","floor":1,"turns":3},{"damage":56,"enemies":"3 Sentries","floor":7,"turns":13},{"damage":5,"enemies":"Small Slimes","floor":11,"turns":4},{"damage":65,"enemies":"Slime Boss","floor":16,"turns":13},{"damage":10,"enemies":"Spheric Guardian","floor":18,"turns":4},{"damage":33,"enemies":"Book of Stabbing","floor":24,"turns":3},{"damage":19,"enemies":"Gremlin Leader","floor":27,"turns":3},{"damage":0,"enemies":"Shell Parasite","floor":30,"turns":1},{"damage":15,"enemies":"Chosen and Byrds","floor":31,"turns":4},{"damage":46,"enemies":"Champ","floor":33,"turns":7},{"damage":17,"enemies":"Orb Walker","floor":35,"turns":2},{"damage":13,"enemies":"Nemesis","floor":40,"turns":3},{"damage":45,"enemies":"Giant Head","floor":42,"turns":6},{"damage":0,"enemies":"3 Darklings","floor":44,"turns":1},{"damage":0,"enemies":"Sphere and 2 Shapes","floor":46,"turns":2},{"damage":84,"enemies":"Donu and Deca","floor":50,"turns":6}],"seed_played":"-7806939816202933826","potions_obtained":[{"floor":7,"key":"Strength Potion"},{"floor":16,"key":"Poison Potion"},{"floor":27,"key":"Block Potion"},{"floor":33,"key":"Explosive Potion"},{"floor":44,"key":"Poison Potion"}],"is_trial":false,"path_per_floor":["M","?","$","T","?","R","E","$","T","R","M","R","?","?","R","B",null,"M","?","?","?","$","R","E","R","T","E","R","$","M","M","R","B",null,"M","?","$","?","T","E","R","E","T","M","R","M","?","?","R","B"],"character_chosen":"IRONCLAD","items_purchased":["MawBank","Pocketwatch","DollysMirror","Bottled Flame"],"campfire_rested":11,"item_purchase_floors":[3,22,22,37],"current_hp_per_floor":[70,47,47,47,36,58,8,8,8,30,31,53,53,59,81,22,66,62,47,47,15,15,41,14,40,40,29,55,55,63,56,82,44,94,85,111,111,111,111,104,111,72,72,80,111,111,111,111,111,33],"gold":0,"neow_bonus":"HUNDRED_GOLD","is_prod":false,"is_daily":false,"chose_seed":false,"campfire_upgraded":0,"win_rate":0,"timestamp":1537061404,"path_taken":["M","?","$","?","?","R","E","?","T","R","?","R","?","?","R","BOSS","M","?","?","?","$","R","E","R","T","E","R","?","?","?","R","BOSS","M","?","$","?","?","E","R","E","T","?","R","M","?","?","R","BOSS"],"build_version":"2018-09-06","purchased_purges":0,"victory":true,"max_hp_per_floor":[75,75,75,75,75,75,75,75,75,75,75,75,75,81,81,81,81,81,87,87,87,87,87,87,87,87,87,87,87,87,87,87,87,105,105,111,111,111,111,111,111,111,111,111,111,111,111,111,111,111],"card_choices":[{"not_picked":["Sword Boomerang","Twin Strike","Shrug It Off"],"picked":"SKIP","floor":1},{"not_picked":["Cleave","Wild Strike"],"picked":"Ghostly Armor","floor":7},{"not_picked":["Sentinel","Armaments"],"picked":"Sever Soul","floor":11},{"not_picked":["Dark Embrace","Barricade"],"picked":"Bludgeon","floor":16},{"not_picked":["Power Through","Fire Breathing"],"picked":"Thunderclap","floor":18},{"not_picked":["Warcry","Bloodletting"],"picked":"Impervious","floor":24},{"not_picked":["Hemokinesis","Cleave+1"],"picked":"Dark Embrace","floor":27},{"not_picked":["Cleave","Clothesline"],"picked":"Sentinel","floor":30},{"not_picked":["Clothesline","Dual Wield","Anger"],"picked":"SKIP","floor":31},{"not_picked":["Impervious","Dark Embrace"],"picked":"Demon Form","floor":33},{"not_picked":["Flex","Body Slam"],"picked":"Seeing Red","floor":35},{"not_picked":["Clothesline","Iron Wave"],"picked":"Whirlwind","floor":40},{"not_picked":["Wild Strike+1","Heavy Blade"],"picked":"Infernal Blade+1","floor":41},{"not_picked":["Perfected Strike","Flex+1"],"picked":"Impervious","floor":42},{"not_picked":["Pommel Strike","Bloodletting+1","Anger"],"picked":"SKIP","floor":44},{"not_picked":["Cleave","Headbutt"],"picked":"Armaments+1","floor":46}],"player_experience":362689,"relics_obtained":[{"floor":4,"key":"Gambling Chip"},{"floor":7,"key":"Self Forming Clay"},{"floor":9,"key":"Darkstone Periapt"},{"floor":19,"key":"Necronomicon"},{"floor":24,"key":"Matryoshka"},{"floor":26,"key":"Blood Vial"},{"floor":26,"key":"Happy Flower"},{"floor":27,"key":"Vajra"},{"floor":34,"key":"Tiny Chest"},{"floor":34,"key":"Mummified Hand"},{"floor":34,"key":"Ice Cream"},{"floor":39,"key":"Orichalcum"},{"floor":39,"key":"Bag of Marbles"},{"floor":40,"key":"Dream Catcher"},{"floor":42,"key":"Shuriken"},{"floor":43,"key":"StoneCalendar"}],"event_choices":[{"event_name":"Shining Light","player_choice":"Entered Light","floor":2,"damage_taken":0},{"event_name":"Scrap Ooze","player_choice":"success","floor":5,"damage_taken":11},{"event_name":"Match and Keep!","player_choice":"2 cards matched","floor":13,"damage_taken":0},{"event_name":"Liars Game","player_choice":"agreed","floor":14,"damage_taken":0},{"event_name":"Cursed Tome","player_choice":"Obtained Book","floor":19,"damage_taken":0},{"event_name":"Upgrade Shrine","player_choice":"Upgraded","floor":20,"damage_taken":0},{"event_name":"Knowing Skull","player_choice":"GOLD CARD POTION ","floor":21,"damage_taken":0},{"event_name":"Winding Halls","player_choice":"Writhe","floor":36,"damage_taken":0},{"event_name":"Mysterious Sphere","player_choice":"Ignore","floor":38,"damage_taken":0},{"event_name":"Accursed Blacksmith","player_choice":"Forge","floor":47,"damage_taken":0},{"event_name":"Tomb of Lord Red Mask","player_choice":"Paid","floor":48,"damage_taken":0}],"is_beta":false,"boss_relics":[{"not_picked":["Snecko Eye","Orrery"],"picked":"Fusion Hammer"},{"not_picked":["Mark of Pain","Astrolabe"],"picked":"Calling Bell"}],"items_purged_floors":[],"is_endless":false,"potions_floor_spawned":[7,16,24,27,33,44],"ascension_level":19}