{"gold_per_floor":[119,135,135,135,25,25,25,42,42,55,55,68,68,94,94,193,193,211,223,234,234,43,69,81,8,43,55,166,189,201,225,237,347,409,436,448,460,490,352,352,54,54,54,54,69,69,88,88,88,88],"floor_reached":51,"playtime":4401,"items_purged":["Strike_R","Strike_R"],"score":829,"play_id":"c6c6b8b7-8c86-4d34-81fd-5775b336214d","local_time":"20190430001023","is_ascension_mode":true,"campfire_choices":[{"data":"Searing Blow","floor":6,"key":"SMITH"},{"data":"Searing Blow+1","floor":11,"key":"SMITH"},{"data":"Armaments","floor":13,"key":"SMITH"},{"data":"Searing Blow+2","floor":15,"key":"SMITH"},{"data":"Searing Blow+3","floor":24,"key":"SMITH"},{"data":"Searing Blow+4","floor":27,"key":"SMITH"},{"data":"Searing Blow+5","floor":30,"key":"SMITH"},{"data":"Searing Blow+6","floor":32,"key":"SMITH"},{"data":"Searing Blow+7","floor":40,"key":"SMITH"},{"data":"Searing Blow+8","floor":42,"key":"SMITH"},{"data":"Searing Blow+9","floor":44,"key":"SMITH"},{"data":"Searing Blow+10","floor":49,"key":"SMITH"}],"neow_cost":"NONE","seed_source_timestamp":527856362473115,"circlet_count":0,"master_deck":["Strike_R","Strike_R+1","Strike_R+1","Defend_R","Defend_R","Defend_R+1","Defend_R","Bash+1","Headbutt+1","Anger+1","Searing Blow+11","Shockwave","Disarm","Armaments+1","Demon Form","Reaper","Shrug It Off+1","Clothesline","Shrug It Off","Sword Boomerang+1","Exhume","Flame Barrier","True Grit+1","Battle Trance+1","Enlightenment","Finesse","Decay"],"relics":["Burning Blood","Whetstone","Prayer Wheel","Thread and Needle","Lantern","Mark of Pain","Strange Spoon","MawBank","FossilizedHelix","Boot","Tiny House","Kunai","Peace Pipe","Molten Egg 2"],"potions_floor_usage":[16,23,33,35,50,50,50],"damage_taken":[{"damage":1,"enemies":"Cultist","floor":1,"turns":3},{"damage":9,"enemies":"Jaw Worm","floor":2,"turns":3},{"damage":0,"enemies":"Small Slimes","floor":8,"turns":2},{"damage":2,"enemies":"Looter","floor":10,"turns":2},{"damage":0,"enemies":"2 Fungi Beasts","floor":12,"turns":3},{"damage":9,"enemies":"Gremlin Nob","floor":14,"turns":3},{"damage":6,"enemies":"Slime Boss","floor":16,"turns":8},{"damage":2,"enemies":"Spheric Guardian","floor":18,"turns":3},{"damage":3,"enemies":"Chosen","floor":19,"turns":5},{"damage":5,"enemies":"3 Cultists","floor":20,"turns":5},{"damage":23,"enemies":"Book of Stabbing","floor":23,"turns":7},{"damage":0,"enemies":"Centurion and Healer","floor":29,"turns":4},{"damage":7,"enemies":"Sentry and Sphere","floor":31,"turns":4},{"damage":23,"enemies":"Collector","floor":33,"turns":8},{"damage":20,"enemies":"3 Darklings","floor":35,"turns":11},{"damage":0,"enemies":"Orb Walker","floor":38,"turns":1},{"damage":7,"enemies":"4 Shapes","floor":45,"turns":9},{"damage":10,"enemies":"Maw","floor":47,"turns":8},{"damage":53,"enemies":"Time Eater","floor":50,"turns":13}],"seed_played":"-4075992783249380859","potions_obtained":[{"floor":1,"key":"LiquidBronze"},{"floor":2,"key":"Explosive Potion"},{"floor":10,"key":"FearPotion"},{"floor":18,"key":"SpeedPotion"},{"floor":23,"key":"Explosive Potion"},{"floor":33,"key":"SkillPotion"},{"floor":34,"key":"BloodPotion"},{"floor":38,"key":"GamblersBrew"},{"floor":45,"key":"LiquidBronze"}],"is_trial":false,"path_per_floor":["M","M","?","?","$","R","?","M","T","M","R","M","R","E","R","B",null,"M","M","M","?","$","E","R","?","T","R","?","M","R","M","R","B",null,"M","?","?","M","$","R","$","R","T","R","M","?","M","T","R","B",null],"character_chosen":"IRONCLAD","items_purchased":["Searing Blow","Strange Spoon","Dexterity Potion","Kunai","Dexterity Potion"],"campfire_rested":0,"item_purchase_floors":[5,22,39,41,41],"current_hp_per_floor":[77,74,74,58,58,58,55,61,61,65,65,71,71,68,68,68,77,80,80,80,80,80,79,79,79,79,79,79,80,80,79,79,80,85,79,79,74,80,80,80,80,80,80,80,80,80,76,76,76,29],"gold":88,"neow_bonus":"RANDOM_COMMON_RELIC","is_prod":false,"is_daily":false,"chose_seed":false,"campfire_upgraded":12,"win_rate":0,"timestamp":1556604623,"path_taken":["M","M","?","?","?","R","?","M","T","M","R","M","R","E","R","BOSS","M","M","M","?","$","E","R","?","T","R","?","M","R","M","R","BOSS","M","?","?","M","$","R","$","R","T","R","M","?","?","?","R","BOSS"],"build_version":"2019-01-23","purchased_purges":2,"victory":true,"max_hp_per_floor":[80,80,80,80,80,80,80,80,80,80,80,80,80,80,80,80,80,80,80,80,80,80,80,80,80,80,80,80,80,80,80,80,80,85,85,81,81,81,81,81,81,81,81,81,81,81,81,81,81,81],"card_choices":[{"not_picked":["Rupture","Sword Boomerang"],"picked":"Headbutt","floor":1},{"not_picked":["Fire Breathing","Dual Wield"],"picked":"Anger","floor":2},{"not_picked":["Twin Strike","Headbutt"],"picked":"Shockwave","floor":8},{"not_picked":["Sever Soul","Infernal Blade","Fire Breathing"],"picked":"SKIP","floor":8},{"not_picked":["Body Slam","Pommel Strike"],"picked":"Disarm","floor":10},{"not_picked":["Blood for Blood","Iron Wave","Rupture"],"picked":"SKIP","floor":10},{"not_picked":["Twin Strike","Evolve"],"picked":"Armaments","floor":12},{"not_picked":["Combust","Body Slam","Seeing Red"],"picked":"SKIP","floor":12},{"not_picked":["Armaments","Twin Strike"],"picked":"Demon Form","floor":14},{"not_picked":["Fiend Fire","Brutality"],"picked":"Reaper","floor":16},{"not_picked":["Searing Blow","Perfected Strike"],"picked":"Shrug It Off+1","floor":18},{"not_picked":["Headbutt","Warcry","Pummel"],"picked":"SKIP","floor":18},{"not_picked":["Body Slam","Combust+1","Thunderclap"],"picked":"SKIP","floor":19},{"not_picked":["Uppercut","Warcry","Rampage"],"picked":"SKIP","floor":19},{"not_picked":["Flex","Anger"],"picked":"Clothesline","floor":20},{"not_picked":["Havoc","Sever Soul","Iron Wave"],"picked":"SKIP","floor":20},{"not_picked":["Power Through","Clothesline"],"picked":"Shrug It Off","floor":23},{"not_picked":["Heavy Blade","Flex"],"picked":"Sword Boomerang+1","floor":29},{"not_picked":["Pommel Strike","Rage","Shrug It Off"],"picked":"SKIP","floor":29},{"not_picked":["Sentinel+1","Second Wind","Sword Boomerang"],"picked":"SKIP","floor":31},{"not_picked":["Dark Embrace","Body Slam","Twin Strike+1"],"picked":"SKIP","floor":31},{"not_picked":["Dark Embrace","Reaper"],"picked":"Exhume","floor":33},{"not_picked":["Shrug It Off","Warcry"],"picked":"Flame Barrier","floor":34},{"not_picked":["Havoc","Rage"],"picked":"True Grit+1","floor":35},{"not_picked":["Disarm","Cleave+1"],"picked":"Battle Trance+1","floor":35},{"not_picked":["Finesse","Blind"],"picked":"Enlightenment","floor":37},{"not_picked":["Swift Strike","PanicButton"],"picked":"Finesse","floor":37},{"not_picked":["Armaments","Warcry+1","Seeing Red"],"picked":"SKIP","floor":38},{"not_picked":["Shockwave","Second Wind+1","Headbutt"],"picked":"SKIP","floor":38},{"not_picked":["Perfected Strike+1","Armaments+1","Iron Wave"],"picked":"SKIP","floor":45},{"not_picked":["Power Through+1","Headbutt+1","Havoc"],"picked":"SKIP","floor":45},{"not_picked":["Armaments+1","Anger+1","Clothesline"],"picked":"SKIP","floor":47},{"not_picked":["Power Through+1","Headbutt+1","Battle Trance+1"],"picked":"SKIP","floor":47}],"player_experience":482649,"relics_obtained":[{"floor":9,"key":"Thread and Needle"},{"floor":14,"key":"Lantern"},{"floor":23,"key":"MawBank"},{"floor":26,"key":"Boot"},{"floor":43,"key":"Peace Pipe"},{"floor":48,"key":"Molten Egg 2"}],"event_choices":[{"damage_healed":0,"gold_gain":0,"player_choice":"Grow","damage_taken":0,"max_hp_gain":0,"max_hp_loss":0,"event_name":"Living Wall","floor":3,"gold_loss":0,"cards_upgraded":["Anger"]},{"damage_healed":0,"gold_gain":0,"player_choice":"Entered Light","damage_taken":16,"max_hp_gain":0,"max_hp_loss":0,"event_name":"Shining Light","floor":4,"gold_loss":0,"cards_upgraded":["Headbutt","Strike_R"]},{"damage_healed":0,"gold_gain":0,"player_choice":"Success","damage_taken":3,"relics_obtained":["Prayer Wheel"],"max_hp_gain":0,"max_hp_loss":0,"event_name":"Scrap Ooze","floor":7,"gold_loss":0},{"damage_healed":0,"gold_gain":0,"player_choice":"Ignored","damage_taken":0,"max_hp_gain":0,"max_hp_loss":0,"event_name":"Vampires","floor":21,"gold_loss":0},{"damage_healed":0,"gold_gain":0,"player_choice":"Obtained Relic","damage_taken":0,"relics_obtained":["FossilizedHelix"],"max_hp_gain":0,"max_hp_loss":0,"event_name":"Addict","floor":25,"gold_loss":85},{"damage_healed":0,"gold_gain":99,"player_choice":"Stole From Cult","damage_taken":0,"max_hp_gain":0,"max_hp_loss":0,"event_name":"Nest","floor":28,"gold_loss":0},{"damage_healed":0,"gold_gain":0,"player_choice":"Max HP","damage_taken":0,"max_hp_gain":0,"max_hp_loss":4,"event_name":"Winding Halls","floor":36,"gold_loss":0},{"damage_healed":0,"gold_gain":0,"player_choice":"Memory 2","damage_taken":5,"max_hp_gain":0,"max_hp_loss":0,"event_name":"SensoryStone","floor":37,"gold_loss":0},{"damage_healed":0,"gold_gain":0,"player_choice":"Cursed","damage_taken":0,"max_hp_gain":0,"max_hp_loss":0,"event_name":"Wheel of Change","floor":46,"gold_loss":0,"cards_obtained":["Decay"]}],"is_beta":false,"boss_relics":[{"not_picked":["Philosopher\u0027s Stone","Pandora\u0027s Box"],"picked":"Mark of Pain"},{"not_picked":["Black Star","Lizard Tail"],"picked":"Tiny House"}],"items_purged_floors":[5,39],"is_endless":false,"potions_floor_spawned":[1,2,10,14,18,23,29,31,33,38,45],"ascension_level":6}