{"gold_per_floor":[113,113,129,129,129,172,172,190,190,190,231,80,80,93,93,186,186,205,205,223,223],"floor_reached":21,"playtime":1137,"items_purged":["Pain"],"score":374,"play_id":"7725f2ec-e7ff-4ddc-8773-25db28427eea","local_time":"20190422155752","is_ascension_mode":true,"campfire_choices":[{"floor":7,"key":"REST"},{"floor":10,"key":"REST"},{"floor":15,"key":"REST"}],"neow_cost":"NONE","seed_source_timestamp":516743746237500,"circlet_count":0,"master_deck":["AscendersBane","Strike_R","Strike_R","Strike_R","Strike_R","Defend_R","Defend_R","Defend_R","Defend_R","Bash","Thunderclap","Shrug It Off","Impervious","Hemokinesis+1","Fiend Fire+1","Blood for Blood+1","Feed+1","Hemokinesis+1"],"relics":["Burning Blood","NlothsMask","Golden Idol","WarpedTongs","Molten Egg 2","Dodecahedron","Black Star"],"potions_floor_usage":[6,6,16,21],"damage_taken":[{"damage":6,"enemies":"Cultist","floor":1,"turns":3},{"damage":5,"enemies":"Small Slimes","floor":3,"turns":3},{"damage":33,"enemies":"3 Sentries","floor":6,"turns":8},{"damage":7,"enemies":"2 Louse","floor":8,"turns":4},{"damage":45,"enemies":"Lagavulin","floor":11,"turns":10},{"damage":13,"enemies":"Gremlin Gang","floor":14,"turns":5},{"damage":52,"enemies":"The Guardian","floor":16,"turns":9},{"damage":22,"enemies":"Chosen","floor":18,"turns":6},{"damage":18,"enemies":"Spheric Guardian","floor":20,"turns":4},{"damage":48,"enemies":"Chosen and Byrds","floor":21,"turns":5}],"seed_played":"5192507740214685999","potions_obtained":[{"floor":1,"key":"LiquidBronze"},{"floor":3,"key":"Explosive Potion"},{"floor":6,"key":"Regen Potion"},{"floor":20,"key":"Poison Potion"}],"is_trial":false,"path_per_floor":["M","?","M","?","?","E","R","M","T","R","E","$","?","M","R","B",null,"M","?","M","M"],"character_chosen":"IRONCLAD","items_purchased":["Fiend Fire+1"],"campfire_rested":3,"item_purchase_floors":[12],"current_hp_per_floor":[75,75,76,48,48,21,45,44,44,68,29,29,29,22,46,15,65,49,49,37,0],"gold":223,"neow_bonus":"TEN_PERCENT_HP_BONUS","is_prod":false,"is_daily":false,"chose_seed":false,"campfire_upgraded":0,"win_rate":0,"timestamp":1555945072,"path_taken":["M","?","?","?","?","E","R","?","T","R","E","$","?","?","R","BOSS","M","?","?","M"],"build_version":"2019-01-23","purchased_purges":1,"victory":false,"max_hp_per_floor":[82,82,82,82,82,82,82,82,82,82,82,82,82,82,82,82,82,82,82,82,82],"card_choices":[{"not_picked":["Dual Wield","Havoc"],"picked":"Thunderclap","floor":1},{"not_picked":["Havoc","Anger"],"picked":"Shrug It Off","floor":3},{"not_picked":["Warcry","Havoc"],"picked":"Impervious","floor":6},{"not_picked":["Clash+1","Combust","Rage"],"picked":"SKIP","floor":8},{"not_picked":["Warcry","Armaments"],"picked":"Hemokinesis+1","floor":11},{"not_picked":["Infernal Blade","Thunderclap+1","Iron Wave+1"],"picked":"SKIP","floor":14},{"not_picked":["Exhume","Berserk"],"picked":"Feed+1","floor":16},{"not_picked":["Uppercut+1","Warcry","Heavy Blade+1"],"picked":"SKIP","floor":18},{"not_picked":["Flex","Inflame"],"picked":"Hemokinesis+1","floor":20}],"player_experience":405367,"relics_obtained":[{"floor":6,"key":"Molten Egg 2"},{"floor":11,"key":"Dodecahedron"}],"event_choices":[{"damage_healed":0,"gold_gain":0,"player_choice":"Trade","damage_taken":0,"relics_obtained":["NlothsMask"],"max_hp_gain":0,"max_hp_loss":0,"event_name":"FaceTrader","floor":2,"gold_loss":0},{"damage_healed":0,"gold_gain":0,"player_choice":"Take Damage","damage_taken":28,"relics_obtained":["Golden Idol"],"max_hp_gain":0,"max_hp_loss":0,"event_name":"Golden Idol","floor":4,"gold_loss":0},{"damage_healed":0,"gold_gain":0,"player_choice":"Rummage","damage_taken":0,"relics_obtained":["WarpedTongs"],"max_hp_gain":0,"max_hp_loss":0,"event_name":"Accursed Blacksmith","floor":5,"gold_loss":0,"cards_obtained":["Pain"]},{"damage_healed":0,"gold_gain":0,"player_choice":"1 cards matched","damage_taken":0,"max_hp_gain":0,"max_hp_loss":0,"event_name":"Match and Keep!","floor":13,"gold_loss":0,"cards_obtained":["Blood for Blood"]},{"cards_removed":["Strike_R"],"damage_healed":0,"gold_gain":0,"player_choice":"Offered Basic","damage_taken":0,"max_hp_gain":0,"max_hp_loss":0,"event_name":"Bonfire Elementals","floor":19,"gold_loss":0}],"is_beta":false,"boss_relics":[{"not_picked":["Ectoplasm","Pandora\u0027s Box"],"picked":"Black Star"}],"items_purged_floors":[12],"is_endless":false,"potions_floor_spawned":[1,3,6,20],"killed_by":"Chosen and Byrds","ascension_level":20}