{"gold_per_floor":[362,107,120,132,146,173,173,189,189,189,217,217,228,252,252,252],"floor_reached":16,"playtime":1391,"items_purged":[],"score":140,"play_id":"b524d54c-502b-40b7-bbaf-cf8af8f40906","local_time":"20190306141034","is_ascension_mode":true,"campfire_choices":[{"floor":7,"key":"REST"},{"floor":15,"key":"REST"}],"neow_cost":"TEN_PERCENT_HP_LOSS","seed_source_timestamp":177544503598291,"circlet_count":0,"master_deck":["Strike_B","Strike_B","Strike_B","Strike_B+1","Defend_B","Defend_B","Defend_B","Defend_B","Zap","Dualcast","Coolheaded","Conserve Battery","Sweeping Beam+1","Fission","Conserve Battery","Rip and Tear","Gash"],"relics":["Cracked Core","Orichalcum","Dodecahedron","FossilizedHelix","Incense Burner","Gambling Chip","Frozen Egg 2","Whetstone"],"potions_floor_usage":[11,13,16,16],"damage_taken":[{"damage":5,"enemies":"Small Slimes","floor":1,"turns":4},{"damage":0,"enemies":"2 Louse","floor":3,"turns":1},{"damage":7,"enemies":"Jaw Worm","floor":4,"turns":3},{"damage":2,"enemies":"3 Louse","floor":5,"turns":3},{"damage":42,"enemies":"3 Sentries","floor":6,"turns":9},{"damage":6,"enemies":"Blue Slaver","floor":8,"turns":5},{"damage":3,"enemies":"Lagavulin","floor":11,"turns":7},{"damage":15,"enemies":"Gremlin Gang","floor":13,"turns":3},{"damage":21,"enemies":"Hexaghost","floor":16,"turns":11}],"seed_played":"168963666782687855","potions_obtained":[{"floor":4,"key":"SteroidPotion"},{"floor":5,"key":"SneckoOil"},{"floor":13,"key":"Poison Potion"}],"is_trial":false,"path_per_floor":["M","$","M","M","M","E","R","M","T","?","E","?","M","T","R","B"],"character_chosen":"DEFECT","items_purchased":["Orichalcum","Conserve Battery","Poison Potion"],"campfire_rested":2,"item_purchase_floors":[2,2,2],"current_hp_per_floor":[63,63,63,56,54,12,32,26,26,26,23,16,1,1,21,0],"gold":252,"neow_bonus":"TWO_FIFTY_GOLD","is_prod":false,"is_daily":false,"chose_seed":false,"campfire_upgraded":0,"win_rate":0,"timestamp":1551903034,"path_taken":["M","$","M","M","M","E","R","M","T","?","E","?","M","?","R","BOSS"],"build_version":"2019-01-23","purchased_purges":0,"victory":false,"max_hp_per_floor":[68,68,68,68,68,68,68,68,68,68,68,68,68,68,68,68],"card_choices":[{"not_picked":["Static Discharge","Hologram"],"picked":"Coolheaded","floor":1},{"not_picked":["Stack","Barrage","Skim"],"picked":"SKIP","floor":3},{"not_picked":["Stack","Chaos","Reinforced Body"],"picked":"SKIP","floor":4},{"not_picked":["Hologram","Steam"],"picked":"Sweeping Beam","floor":5},{"not_picked":["Rebound","Stack"],"picked":"Fission","floor":6},{"not_picked":["Gash","Recycle"],"picked":"Conserve Battery","floor":8},{"not_picked":["Darkness","Stack"],"picked":"Rip and Tear","floor":11},{"not_picked":["Storm+1","Skim"],"picked":"Gash","floor":13}],"player_experience":521092,"relics_obtained":[{"floor":6,"key":"Dodecahedron"},{"floor":9,"key":"FossilizedHelix"},{"floor":11,"key":"Gambling Chip"},{"floor":14,"key":"Whetstone"}],"event_choices":[{"damage_healed":0,"gold_gain":0,"player_choice":"Searched \u00271\u0027 times","damage_taken":0,"relics_obtained":["Incense Burner"],"max_hp_gain":0,"max_hp_loss":0,"event_name":"Dead Adventurer","floor":10,"gold_loss":0},{"damage_healed":0,"gold_gain":0,"player_choice":"Success","damage_taken":7,"relics_obtained":["Frozen Egg 2"],"max_hp_gain":0,"max_hp_loss":0,"event_name":"Scrap Ooze","floor":12,"gold_loss":0}],"is_beta":false,"boss_relics":[],"items_purged_floors":[],"is_endless":false,"potions_floor_spawned":[4,5,6,13],"killed_by":"Hexaghost","ascension_level":5}