{"gold_per_floor":[113,113,0,0,13,13,13,71,71,86,86,99,99,119,119,119],"floor_reached":16,"playtime":473,"items_purged":[],"score":167,"play_id":"7ce9f805-3797-4333-97aa-80c0be35a911","local_time":"20190423151453","is_ascension_mode":true,"campfire_choices":[{"data":"Cloak And Dagger","floor":6,"key":"SMITH"},{"data":"Cloak And Dagger","floor":11,"key":"SMITH"},{"data":"Blade Dance","floor":13,"key":"SMITH"},{"floor":15,"key":"REST"}],"neow_cost":"NONE","seed_source_timestamp":3119146353124383,"circlet_count":0,"master_deck":["AscendersBane","Defend_G","Defend_G","Defend_G","Defend_G","Defend_G","Strike_G","Strike_G","Strike_G","Strike_G","Strike_G","Survivor","Neutralize","Cloak And Dagger+1","Cloak And Dagger+1","Accuracy","Predator","Masterful Stab","Blade Dance+1"],"relics":["Eternal Feather","GremlinMask","Question Card","The Specimen"],"potions_floor_usage":[8,16,16],"damage_taken":[{"damage":9,"enemies":"2 Louse","floor":1,"turns":4},{"damage":0,"enemies":"Cultist","floor":5,"turns":4},{"damage":27,"enemies":"Gremlin Nob","floor":8,"turns":5},{"damage":4,"enemies":"Small Slimes","floor":10,"turns":4},{"damage":8,"enemies":"3 Louse","floor":12,"turns":4},{"damage":15,"enemies":"Large Slime","floor":14,"turns":5},{"damage":61,"enemies":"Slime Boss","floor":16,"turns":10}],"seed_played":"480713505478689062","potions_obtained":[{"floor":10,"key":"AttackPotion"},{"floor":14,"key":"FearPotion"}],"is_trial":false,"path_per_floor":["M","?","$","?","M","R","$","?","T","M","R","M","R","M","R","B"],"character_chosen":"THE_SILENT","items_purchased":["Cloak And Dagger","FearPotion"],"campfire_rested":1,"item_purchase_floors":[3,3],"current_hp_per_floor":[50,50,50,50,50,59,59,32,32,28,37,29,38,23,51,0],"gold":119,"neow_bonus":"BOSS_RELIC","is_prod":false,"is_daily":false,"chose_seed":false,"campfire_upgraded":3,"win_rate":0,"timestamp":1556028893,"path_taken":["M","?","?","?","M","R","$","?","T","M","R","M","R","M","R","BOSS"],"build_version":"2019-01-23","purchased_purges":0,"victory":false,"max_hp_per_floor":[66,66,66,66,66,66,66,66,66,66,66,66,66,66,66,66],"card_choices":[{"not_picked":["Slice","Bane"],"picked":"Cloak And Dagger","floor":1},{"not_picked":["Dodge and Roll","Slice"],"picked":"Accuracy","floor":5},{"not_picked":["Setup","Prepared"],"picked":"Predator","floor":8},{"not_picked":["Deadly Poison","Backflip","Dagger Spray"],"picked":"Masterful Stab","floor":10},{"not_picked":["Night Terror","Noxious Fumes","Bouncing Flask"],"picked":"Blade Dance","floor":12},{"not_picked":["Tactician","Sucker Punch","Reflex","Poisoned Stab"],"picked":"SKIP","floor":14}],"player_experience":634329,"relics_obtained":[{"floor":8,"key":"Question Card"},{"floor":9,"key":"The Specimen"}],"event_choices":[{"damage_healed":0,"gold_gain":0,"player_choice":"Trade","damage_taken":0,"relics_obtained":["GremlinMask"],"max_hp_gain":0,"max_hp_loss":0,"event_name":"FaceTrader","floor":2,"gold_loss":0},{"damage_healed":0,"gold_gain":0,"player_choice":"Leave","damage_taken":0,"max_hp_gain":0,"max_hp_loss":0,"event_name":"The Cleric","floor":4,"gold_loss":0},{"damage_healed":0,"gold_gain":0,"player_choice":"Searched \u00271\u0027 times","damage_taken":0,"max_hp_gain":0,"max_hp_loss":0,"event_name":"Dead Adventurer","floor":8,"gold_loss":0}],"is_beta":false,"boss_relics":[],"items_purged_floors":[],"is_endless":false,"potions_floor_spawned":[10,14],"killed_by":"Slime Boss","ascension_level":17}