{"gold_per_floor":[112,112,112,3,16,16,42,42,42,55,55,75,93,93,93,168,168,119,119,129,143,28,40,40,40],"floor_reached":25,"playtime":986,"items_purged":[],"score":386,"play_id":"d3d5b240-1419-4838-8399-5dfbdbc8d71e","local_time":"20190429161910","is_ascension_mode":true,"campfire_choices":[{"floor":6,"key":"REST"},{"data":"Cold Snap","floor":8,"key":"SMITH"},{"data":"Zap","floor":11,"key":"SMITH"},{"floor":15,"key":"REST"}],"neow_cost":"TEN_PERCENT_HP_LOSS","seed_source_timestamp":3640911402181385,"circlet_count":0,"master_deck":["AscendersBane","Strike_B","Strike_B+1","Strike_B","Strike_B","Defend_B","Defend_B","Defend_B+1","Defend_B","Zap+1","Dualcast","Undo","Coolheaded","Compile Driver","Cold Snap+1","Buffer+1","Creative AI+1","Cold Snap+1","Cold Snap","Coolheaded","Chill","Capacitor+1","White Noise"],"relics":["Cracked Core","Nunchaku","Frozen Egg 2","Odd Mushroom","Lantern","Calipers","White Beast Statue"],"potions_floor_usage":[7,7,16,20,21,23,25],"damage_taken":[{"damage":7,"enemies":"Jaw Worm","floor":1,"turns":3},{"damage":0,"enemies":"Small Slimes","floor":5,"turns":3},{"damage":0,"enemies":"The Mushroom Lair","floor":7,"turns":4},{"damage":0,"enemies":"2 Louse","floor":10,"turns":1},{"damage":0,"enemies":"2 Fungi Beasts","floor":12,"turns":3},{"damage":14,"enemies":"Lots of Slimes","floor":13,"turns":5},{"damage":9,"enemies":"The Guardian","floor":16,"turns":19},{"damage":13,"enemies":"2 Thieves","floor":18,"turns":5},{"damage":0,"enemies":"Chosen","floor":20,"turns":7},{"damage":23,"enemies":"Snake Plant","floor":21,"turns":8},{"damage":0,"enemies":"Snecko","floor":23,"turns":10},{"damage":19,"enemies":"3 Cultists","floor":25,"turns":7}],"seed_played":"3647200643711842180","potions_obtained":[{"floor":5,"key":"EssenceOfSteel"},{"floor":10,"key":"Weak Potion"},{"floor":16,"key":"Ancient Potion"},{"floor":18,"key":"SkillPotion"},{"floor":20,"key":"LiquidBronze"},{"floor":21,"key":"GamblersBrew"},{"floor":23,"key":"GamblersBrew"},{"floor":24,"key":"Fire Potion"},{"floor":24,"key":"FocusPotion"}],"is_trial":false,"path_per_floor":["M","?","?","$","M","R","?","R","T","M","R","M","M","?","R","B",null,"M","?","M","M","$","M","?","M"],"character_chosen":"DEFECT","items_purchased":["Coolheaded","Explosive Potion","Chill","Capacitor+1"],"campfire_rested":2,"item_purchase_floors":[4,4,22,22],"current_hp_per_floor":[57,38,12,12,12,31,31,31,31,31,31,31,17,17,36,27,55,42,42,42,19,19,19,19,0],"gold":40,"neow_bonus":"ONE_RARE_RELIC","is_prod":false,"is_daily":false,"chose_seed":false,"campfire_upgraded":2,"win_rate":0,"timestamp":1556551150,"path_taken":["M","?","?","$","M","R","?","R","T","M","R","M","M","?","R","BOSS","M","?","?","M","$","M","?","M"],"build_version":"2019-01-23","purchased_purges":0,"victory":false,"max_hp_per_floor":[64,64,64,64,64,64,64,64,64,64,64,64,64,64,64,64,64,64,64,64,64,64,64,64,64],"card_choices":[{"not_picked":["Stack","Turbo"],"picked":"Undo","floor":1},{"not_picked":["Leap","Streamline"],"picked":"Compile Driver","floor":5},{"not_picked":["Streamline","Darkness"],"picked":"Cold Snap","floor":7},{"not_picked":["Undo","Beam Cell","Hologram"],"picked":"SKIP","floor":10},{"not_picked":["Turbo","Hologram","Go for the Eyes"],"picked":"SKIP","floor":12},{"not_picked":["Reprogram","Beam Cell"],"picked":"Buffer+1","floor":13},{"not_picked":["Reboot","Biased Cognition+1"],"picked":"Creative AI+1","floor":16},{"not_picked":["Hologram","Compile Driver"],"picked":"Cold Snap","floor":18},{"not_picked":["Ball Lightning","Redo"],"picked":"Cold Snap","floor":20},{"not_picked":["Go for the Eyes","Beam Cell"],"picked":"Coolheaded","floor":21},{"not_picked":["Redo","Steam"],"picked":"White Noise","floor":23}],"player_experience":731182,"relics_obtained":[{"floor":7,"key":"Odd Mushroom"},{"floor":9,"key":"Lantern"}],"event_choices":[{"damage_healed":0,"gold_gain":0,"player_choice":"Entered Light","damage_taken":19,"max_hp_gain":0,"max_hp_loss":0,"event_name":"Shining Light","floor":2,"gold_loss":0,"cards_upgraded":["Defend_B","Strike_B"]},{"damage_healed":0,"gold_gain":0,"player_choice":"Success","damage_taken":26,"relics_obtained":["Frozen Egg 2"],"max_hp_gain":0,"max_hp_loss":0,"event_name":"Scrap Ooze","floor":3,"gold_loss":0},{"damage_healed":0,"gold_gain":0,"player_choice":"Fought Mushrooms","damage_taken":0,"max_hp_gain":0,"max_hp_loss":0,"event_name":"Mushrooms","floor":7,"gold_loss":0},{"damage_healed":0,"gold_gain":0,"player_choice":"Searched \u00271\u0027 times","damage_taken":0,"relics_obtained":["Calipers"],"max_hp_gain":0,"max_hp_loss":0,"event_name":"Dead Adventurer","floor":14,"gold_loss":0},{"damage_healed":0,"gold_gain":0,"player_choice":"Upgraded","damage_taken":0,"max_hp_gain":0,"max_hp_loss":0,"event_name":"Upgrade Shrine","floor":19,"gold_loss":0,"cards_upgraded":["Cold Snap"]},{"damage_healed":0,"gold_gain":0,"player_choice":"Got Potions","damage_taken":0,"max_hp_gain":0,"max_hp_loss":0,"event_name":"Lab","floor":24,"gold_loss":0}],"is_beta":false,"boss_relics":[{"not_picked":["Eternal Feather","Astrolabe"],"picked":"White Beast Statue"}],"items_purged_floors":[],"is_endless":false,"potions_floor_spawned":[5,10,16,18,20,21,23],"killed_by":"3 Cultists","ascension_level":20}