{"path_per_floor":["M","?","$","?","M","E","M","R","T","E","?","M","T","E","R","B",null,"M","M","?","?","M"],"character_chosen":"IRONCLAD","items_purchased":["Pommel Strike"],"gold_per_floor":[110,60,33,33,46,72,84,84,84,109,69,85,110,136,136,231,261,251,266,466,466,478],"floor_reached":23,"campfire_rested":0,"playtime":1798,"current_hp_per_floor":[80,80,80,80,80,59,63,63,63,43,43,47,47,49,49,55,85,84,85,85,85,75],"items_purged":[],"gold":478,"play_id":"279c2fe4-e252-49a8-a1e6-efb5f5d9764d","is_prod":false,"is_daily":false,"campfire_rituals":0,"campfire_upgraded":2,"is_hardmode":false,"path_taken":["M","?","$","?","M","E","M","R","T","E","?","M","?","E","R","BOSS","M","M","?","?","M","E"],"build_version":"2018-01-04-PROD1","purchased_purges":0,"victory":false,"master_deck":["Strike_R","Strike_R","Strike_R","Strike_R","Defend_R","Defend_R","Defend_R","Defend_R","Bash","Battle Trance","Pommel Strike","Juggernaut","Disarm","Disarm","Dual Wield","Iron Wave","Impervious","Juggernaut","Dual Wield","Clash","Normality"],"max_hp_per_floor":[80,80,80,80,80,80,80,80,80,80,80,80,80,80,80,80,85,85,85,85,85,85],"relics":["Burning Blood","Sundial","Calipers","Juzu Bracelet","Happy Flower","War Paint","Tiny House","Magic Flower"],"campfire_meditates":0,"card_choices":[{"not_picked":["Perfected Strike","Combust"],"picked":"Battle Trance"},{"not_picked":["Headbutt","Battle Trance"],"picked":"Juggernaut"},{"not_picked":["Anger","Perfected Strike"],"picked":"Disarm"},{"not_picked":["True Grit","Anger"],"picked":"Disarm"},{"not_picked":["Heavy Blade","Disarm"],"picked":"Dual Wield"},{"not_picked":["Clothesline","Dark Embrace"],"picked":"Iron Wave"},{"not_picked":["Infernal Blade","Rupture"],"picked":"Impervious"},{"not_picked":["Impervious","Limit Break"],"picked":"Juggernaut"},{"not_picked":["Perfected Strike","Cleave"],"picked":"Dual Wield"},{"not_picked":["Shockwave","Sever Soul"],"picked":"Clash"}],"player_experience":161939,"potions_floor_usage":[6,6,10,14,16,18,18,23],"damage_taken":[{"damage":0,"enemies":"Small Slimes","floor":1,"turns":4},{"damage":6,"enemies":"Cultist","floor":5,"turns":3},{"damage":27,"enemies":"3 Sentries","floor":6,"turns":8},{"damage":2,"enemies":"Blue Slaver","floor":7,"turns":5},{"damage":26,"enemies":"Gremlin Nob","floor":10,"turns":5},{"damage":2,"enemies":"Exordium Wildlife","floor":12,"turns":4},{"damage":4,"enemies":"Lagavulin","floor":14,"turns":7},{"damage":0,"enemies":"Hexaghost","floor":16,"turns":10},{"damage":7,"enemies":"2 Thieves","floor":18,"turns":4},{"damage":0,"enemies":"3 Byrds","floor":19,"turns":5},{"damage":19,"enemies":"Snecko","floor":22,"turns":8},{"damage":100,"enemies":"Gremlin Leader","floor":23,"turns":9}],"event_choices":[{"event_name":"The Cleric","player_choice":"Card Removal","floor":2,"damage_taken":0},{"event_name":"The Lab","player_choice":"Got Potions","floor":4,"damage_taken":0},{"event_name":"The Woman in Blue","player_choice":"Bought 3 Potions","floor":11,"damage_taken":0},{"event_name":"The Joust","player_choice":"Bet on Owner","floor":20,"damage_taken":0},{"event_name":"Accursed Blacksmith","player_choice":"Rummage","floor":21,"damage_taken":0}],"boss_relics":[{"not_picked":["Velvet Choker","Runic Cube"],"picked":"Tiny House"}],"potions_floor_spawned":[5,12,16],"seed_played":"-4542475124672083087","killed_by":"Gremlin Leader","is_trial":false}