{"path_per_floor":["M","?","$","M","M","R","M","M","T","?","M","?","M","?","R"],"character_chosen":"THE_SILENT","items_purchased":["Acrobatics","Dodge and Roll"],"gold_per_floor":[117,67,0,18,37,37,55,71,153,153,170,170,184,184,184],"floor_reached":16,"campfire_rested":0,"playtime":1878,"current_hp_per_floor":[70,70,70,70,70,70,70,64,64,64,64,64,64,64,64],"items_purged":[],"gold":184,"score":94,"play_id":"58716797-ef7b-4e53-b427-f1574f20b7f9","is_prod":false,"is_daily":false,"is_ascension_mode":false,"campfire_upgraded":2,"path_taken":["M","?","$","?","M","R","M","M","T","?","?","?","M","?","R","BOSS"],"build_version":"2018-02-15-PROD1","purchased_purges":0,"victory":false,"master_deck":["Defend_G","Defend_G","Defend_G","Defend_G","Defend_G","Strike_G","Strike_G","Survivor","Neutralize+1","Acrobatics","Dodge and Roll","Dodge and Roll","Blur","Well Laid Plans","Escape Plan","Calculated Gamble+1","Well Laid Plans"],"max_hp_per_floor":[70,70,70,70,70,70,70,70,70,70,70,70,70,65,65],"relics":["Sozu","Letter Opener","Golden Idol"],"card_choices":[{"not_picked":["Prepared","Underhanded Strike"],"picked":"Dodge and Roll"},{"not_picked":["Quick Slash","Finisher"],"picked":"Blur"},{"not_picked":["Finisher","Dagger Throw"],"picked":"Well Laid Plans"},{"not_picked":["Reflex","Acrobatics"],"picked":"Escape Plan"},{"not_picked":["Eviscerate","Masterful Stab"],"picked":"Calculated Gamble"},{"not_picked":["Poisoned Stab","Expertise"],"picked":"Well Laid Plans"}],"player_experience":61322,"potions_floor_usage":[],"damage_taken":[{"damage":0,"enemies":"Small Slimes","floor":1,"turns":4},{"damage":0,"enemies":"Cultist","floor":4,"turns":4},{"damage":0,"enemies":"2 Louse","floor":5,"turns":5},{"damage":0,"enemies":"Red Slaver","floor":7,"turns":6},{"damage":6,"enemies":"3 Louse","floor":8,"turns":7},{"damage":0,"enemies":"Exordium Wildlife","floor":11,"turns":4},{"damage":0,"enemies":"Blue Slaver","floor":13,"turns":5},{"damage":68,"enemies":"Hexaghost","floor":16,"turns":23}],"event_choices":[{"event_name":"The Cleric","player_choice":"Card Removal","floor":2,"damage_taken":0},{"event_name":"Bonfire Elementals","player_choice":"BASIC","floor":10,"damage_taken":0},{"event_name":"Living Wall","player_choice":"Forget","floor":12,"damage_taken":0},{"event_name":"Golden Idol","player_choice":"Lose Max HP","floor":14,"damage_taken":0}],"boss_relics":[],"potions_floor_spawned":[4,5,13],"seed_played":"-4433306970900042253","killed_by":"Hexaghost","ascension_level":0,"is_trial":false}