{"path_per_floor":["M","M","?","?","M","E","R","$","T","M","R","M","?","$","R","B",null,"M","?","?","M","M","$","M","R","T","E","?","R","E","M","R","B",null,"M","M","?","M","?","R","M"],"character_chosen":"IRONCLAD","items_purchased":["Dual Wield","Barricade"],"gold_per_floor":[113,128,128,128,148,179,179,10,10,29,29,45,10,10,10,110,110,129,129,29,39,59,59,78,78,102,136,136,136,191,210,210,309,309,327,342,342,360,360,360,376],"floor_reached":42,"campfire_rested":3,"playtime":3960,"current_hp_per_floor":[73,79,72,72,72,52,52,52,52,53,53,59,79,79,79,47,80,80,80,80,69,43,43,26,50,57,28,13,40,41,15,42,23,92,88,59,59,48,48,56,37],"items_purged":[],"gold":376,"play_id":"309f38f2-9b46-4649-b7e1-f50279574a86","is_prod":false,"is_daily":false,"campfire_rituals":0,"campfire_upgraded":4,"is_hardmode":false,"path_taken":["M","M","?","?","?","E","R","$","T","M","R","M","?","?","R","BOSS","M","?","?","M","M","$","M","R","T","E","?","R","E","M","R","BOSS","M","M","?","M","?","R","M","E"],"build_version":"2018-01-04-PROD1","purchased_purges":0,"victory":false,"master_deck":["Strike_R","Strike_R","Strike_R","Defend_R","Defend_R","Bash","Cleave","Battle Trance","Flex","Headbutt","Iron Wave","Dual Wield","Barricade","Entrench","Metallicize","J.A.X.","Armaments","Iron Wave","Body Slam","Juggernaut","Iron Wave","Power Through","Body Slam"],"max_hp_per_floor":[80,80,80,80,80,80,80,80,80,80,80,80,80,80,80,80,80,80,80,80,80,80,80,80,80,87,87,92,92,92,92,92,92,92,92,92,92,92,92,92,92],"relics":["Burning Blood","War Paint","Dead Branch","Sozu","Strawberry","Smiling Mask","Tiny Chest","Eternal Feather"],"campfire_meditates":0,"card_choices":[{"not_picked":["Rage","Uppercut"],"picked":"Cleave"},{"not_picked":["Rupture","Searing Blow"],"picked":"Battle Trance"},{"not_picked":["Shrug It Off","Shockwave"],"picked":"Headbutt"},{"not_picked":["Shockwave","Twin Strike"],"picked":"Iron Wave"},{"not_picked":["Power Through","Twin Strike"],"picked":"Entrench"},{"not_picked":["Corruption","Anger"],"picked":"Armaments"},{"not_picked":["Second Wind","Clothesline"],"picked":"Iron Wave"},{"not_picked":["Feel No Pain","Thunderclap"],"picked":"Body Slam"},{"not_picked":["Headbutt","Thunderclap"],"picked":"Juggernaut"},{"not_picked":["True Grit","Hemokinesis"],"picked":"Iron Wave"},{"not_picked":["Iron Wave","Flex"],"picked":"Power Through"},{"not_picked":["Iron Wave","Thunderclap"],"picked":"Body Slam"}],"player_experience":166987,"potions_floor_usage":[6,16,16],"damage_taken":[{"damage":13,"enemies":"Cultist","floor":1,"turns":6},{"damage":0,"enemies":"2 Louse","floor":2,"turns":2},{"damage":6,"enemies":"Blue Slaver","floor":5,"turns":4},{"damage":26,"enemies":"Lagavulin","floor":6,"turns":8},{"damage":5,"enemies":"3 Louse","floor":10,"turns":3},{"damage":0,"enemies":"Large Slime","floor":12,"turns":5},{"damage":38,"enemies":"Slime Boss","floor":16,"turns":20},{"damage":4,"enemies":"Shell Parasite","floor":18,"turns":7},{"damage":17,"enemies":"Spheric Guardian","floor":21,"turns":4},{"damage":32,"enemies":"Snake Plant","floor":22,"turns":5},{"damage":23,"enemies":"Chosen and Byrds","floor":24,"turns":8},{"damage":35,"enemies":"Book of Stabbing","floor":27,"turns":7},{"damage":5,"enemies":"Gremlin Leader","floor":30,"turns":11},{"damage":32,"enemies":"Snecko","floor":31,"turns":7},{"damage":25,"enemies":"Automaton","floor":33,"turns":11},{"damage":10,"enemies":"Orb Walker","floor":35,"turns":5},{"damage":35,"enemies":"3 Darklings","floor":36,"turns":8},{"damage":17,"enemies":"4 Shapes","floor":38,"turns":8},{"damage":25,"enemies":"Maw","floor":41,"turns":8},{"damage":38,"enemies":"Giant Head","floor":42,"turns":7}],"event_choices":[{"event_name":"Golden Wing","player_choice":"Card Removal","floor":3,"damage_taken":0},{"event_name":"Living Wall","player_choice":"Change","floor":4,"damage_taken":0},{"event_name":"The Cleric","player_choice":"Healed","floor":13,"damage_taken":0},{"event_name":"The Library","player_choice":"Read","floor":19,"damage_taken":0},{"event_name":"Drug Dealer","player_choice":"Got JAXXED","floor":20,"damage_taken":0},{"event_name":"Forgotten Altar","player_choice":"Shed Blood","floor":28,"damage_taken":0},{"event_name":"Tomb of Lord Red Mask","player_choice":"Ignored","floor":39,"damage_taken":0}],"boss_relics":[{"not_picked":["Pandora\u0027s Box","Cursed Key"],"picked":"Sozu"},{"not_picked":["Runic Pyramid","Astrolabe"],"picked":"Eternal Feather"}],"potions_floor_spawned":[5,6,10,12,22,31],"seed_played":"1015613099930433266","killed_by":"Giant Head","is_trial":false}