{"gold_per_floor":[114,114,114,137,155,186,186,232,232,232,157,157,188,41,41,131,131,144,157,14,37,55,55,55,55,130,130,170,189,189,205,205,300,300,316,330,330,17,142,142,183,201,247,247,247,262,262,262,262,262],"floor_reached":51,"playtime":1896,"items_purged":[],"score":1339,"play_id":"6baa0f9c-75f7-4d6d-b348-9eec4f5d00e1","local_time":"20190130145028","is_ascension_mode":true,"campfire_choices":[{"data":"Bash","floor":7,"key":"SMITH"},{"floor":10,"key":"REST"},{"data":"Spot Weakness","floor":15,"key":"SMITH"},{"data":"Metallicize","floor":23,"key":"SMITH"},{"data":"Defend_R","floor":25,"key":"SMITH"},{"floor":32,"key":"REST"},{"data":"Reaper","floor":40,"key":"SMITH"},{"data":"Sword Boomerang","floor":44,"key":"SMITH"},{"data":"Iron Wave","floor":47,"key":"SMITH"},{"data":"Cleave","floor":49,"key":"SMITH"}],"neow_cost":"NONE","seed_source_timestamp":3100281233409355,"circlet_count":0,"master_deck":["AscendersBane","Strike_R","Strike_R+1","Strike_R+1","Defend_R+1","Defend_R","Defend_R","Defend_R","Bash+1","Rage+1","Spot Weakness+1","Metallicize+1","Cleave+1","Dropkick+1","Iron Wave+1","Sword Boomerang+1","Reckless Charge","Shrug It Off+1","Reaper+1","Uppercut+1","Shockwave+1","Body Slam+1"],"relics":["Runic Pyramid","Golden Idol","Lantern","Whetstone","Bottled Flame","FaceOfCleric","Letter Opener","Velvet Choker","Blood Vial","Mercury Hourglass","Toxic Egg 2","Unceasing Top","Philosopher\u0027s Stone","Self Forming Clay","Ice Cream","Pear","Potion Belt"],"potions_floor_usage":[22,24,31,41,46,50,50],"damage_taken":[{"damage":9,"enemies":"2 Louse","floor":1,"turns":3},{"damage":2,"enemies":"Small Slimes","floor":4,"turns":4},{"damage":0,"enemies":"Cultist","floor":5,"turns":3},{"damage":26,"enemies":"Gremlin Nob","floor":6,"turns":5},{"damage":10,"enemies":"3 Sentries","floor":13,"turns":10},{"damage":16,"enemies":"Hexaghost","floor":16,"turns":7},{"damage":4,"enemies":"Spheric Guardian","floor":18,"turns":4},{"damage":22,"enemies":"2 Thieves","floor":19,"turns":4},{"damage":12,"enemies":"Shelled Parasite and Fungi","floor":21,"turns":4},{"damage":0,"enemies":"Snecko","floor":22,"turns":4},{"damage":13,"enemies":"Gremlin Leader","floor":28,"turns":5},{"damage":24,"enemies":"Snake Plant","floor":29,"turns":3},{"damage":0,"enemies":"3 Cultists","floor":31,"turns":5},{"damage":35,"enemies":"Collector","floor":33,"turns":8},{"damage":5,"enemies":"3 Shapes","floor":35,"turns":5},{"damage":17,"enemies":"Orb Walker","floor":36,"turns":3},{"damage":0,"enemies":"Mind Bloom Boss Battle","floor":39,"turns":4},{"damage":43,"enemies":"Nemesis","floor":41,"turns":7},{"damage":0,"enemies":"Transient","floor":42,"turns":5},{"damage":14,"enemies":"3 Darklings","floor":46,"turns":5},{"damage":73,"enemies":"Donu and Deca","floor":50,"turns":7}],"seed_played":"6226302116576775837","potions_obtained":[{"floor":1,"key":"Regen Potion"},{"floor":5,"key":"SpeedPotion"},{"floor":22,"key":"Fruit Juice"},{"floor":39,"key":"BloodPotion"},{"floor":42,"key":"LiquidBronze"},{"floor":46,"key":"Regen Potion"}],"is_trial":false,"path_per_floor":["M","?","?","M","M","E","R","T","T","R","?","?","E","$","R","B",null,"M","M","$","M","M","R","?","R","T","T","E","M","?","M","R","B",null,"M","M","?","$","?","R","E","M","T","R","?","M","R","?","R","B",null],"character_chosen":"IRONCLAD","items_purchased":["Spot Weakness","Metallicize","Blood Vial","Self Forming Clay","Energy Potion"],"campfire_rested":2,"item_purchase_floors":[14,14,20,38,38],"current_hp_per_floor":[59,59,59,57,57,31,31,31,31,51,51,51,42,42,42,27,59,56,35,35,26,41,41,46,46,46,46,36,15,15,18,42,10,65,71,69,69,69,74,74,59,75,75,75,75,85,85,85,85,52],"gold":262,"neow_bonus":"BOSS_RELIC","is_prod":false,"is_daily":false,"chose_seed":false,"campfire_upgraded":8,"win_rate":0,"timestamp":1548859828,"path_taken":["M","?","?","?","M","E","R","?","T","R","?","?","E","$","R","BOSS","M","?","?","M","M","R","?","R","T","?","E","M","?","?","R","BOSS","M","M","?","$","?","R","E","?","T","R","?","M","R","?","R","BOSS"],"build_version":"2019-01-23","purchased_purges":0,"victory":true,"max_hp_per_floor":[75,68,68,68,68,68,68,68,68,68,68,68,69,69,69,70,70,71,72,72,73,74,74,79,79,79,79,80,81,81,82,82,83,83,84,85,85,85,86,86,97,98,98,98,98,99,99,99,99,100],"card_choices":[{"not_picked":["Pommel Strike","Wild Strike"],"picked":"Rage","floor":1},{"not_picked":["Headbutt","Perfected Strike","Bloodletting"],"picked":"SKIP","floor":4},{"not_picked":["Wild Strike","Clash","Pommel Strike"],"picked":"SKIP","floor":5},{"not_picked":["Fire Breathing","Clash","Dual Wield"],"picked":"SKIP","floor":6},{"not_picked":["Ghostly Armor","Dual Wield","Pommel Strike"],"picked":"SKIP","floor":13},{"not_picked":["Power Through","Flame Barrier"],"picked":"Cleave","floor":18},{"not_picked":["Carnage","Inflame"],"picked":"Dropkick+1","floor":19},{"not_picked":["Clash+1","Wild Strike"],"picked":"Iron Wave","floor":21},{"not_picked":["True Grit","Pommel Strike","Heavy Blade"],"picked":"SKIP","floor":22},{"not_picked":["Hemokinesis","Power Through+1"],"picked":"Sword Boomerang","floor":28},{"not_picked":["Brutality","Clash"],"picked":"Reckless Charge","floor":29},{"not_picked":["Body Slam","True Grit+1"],"picked":"Shrug It Off+1","floor":31},{"not_picked":["Feed","Juggernaut"],"picked":"Reaper","floor":33},{"not_picked":["Second Wind+1","Cleave+1"],"picked":"Uppercut+1","floor":35},{"not_picked":["Headbutt+1","True Grit+1","Dual Wield+1"],"picked":"SKIP","floor":36},{"not_picked":["Thunderclap","Warcry+1"],"picked":"Shockwave+1","floor":41},{"not_picked":["Flame Barrier+1","Power Through+1","Warcry+1"],"picked":"SKIP","floor":42},{"not_picked":["Havoc+1","Shockwave+1"],"picked":"Body Slam+1","floor":46}],"player_experience":490380,"relics_obtained":[{"floor":6,"key":"Lantern"},{"floor":8,"key":"Whetstone"},{"floor":9,"key":"Bottled Flame"},{"floor":13,"key":"Letter Opener"},{"floor":26,"key":"Mercury Hourglass"},{"floor":27,"key":"Toxic Egg 2"},{"floor":28,"key":"Unceasing Top"},{"floor":39,"key":"Ice Cream"},{"floor":41,"key":"Pear"},{"floor":43,"key":"Potion Belt"}],"event_choices":[{"damage_healed":0,"gold_gain":0,"player_choice":"Lose Max HP","damage_taken":0,"relics_obtained":["Golden Idol"],"max_hp_gain":0,"max_hp_loss":7,"event_name":"Golden Idol","floor":2,"gold_loss":0},{"damage_healed":0,"gold_gain":0,"player_choice":"Forge","damage_taken":0,"max_hp_gain":0,"max_hp_loss":0,"event_name":"Accursed Blacksmith","floor":3,"gold_loss":0,"cards_upgraded":["Rage"]},{"cards_removed":["Strike_R"],"damage_healed":0,"gold_gain":0,"player_choice":"Card Removal","damage_taken":0,"max_hp_gain":0,"max_hp_loss":0,"event_name":"The Cleric","floor":11,"gold_loss":75},{"damage_healed":0,"gold_gain":0,"player_choice":"Trade","damage_taken":0,"relics_obtained":["FaceOfCleric"],"max_hp_gain":0,"max_hp_loss":0,"event_name":"FaceTrader","floor":12,"gold_loss":0},{"damage_healed":0,"gold_gain":0,"player_choice":"Ignored","damage_taken":0,"max_hp_gain":0,"max_hp_loss":0,"event_name":"Beggar","floor":24,"gold_loss":0},{"damage_healed":0,"gold_gain":0,"player_choice":"Ignored","damage_taken":0,"max_hp_gain":0,"max_hp_loss":0,"event_name":"The Mausoleum","floor":30,"gold_loss":0},{"damage_healed":0,"gold_gain":0,"player_choice":"Ignored","damage_taken":0,"max_hp_gain":0,"max_hp_loss":0,"event_name":"Mysterious Sphere","floor":37,"gold_loss":0},{"damage_healed":0,"gold_gain":0,"player_choice":"Fight","damage_taken":0,"max_hp_gain":0,"max_hp_loss":0,"event_name":"MindBloom","floor":39,"gold_loss":0},{"cards_removed":["Strike_R"],"damage_healed":0,"gold_gain":0,"player_choice":"Removed Attack","damage_taken":0,"max_hp_gain":0,"max_hp_loss":0,"event_name":"Falling","floor":45,"gold_loss":0},{"damage_healed":0,"gold_gain":0,"player_choice":"Ignored","damage_taken":0,"max_hp_gain":0,"max_hp_loss":0,"event_name":"The Moai Head","floor":48,"gold_loss":0}],"is_beta":false,"boss_relics":[{"not_picked":["White Beast Statue","Orrery"],"picked":"Velvet Choker"},{"not_picked":["Black Star","Cursed Key"],"picked":"Philosopher\u0027s Stone"}],"items_purged_floors":[],"is_endless":false,"potions_floor_spawned":[1,5,19,21,22,39,42,46],"ascension_level":15}