{"path_per_floor":["M","?","$","M","?","R","?","R","T","M","R","M","E","M","R","B",null,"M","M","?","M","$","R","E","R","T","R","E","$","$","M","R","B",null,"M","M","?","M","?","R","M","R","T","$","R","E","R","M","R","B"],"character_chosen":"THE_SILENT","items_purchased":["Footwork","Terror","Backstab","Infinite Blades","Bag of Marbles"],"gold_per_floor":[117,67,29,43,43,43,43,43,43,54,54,71,103,119,119,220,220,235,246,161,179,179,179,212,212,236,236,267,13,13,32,32,131,131,143,158,158,171,171,171,191,191,191,48,48,82,82,94,94,94],"floor_reached":51,"campfire_rested":6,"playtime":2972,"current_hp_per_floor":[59,59,59,58,58,58,58,58,58,58,58,58,56,58,58,55,68,59,58,58,56,56,56,57,57,57,72,29,29,29,31,53,52,72,63,56,56,26,26,60,39,74,74,74,84,31,66,66,84,5],"items_purged":["Doubt"],"gold":94,"score":769,"play_id":"cba3a790-7f03-46ec-afdf-8efbab2ac9f0","local_time":"20180309161804","is_prod":false,"is_daily":false,"is_ascension_mode":true,"campfire_upgraded":7,"timestamp":1520612284,"path_taken":["M","?","$","M","?","R","?","R","T","?","R","M","E","M","R","BOSS","M","?","?","?","$","R","E","R","T","R","E","?","$","M","R","BOSS","M","M","?","?","?","R","M","R","T","?","R","E","R","?","R","BOSS"],"build_version":"2018-03-01-PROD1","purchased_purges":2,"victory":true,"master_deck":["Defend_G","Defend_G+1","Defend_G","Defend_G+1","Strike_G","Strike_G","Strike_G","Strike_G","Survivor+1","Neutralize+1","Noxious Fumes+1","Footwork+1","Flying Knee+1","Acrobatics","Well Laid Plans+1","Dagger Spray+1","After Image","Quick Slash+1","Infinite Blades+1","Bouncing Flask+1","Caltrops+1","Terror+1","Backstab","Infinite Blades","Expertise+1","Prepared+1","Outmaneuver+1"],"max_hp_per_floor":[70,70,70,70,70,70,70,70,70,70,70,70,70,72,72,72,72,72,72,72,72,72,72,72,72,72,72,74,74,74,76,76,78,78,80,80,80,82,82,82,84,84,84,84,84,84,84,84,84,84],"relics":["Ring of the Snake","War Paint","Singing Bowl","Kunai","Cursed Key","Bronze Scales","Orichalcum","Omamori","Shuriken","Eternal Feather","Du-Vu Doll","Bag of Marbles","Frozen Eye"],"card_choices":[{"not_picked":["Deadly Poison","All Out Attack"],"picked":"Noxious Fumes"},{"not_picked":["Slice","Masterful Stab"],"picked":"Flying Knee"},{"not_picked":["Deflect","Concentrate"],"picked":"Acrobatics"},{"not_picked":["PiercingWail","Dodge and Roll"],"picked":"Well Laid Plans"},{"not_picked":["Backflip","Flechettes"],"picked":"Dagger Spray"},{"not_picked":["Grand Finale","Tactician"],"picked":"After Image"},{"not_picked":["Outmaneuver","All Out Attack"],"picked":"Quick Slash"},{"not_picked":["Deflect","Flying Knee"],"picked":"Infinite Blades"},{"not_picked":["Wraith Form","Sucker Punch"],"picked":"Bouncing Flask"},{"not_picked":["Infinite Blades","Concentrate"],"picked":"Caltrops"},{"not_picked":["Bouncing Flask","Caltrops"],"picked":"Expertise"},{"not_picked":["Poisoned Stab","Underhanded Strike"],"picked":"Prepared"},{"not_picked":["Prepared","PiercingWail"],"picked":"Outmaneuver"}],"player_experience":232655,"potions_floor_usage":[13,13,24,28,28,48,50,50],"damage_taken":[{"damage":4,"enemies":"Jaw Worm","floor":1,"turns":5},{"damage":1,"enemies":"Small Slimes","floor":4,"turns":6},{"damage":0,"enemies":"2 Louse","floor":10,"turns":3},{"damage":0,"enemies":"Exordium Wildlife","floor":12,"turns":5},{"damage":2,"enemies":"Gremlin Nob","floor":13,"turns":4},{"damage":0,"enemies":"Looter","floor":14,"turns":4},{"damage":3,"enemies":"The Guardian","floor":16,"turns":11},{"damage":9,"enemies":"2 Thieves","floor":18,"turns":5},{"damage":1,"enemies":"Chosen","floor":19,"turns":6},{"damage":2,"enemies":"Sentry and Sphere","floor":21,"turns":6},{"damage":11,"enemies":"Book of Stabbing","floor":24,"turns":5},{"damage":45,"enemies":"Slavers","floor":28,"turns":4},{"damage":0,"enemies":"Snake Plant","floor":31,"turns":4},{"damage":3,"enemies":"Automaton","floor":33,"turns":7},{"damage":11,"enemies":"3 Shapes","floor":35,"turns":5},{"damage":7,"enemies":"Orb Walker","floor":36,"turns":4},{"damage":32,"enemies":"3 Darklings","floor":38,"turns":4},{"damage":23,"enemies":"Sphere and 2 Shapes","floor":41,"turns":5},{"damage":53,"enemies":"2 Orb Walkers","floor":46,"turns":5},{"damage":0,"enemies":"Maw","floor":48,"turns":6},{"damage":79,"enemies":"Awakened One","floor":50,"turns":10}],"event_choices":[{"event_name":"The Cleric","player_choice":"Card Removal","floor":2,"damage_taken":0},{"event_name":"Living Wall","player_choice":"Grow","floor":5,"damage_taken":0},{"event_name":"Accursed Blacksmith","player_choice":"Forge","floor":7,"damage_taken":0},{"event_name":"Addict","player_choice":"Obtained Relic","floor":20,"damage_taken":0},{"event_name":"Tomb of Lord Red Mask","player_choice":"Ignored","floor":37,"damage_taken":0}],"boss_relics":[{"not_picked":["Sozu","Velvet Choker"],"picked":"Cursed Key"},{"not_picked":["Orrery","Snecko Eye"],"picked":"Eternal Feather"}],"potions_floor_spawned":[4,10,18,21,24,35,36,46],"seed_played":"-5107893274842814452","ascension_level":9,"is_trial":false}