{"gold_per_floor":[366,366,55,69,69,69,84,100,125,125,125,125,125,166,166,297,297,282,306,330,330,348,348,21,21,21,21,0,0,25,49,49,175,175,188,204,55,55,55,55,73,73,73,111,111,134,157,157,157,157,157,157,34,69,69],"floor_reached":55,"playtime":2375,"items_purged":["Strike_B"],"score":645,"play_id":"7175a4b6-797b-4c8b-9d6e-5056fcdedba2","local_time":"20190126170008","is_ascension_mode":false,"campfire_choices":[{"data":"Zap","floor":10,"key":"SMITH"},{"floor":13,"key":"REST"},{"data":"Biased Cognition","floor":15,"key":"SMITH"},{"data":"Capacitor","floor":23,"key":"SMITH"},{"data":"Defragment","floor":25,"key":"SMITH"},{"floor":29,"key":"RECALL"},{"data":"Glacier","floor":32,"key":"SMITH"},{"data":"Coolheaded","floor":40,"key":"SMITH"},{"data":"Dualcast","floor":42,"key":"SMITH"},{"floor":49,"key":"REST"},{"data":"Reboot","floor":52,"key":"SMITH"}],"neow_cost":"TEN_PERCENT_HP_LOSS","seed_source_timestamp":2761976528897129,"circlet_count":0,"master_deck":["Strike_B","Strike_B","Defend_B","Defend_B","Defend_B","Defend_B","Zap+1","Dualcast+1","Glacier+1","Rebound+1","Cold Snap+1","Go for the Eyes+1","Biased Cognition+1","All For One+1","Blizzard+1","Coolheaded+1","Capacitor+1","Defragment+1","Compile Driver+1","Leap","Sweeping Beam+1","Glacier+1","Reboot+1","Cold Snap+1","Barrage+1","Cold Snap+1","Barrage+1","Capacitor"],"relics":["FrozenCore","Molten Egg 2","Orichalcum","Potion Belt","Golden Idol","Dream Catcher","Lee\u0027s Waffle","Sozu","Bag of Preparation","Meat on the Bone","Darkstone Periapt","Blood Vial"],"potions_floor_usage":[19,33,41,44,50],"damage_taken":[{"damage":1,"enemies":"Jaw Worm","floor":1,"turns":3},{"damage":0,"enemies":"Small Slimes","floor":4,"turns":3},{"damage":0,"enemies":"Cultist","floor":7,"turns":3},{"damage":0,"enemies":"3 Louse","floor":8,"turns":3},{"damage":4,"enemies":"Gremlin Nob","floor":14,"turns":5},{"damage":3,"enemies":"Slime Boss","floor":16,"turns":10},{"damage":4,"enemies":"2 Thieves","floor":18,"turns":4},{"damage":9,"enemies":"Chosen","floor":19,"turns":5},{"damage":2,"enemies":"Sentry and Sphere","floor":20,"turns":6},{"damage":11,"enemies":"Cultist and Chosen","floor":22,"turns":9},{"damage":1,"enemies":"Chosen and Byrds","floor":30,"turns":7},{"damage":2,"enemies":"Centurion and Healer","floor":31,"turns":6},{"damage":14,"enemies":"Collector","floor":33,"turns":15},{"damage":7,"enemies":"3 Shapes","floor":35,"turns":3},{"damage":0,"enemies":"3 Darklings","floor":36,"turns":6},{"damage":6,"enemies":"4 Shapes","floor":41,"turns":5},{"damage":22,"enemies":"Giant Head","floor":44,"turns":12},{"damage":0,"enemies":"Maw","floor":46,"turns":11},{"damage":0,"enemies":"Spire Growth","floor":47,"turns":7},{"damage":12,"enemies":"Awakened One","floor":50,"turns":17},{"damage":46,"enemies":"Shield and Spear","floor":54,"turns":8},{"damage":63,"enemies":"The Heart","floor":55,"turns":3}],"seed_played":"-7111587569645345378","potions_obtained":[{"floor":1,"key":"LiquidBronze"},{"floor":4,"key":"GamblersBrew"},{"floor":14,"key":"SteroidPotion"},{"floor":19,"key":"Fruit Juice"},{"floor":20,"key":"Explosive Potion"},{"floor":22,"key":"Poison Potion"}],"is_trial":false,"path_per_floor":["M","?","$","M","?","?","M","M","T","R","?","?","R","E","R","B",null,"M","M","M","?","M","R","$","R","T","$","?","R","M","M","R","B",null,"M","M","$","?","?","R","M","R","T","E","?","M","M","$","R","B",null,"R","$","E","B"],"character_chosen":"DEFECT","items_purchased":["Molten Egg 2","Rebound+1","Defragment","Lee\u0027s Waffle","Compile Driver+1","Leap","Bag of Preparation","Barrage+1"],"campfire_rested":2,"item_purchase_floors":[3,3,24,24,24,24,37,53],"current_hp_per_floor":[67,72,72,72,72,72,72,72,72,72,72,54,73,69,69,66,73,69,65,63,63,52,52,85,85,85,85,85,85,84,82,82,68,85,78,78,78,78,78,78,72,72,72,50,50,50,50,50,75,63,85,85,85,51,0],"gold":69,"neow_bonus":"TWO_FIFTY_GOLD","is_prod":false,"is_daily":false,"chose_seed":false,"campfire_upgraded":8,"win_rate":0,"timestamp":1548522008,"path_taken":["M","?","$","M","?","?","?","M","T","R","?","?","R","E","R","BOSS","M","M","M","?","M","R","$","R","T","?","?","R","M","M","R","BOSS","M","M","$","?","?","R","?","R","T","E","?","M","M","$","R","BOSS","R","$","E","BOSS"],"build_version":"2019-01-23","purchased_purges":1,"victory":false,"max_hp_per_floor":[68,73,73,73,73,73,73,73,73,73,73,73,73,73,73,73,73,73,78,78,78,78,78,85,85,85,85,85,85,85,85,85,85,85,85,85,85,85,85,85,85,85,85,85,85,85,85,85,85,85,85,85,85,85,85],"card_choices":[{"not_picked":["White Noise","Turbo"],"picked":"Glacier","floor":1},{"not_picked":["Steam","Leap"],"picked":"Cold Snap+1","floor":4},{"not_picked":["Scrape+1","Leap"],"picked":"Go for the Eyes+1","floor":7},{"not_picked":["Stack","Ball Lightning+1","Go for the Eyes+1"],"picked":"SKIP","floor":8},{"not_picked":["Aggregate","Reinforced Body"],"picked":"Biased Cognition","floor":14},{"not_picked":["Creative AI","Thunder Strike+1"],"picked":"All For One+1","floor":16},{"not_picked":["Compile Driver+1","Fusion"],"picked":"Blizzard+1","floor":18},{"not_picked":["Rebound+1","Self Repair","Barrage+1"],"picked":"SKIP","floor":19},{"not_picked":["Barrage+1","Loop"],"picked":"Coolheaded","floor":20},{"not_picked":["Redo","Blizzard+1"],"picked":"Capacitor","floor":22},{"not_picked":["Hologram+1","Self Repair+1"],"picked":"Sweeping Beam+1","floor":30},{"not_picked":["Scrape+1","Chaos"],"picked":"Glacier","floor":31},{"not_picked":["All For One+1","Rainbow"],"picked":"Reboot","floor":33},{"not_picked":["Steam Power","Turbo","Sunder+1"],"picked":"SKIP","floor":35},{"not_picked":["Reprogram+1","Turbo","Scrape+1"],"picked":"SKIP","floor":36},{"not_picked":["Double Energy","Coolheaded"],"picked":"Cold Snap+1","floor":41},{"not_picked":["Heatsinks+1","Rip and Tear+1","Auto Shields+1"],"picked":"SKIP","floor":44},{"not_picked":["Storm+1","Leap","Fusion"],"picked":"SKIP","floor":46},{"not_picked":["Go for the Eyes+1","Reprogram"],"picked":"Barrage+1","floor":47},{"not_picked":["Rebound+1","Steam"],"picked":"Cold Snap+1","floor":49},{"not_picked":["Machine Learning","Conserve Battery"],"picked":"Capacitor","floor":54}],"player_experience":466152,"relics_obtained":[{"floor":9,"key":"Orichalcum"},{"floor":14,"key":"Dream Catcher"},{"floor":43,"key":"Meat on the Bone"},{"floor":44,"key":"Darkstone Periapt"},{"floor":54,"key":"Blood Vial"}],"event_choices":[{"damage_healed":0,"gold_gain":0,"player_choice":"Donut","damage_taken":0,"max_hp_gain":5,"max_hp_loss":0,"event_name":"Big Fish","floor":2,"gold_loss":0},{"damage_healed":0,"gold_gain":0,"player_choice":"Ignored","damage_taken":0,"max_hp_gain":0,"max_hp_loss":0,"event_name":"Liars Game","floor":5,"gold_loss":0},{"damage_healed":0,"gold_gain":0,"player_choice":"Upgraded","damage_taken":0,"max_hp_gain":0,"max_hp_loss":0,"event_name":"Upgrade Shrine","floor":6,"gold_loss":0,"cards_upgraded":["Glacier"]},{"damage_healed":0,"gold_gain":0,"player_choice":"Searched \u00271\u0027 times","damage_taken":0,"relics_obtained":["Potion Belt"],"max_hp_gain":0,"max_hp_loss":0,"event_name":"Dead Adventurer","floor":11,"gold_loss":0},{"damage_healed":0,"gold_gain":0,"player_choice":"Take Damage","damage_taken":18,"relics_obtained":["Golden Idol"],"max_hp_gain":0,"max_hp_loss":0,"event_name":"Golden Idol","floor":12,"gold_loss":0},{"damage_healed":0,"gold_gain":0,"player_choice":"Ignored","damage_taken":0,"max_hp_gain":0,"max_hp_loss":0,"event_name":"N\u0027loth","floor":21,"gold_loss":0},{"damage_healed":0,"gold_gain":0,"player_choice":"Paid Fearfully","damage_taken":0,"max_hp_gain":0,"max_hp_loss":0,"event_name":"Masked Bandits","floor":28,"gold_loss":21},{"cards_removed":["Strike_B"],"damage_healed":0,"gold_gain":0,"player_choice":"Removed Attack","damage_taken":0,"max_hp_gain":0,"max_hp_loss":0,"event_name":"Falling","floor":38,"gold_loss":0},{"damage_healed":0,"gold_gain":0,"player_choice":"Memory 1","damage_taken":0,"max_hp_gain":0,"max_hp_loss":0,"event_name":"SensoryStone","floor":39,"gold_loss":0},{"damage_healed":0,"gold_gain":0,"player_choice":"Ignored","damage_taken":0,"max_hp_gain":0,"max_hp_loss":0,"event_name":"Mysterious Sphere","floor":45,"gold_loss":0}],"is_beta":false,"boss_relics":[{"not_picked":["Nuclear Battery","Runic Dome"],"picked":"FrozenCore"},{"not_picked":["Orrery","Pandora\u0027s Box"],"picked":"Sozu"}],"items_purged_floors":[53],"is_endless":false,"potions_floor_spawned":[1,4,14,19,20,22,44,46],"killed_by":"The Heart","ascension_level":0}