{"gold_per_floor":[14,14,26,44,63,63,126,126,126,126,145,70,84,102,102,197,197,211,211,211,231,25,25,37,37,37,49,75,87,99,125,137,149],"floor_reached":33,"playtime":1101,"items_purged":["Strike_B"],"score":274,"play_id":"f92a06b3-12ab-49b1-a3a3-2e76c4590b24","local_time":"20190427120018","is_ascension_mode":false,"campfire_choices":[{"data":"Cold Snap","floor":6,"key":"SMITH"},{"data":"Sweeping Beam","floor":10,"key":"SMITH"},{"floor":15,"key":"REST"},{"data":"Streamline","floor":23,"key":"SMITH"},{"data":"Cold Snap","floor":29,"key":"SMITH"},{"floor":32,"key":"REST"}],"neow_cost":"NO_GOLD","seed_source_timestamp":3452456187807726,"circlet_count":0,"master_deck":["Strike_B+1","Strike_B+1","Defend_B+1","Defend_B+1","Defend_B+1","Defend_B+1","Zap","Dualcast","Sweeping Beam+1","Cold Snap+1","Compile Driver","Rebound","Coolheaded","Ball Lightning","Streamline+1","Cold Snap+1","Cold Snap","Coolheaded","Pain","Doubt","Compile Driver+1","Cold Snap"],"relics":["Cracked Core","Gambling Chip","Tiny Chest","Frozen Egg 2","Cursed Key","Vajra","Du-Vu Doll","MawBank"],"potions_floor_usage":[14,14,24,33],"damage_taken":[{"damage":5,"enemies":"Small Slimes","floor":1,"turns":3},{"damage":0,"enemies":"2 Louse","floor":3,"turns":2},{"damage":6,"enemies":"Jaw Worm","floor":4,"turns":3},{"damage":4,"enemies":"Looter","floor":5,"turns":3},{"damage":39,"enemies":"Lagavulin","floor":7,"turns":7},{"damage":9,"enemies":"Exordium Wildlife","floor":11,"turns":3},{"damage":2,"enemies":"Gremlin Gang","floor":13,"turns":4},{"damage":11,"enemies":"Exordium Thugs","floor":14,"turns":4},{"damage":28,"enemies":"The Guardian","floor":16,"turns":13},{"damage":20,"enemies":"2 Thieves","floor":18,"turns":3},{"damage":2,"enemies":"Shell Parasite","floor":21,"turns":4},{"damage":3,"enemies":"3 Cultists","floor":24,"turns":4},{"damage":7,"enemies":"Sentry and Sphere","floor":28,"turns":4},{"damage":8,"enemies":"Shelled Parasite and Fungi","floor":31,"turns":5},{"damage":64,"enemies":"Collector","floor":33,"turns":10}],"seed_played":"-1572004787266760847","potions_obtained":[{"floor":1,"key":"SkillPotion"},{"floor":4,"key":"LiquidBronze"},{"floor":7,"key":"Regen Potion"},{"floor":13,"key":"Dexterity Potion"},{"floor":14,"key":"Weak Potion"},{"floor":16,"key":"Regen Potion"},{"floor":18,"key":"SpeedPotion"},{"floor":24,"key":"Strength Potion"}],"is_trial":false,"path_per_floor":["M","?","M","M","M","R","E","?","T","R","M","$","M","M","R","B",null,"M","?","?","M","$","R","M","T","T","$","M","R","?","M","R","B"],"character_chosen":"DEFECT","items_purchased":["Cold Snap","Vajra"],"campfire_rested":2,"item_purchase_floors":[22,22],"current_hp_per_floor":[70,75,75,69,65,65,26,19,19,19,10,10,8,9,33,5,80,60,60,45,43,43,43,52,52,52,52,45,45,45,37,62,0],"gold":149,"neow_bonus":"ONE_RARE_RELIC","is_prod":false,"is_daily":false,"chose_seed":false,"campfire_upgraded":4,"win_rate":0,"timestamp":1556362818,"path_taken":["M","?","M","M","M","R","E","?","T","R","M","$","M","M","R","BOSS","M","?","?","M","?","R","?","?","T","$","M","R","?","M","R","BOSS"],"build_version":"2019-01-23","purchased_purges":1,"victory":false,"max_hp_per_floor":[75,80,80,80,80,80,80,80,80,80,80,80,80,80,80,80,80,80,80,85,85,85,85,85,85,85,85,85,85,85,85,85,85],"card_choices":[{"not_picked":["Glacier","Hologram"],"picked":"Sweeping Beam","floor":1},{"not_picked":["Stack","Redo"],"picked":"Cold Snap","floor":3},{"not_picked":["Tempest","Steam Power","Recycle"],"picked":"SKIP","floor":4},{"not_picked":["Fusion","Stack","BootSequence"],"picked":"SKIP","floor":5},{"not_picked":["Hello World","Force Field"],"picked":"Compile Driver","floor":7},{"not_picked":["Sweeping Beam","Hello World+1"],"picked":"Rebound","floor":11},{"not_picked":["All For One","Darkness"],"picked":"Coolheaded","floor":13},{"not_picked":["Leap","Cold Snap"],"picked":"Ball Lightning","floor":14},{"not_picked":["White Noise","Beam Cell"],"picked":"Streamline","floor":18},{"not_picked":["Hologram","Sweeping Beam"],"picked":"Cold Snap","floor":21},{"not_picked":["Compile Driver","Sweeping Beam"],"picked":"Coolheaded","floor":24},{"not_picked":["Beam Cell","Sweeping Beam"],"picked":"Compile Driver+1","floor":28},{"not_picked":["Tempest","Leap"],"picked":"Cold Snap","floor":31}],"player_experience":691129,"relics_obtained":[{"floor":7,"key":"Tiny Chest"},{"floor":9,"key":"Frozen Egg 2"},{"floor":25,"key":"Du-Vu Doll"},{"floor":26,"key":"MawBank"}],"event_choices":[{"damage_healed":0,"gold_gain":0,"player_choice":"Donut","damage_taken":0,"max_hp_gain":5,"max_hp_loss":0,"event_name":"Big Fish","floor":2,"gold_loss":0},{"cards_removed":["Strike_B"],"damage_healed":0,"gold_gain":0,"player_choice":"Card Removal","damage_taken":7,"max_hp_gain":0,"max_hp_loss":0,"event_name":"Golden Wing","floor":8,"gold_loss":0},{"damage_healed":0,"gold_gain":0,"player_choice":"Simplicity","damage_taken":0,"max_hp_gain":0,"max_hp_loss":0,"event_name":"Back to Basics","floor":19,"gold_loss":0,"cards_upgraded":["Strike_B","Strike_B","Defend_B","Defend_B","Defend_B","Defend_B"]},{"damage_healed":0,"gold_gain":0,"player_choice":"Shed Blood","damage_taken":20,"max_hp_gain":5,"max_hp_loss":0,"event_name":"Forgotten Altar","floor":20,"gold_loss":0},{"damage_healed":0,"gold_gain":0,"player_choice":"0 cards matched","damage_taken":0,"max_hp_gain":0,"max_hp_loss":0,"event_name":"Match and Keep!","floor":30,"gold_loss":0,"cards_obtained":[]}],"is_beta":false,"boss_relics":[{"not_picked":["Eternal Feather","Lizard Tail"],"picked":"Cursed Key"}],"items_purged_floors":[12],"is_endless":false,"potions_floor_spawned":[1,4,7,13,14,16,18,21,24],"killed_by":"Collector","ascension_level":0}