{"gold_per_floor":[15,15,15,33,33,33,44,70,70,23,23,23,49,81,93,204,216,247,259,271,301,61,61,61,72,72,72,72,22,22,41,41,41],"floor_reached":33,"playtime":868,"items_purged":[],"score":377,"play_id":"2e19c831-da55-44cf-a763-52d61f11c98b","local_time":"20190114220636","is_ascension_mode":true,"campfire_choices":[{"data":"Spot Weakness","floor":6,"key":"SMITH"},{"floor":12,"key":"REST"},{"floor":15,"key":"REST"},{"floor":23,"key":"REST"},{"floor":24,"key":"REST"},{"data":"Double Tap","floor":27,"key":"SMITH"},{"data":"Immolate","floor":30,"key":"SMITH"},{"floor":32,"key":"REST"}],"neow_cost":"NO_GOLD","seed_source_timestamp":1745027522343561,"circlet_count":0,"master_deck":["AscendersBane","Strike_R","Strike_R","Defend_R","Defend_R","Defend_R","Defend_R","Bash","Spot Weakness+1","Immolate+1","Double Tap+1","Shockwave+1","Iron Wave+1","Clash+1","Battle Trance","Heavy Blade+1","Battle Trance","Shrug It Off"],"relics":["Burning Blood","WingedGreaves","Blue Candle","Pear","Mummified Hand","MawBank","Astrolabe","Molten Egg 2","Dream Catcher"],"potions_floor_usage":[13,25,25,31,33],"damage_taken":[{"damage":9,"enemies":"Jaw Worm","floor":1,"turns":4},{"damage":10,"enemies":"2 Louse","floor":4,"turns":4},{"damage":2,"enemies":"Cultist","floor":7,"turns":3},{"damage":52,"enemies":"Lagavulin","floor":8,"turns":6},{"damage":45,"enemies":"Gremlin Nob","floor":13,"turns":5},{"damage":10,"enemies":"3 Louse","floor":14,"turns":3},{"damage":31,"enemies":"Slime Boss","floor":16,"turns":9},{"damage":53,"enemies":"Spheric Guardian","floor":18,"turns":6},{"damage":4,"enemies":"Chosen","floor":21,"turns":3},{"damage":25,"enemies":"Snake Plant","floor":25,"turns":2},{"damage":36,"enemies":"Centurion and Healer","floor":31,"turns":5},{"damage":97,"enemies":"Champ","floor":33,"turns":8}],"seed_played":"772532722682456779","potions_obtained":[{"floor":8,"key":"Dexterity Potion"},{"floor":14,"key":"LiquidBronze"},{"floor":18,"key":"Regen Potion"},{"floor":19,"key":"Explosive Potion"},{"floor":25,"key":"BloodPotion"}],"is_trial":false,"path_per_floor":["M","?","$","M","$","R","M","E","T","?","?","R","E","M","R","B",null,"M","?","$","M","$","R","R","M","T","R","?","$","R","M","R","B"],"character_chosen":"IRONCLAD","items_purchased":["Molten Egg 2","Heavy Blade+1"],"campfire_rested":5,"item_purchase_floors":[22,29],"current_hp_per_floor":[69,69,69,65,65,65,69,33,33,33,33,60,21,17,44,19,72,25,25,25,27,27,54,81,62,62,62,62,62,62,41,68,0],"gold":41,"neow_bonus":"ONE_RARE_RELIC","is_prod":false,"is_daily":false,"chose_seed":false,"campfire_upgraded":3,"win_rate":0,"timestamp":1547503596,"path_taken":["M","?","?","M","$","R","M","E","T","?","?","R","E","M","R","BOSS","M","?","$","M","$","R","R","?","T","R","?","?","R","?","R","BOSS"],"build_version":"2019-01-10","purchased_purges":0,"victory":false,"max_hp_per_floor":[80,80,80,80,80,80,80,90,90,90,90,90,90,90,90,90,90,90,90,90,90,90,90,90,90,90,90,90,90,90,90,90,90],"card_choices":[{"not_picked":["Armaments","Disarm","Headbutt"],"picked":"SKIP","floor":1},{"not_picked":["Infernal Blade","Sword Boomerang"],"picked":"Spot Weakness","floor":4},{"not_picked":["Evolve","True Grit","Fire Breathing"],"picked":"SKIP","floor":7},{"not_picked":["Cleave","Hemokinesis"],"picked":"Immolate","floor":8},{"not_picked":["True Grit","Infernal Blade","Rupture"],"picked":"SKIP","floor":13},{"not_picked":["Wild Strike","Body Slam","Warcry"],"picked":"SKIP","floor":14},{"not_picked":["Reaper","Limit Break"],"picked":"Double Tap","floor":16},{"not_picked":["Sentinel+1","Burning Pact"],"picked":"Battle Trance","floor":18},{"not_picked":["Uppercut","Body Slam","Warcry"],"picked":"SKIP","floor":21},{"not_picked":["True Grit","Evolve","Sentinel+1"],"picked":"SKIP","floor":25},{"not_picked":["Feel No Pain","Armaments+1"],"picked":"Battle Trance","floor":31},{"not_picked":["True Grit","Wild Strike+1"],"picked":"Shrug It Off","floor":32}],"player_experience":309425,"relics_obtained":[{"floor":8,"key":"Pear"},{"floor":9,"key":"Mummified Hand"},{"floor":13,"key":"MawBank"},{"floor":26,"key":"Dream Catcher"}],"event_choices":[{"damage_healed":0,"gold_gain":0,"player_choice":"Box","damage_taken":0,"relics_obtained":["Blue Candle"],"max_hp_gain":0,"max_hp_loss":0,"event_name":"Big Fish","floor":2,"gold_loss":0,"cards_obtained":["Regret"]},{"damage_healed":0,"gold_gain":0,"player_choice":"Left Gold","damage_taken":0,"max_hp_gain":0,"max_hp_loss":0,"event_name":"World of Goop","floor":10,"gold_loss":47},{"damage_healed":0,"gold_gain":0,"player_choice":"Ignored","damage_taken":0,"max_hp_gain":0,"max_hp_loss":0,"event_name":"Liars Game","floor":11,"gold_loss":0},{"damage_healed":0,"gold_gain":0,"player_choice":"Got Potions","damage_taken":0,"max_hp_gain":0,"max_hp_loss":0,"event_name":"Lab","floor":19,"gold_loss":0},{"cards_removed":["Regret"],"damage_healed":0,"gold_gain":0,"player_choice":"Removed Curses","damage_taken":0,"max_hp_gain":0,"max_hp_loss":0,"event_name":"Fountain of Cleansing","floor":28,"gold_loss":0}],"is_beta":false,"boss_relics":[{"not_picked":["Velvet Choker","Runic Dome"],"picked":"Astrolabe"}],"items_purged_floors":[],"is_endless":false,"potions_floor_spawned":[8,14,18,25],"killed_by":"Champ","ascension_level":10}