{"path_per_floor":["M","M","?","$","$","R","$","?","T","M","?","?","E","$","R","B",null,"M","?","M","M","?","R","?","M","T","M","M","?","M","$","R"],"character_chosen":"DEFECT","items_purchased":["Defragment","DataDisk","Runic Capacitor","Deep Breath+1","Magnetism","Seek+1"],"gold_per_floor":[144,189,189,189,45,45,45,45,120,169,169,119,217,67,67,392,392,441,541,590,639,639,639,554,603,603,652,701,701,750,11,11,11],"floor_reached":33,"campfire_rested":4,"playtime":1181,"item_purchase_floors":[5,14,31,31,31,31],"current_hp_per_floor":[74,74,56,56,56,75,75,80,80,73,73,73,42,42,66,65,80,80,80,70,64,64,85,85,73,73,53,53,53,53,53,78,0],"items_purged":["Strike_B","Strike_B"],"gold":11,"score":295,"play_id":"e336faf9-5ef3-4275-a15e-7b03f542a194","local_time":"20180608173508","daily_mods":["Specialized","Midas","Time Dilation"],"is_prod":false,"is_daily":true,"chose_seed":false,"is_ascension_mode":false,"campfire_upgraded":0,"win_rate":0,"timestamp":1528475708,"campfire_choices":[{"floor":6,"key":"REST"},{"floor":15,"key":"REST"},{"floor":23,"key":"REST"},{"floor":32,"key":"REST"}],"path_taken":["M","M","?","?","$","R","$","?","T","?","?","?","E","$","R","BOSS","M","?","M","M","?","R","?","M","T","M","?","?","M","$","R","BOSS"],"build_version":"2018-06-07","seed_source_timestamp":0,"purchased_purges":2,"victory":false,"master_deck":["Defend_B","Defend_B","Defend_B","Defend_B","Zap","Dualcast","Electrodynamics","Electrodynamics","Electrodynamics","Electrodynamics","Electrodynamics","Melter","Storm","Defragment+1","Redo+1","Amplify+1","Leap+1","Beam Cell","Multi-Cast+1","Deep Breath+1","Magnetism","Seek+1"],"max_hp_per_floor":[75,75,75,75,75,75,75,80,80,80,80,80,80,80,80,80,80,80,80,80,85,85,85,85,85,85,85,85,85,85,85,85,85],"relics":["Cracked Core","Golden Idol","Pantograph","Toxic Egg 2","DataDisk","Velvet Choker","Art of War","Ginger","Shuriken","Runic Capacitor"],"card_choices":[{"not_picked":["Compile Driver","Cold Snap"],"picked":"Melter","floor":1},{"not_picked":["Beam Cell","Compile Driver"],"picked":"Storm","floor":2},{"not_picked":["Cold Snap","Gash","Steam Power"],"picked":"SKIP","floor":10},{"not_picked":["All For One","Hyperbeam"],"picked":"Redo","floor":13},{"not_picked":["Hyperbeam","Rainbow+1"],"picked":"Amplify+1","floor":16},{"not_picked":["Hologram+1","Cold Snap"],"picked":"Leap+1","floor":18},{"not_picked":["Beam Cell","Turbo+1","Chill+1"],"picked":"SKIP","floor":20},{"not_picked":["Gash+1","Leap+1","Streamline"],"picked":"SKIP","floor":21},{"not_picked":["Coolheaded+1","Leap+1","Fusion+1"],"picked":"SKIP","floor":25},{"not_picked":["Aggregate+1","Redo+1","Cold Snap"],"picked":"SKIP","floor":27},{"not_picked":["Scrape","Leap+1","Chaos+1"],"picked":"SKIP","floor":28},{"not_picked":["Glacier+1","Steam+1"],"picked":"Multi-Cast+1","floor":30}],"player_experience":277849,"potions_floor_usage":[21,33,33],"damage_taken":[{"damage":1,"enemies":"Cultist","floor":1,"turns":3},{"damage":0,"enemies":"2 Louse","floor":2,"turns":1},{"damage":7,"enemies":"Small Slimes","floor":10,"turns":2},{"damage":31,"enemies":"Lagavulin","floor":13,"turns":5},{"damage":15,"enemies":"The Guardian","floor":16,"turns":6},{"damage":0,"enemies":"Chosen","floor":18,"turns":3},{"damage":10,"enemies":"3 Byrds","floor":20,"turns":2},{"damage":11,"enemies":"Snake Plant","floor":21,"turns":3},{"damage":12,"enemies":"Slaver and Parasite","floor":25,"turns":2},{"damage":20,"enemies":"Centurion and Healer","floor":27,"turns":3},{"damage":0,"enemies":"3 Cultists","floor":28,"turns":2},{"damage":0,"enemies":"Snake Plant","floor":30,"turns":2},{"damage":93,"enemies":"Champ","floor":33,"turns":7}],"relics_obtained":[{"floor":9,"key":"Pantograph"},{"floor":13,"key":"Toxic Egg 2"},{"floor":26,"key":"Shuriken"}],"event_choices":[{"event_name":"Golden Idol","player_choice":"Take Damage","floor":3,"damage_taken":0},{"event_name":"Big Fish","player_choice":"Donut","floor":8,"damage_taken":0},{"event_name":"Living Wall","player_choice":"Grow","floor":11,"damage_taken":0},{"event_name":"The Cleric","player_choice":"Card Removal","floor":12,"damage_taken":0},{"event_name":"Golden Shrine","player_choice":"Pray","floor":19,"damage_taken":0},{"event_name":"The Mausoleum","player_choice":"Yes","floor":22,"damage_taken":0},{"event_name":"Addict","player_choice":"Obtained Relic","floor":24,"damage_taken":0},{"event_name":"Transmorgrifier","player_choice":"Transform","floor":29,"damage_taken":0}],"boss_relics":[{"not_picked":["Busted Crown","Orrery"],"picked":"Velvet Choker"}],"items_purged_floors":[5,31],"potions_floor_spawned":[2,13,18,20,21,28,30],"seed_played":"-2409088256210812940","killed_by":"Champ","ascension_level":0,"potions_obtained":[{"floor":2,"key":"Regen Potion"},{"floor":13,"key":"Energy Potion"},{"floor":18,"key":"FearPotion"},{"floor":20,"key":"Fruit Juice"},{"floor":21,"key":"Fire Potion"}],"is_trial":false}