{"path_per_floor":["M","?","$","?","M","E","R","M","T","E","?","M","E","M","R","B",null,"M","$","M","?","?","E","M","E","T","M","?","R","?","M","R","B",null,"M","$","?","?","?"],"character_chosen":"IRONCLAD","items_purchased":["Calipers","Disarm"],"gold_per_floor":[114,114,114,64,79,109,109,124,149,179,179,198,236,255,255,380,380,369,35,54,54,254,292,311,349,349,368,368,368,368,387,387,512,512,531,531,531,631,631,631],"floor_reached":40,"campfire_rested":2,"playtime":1972,"current_hp_per_floor":[78,77,76,75,74,73,72,71,70,69,52,58,64,65,64,63,62,61,60,59,58,57,56,42,22,22,18,18,50,50,29,53,25,51,26,26,26,26,20,0],"items_purged":[],"gold":631,"score":643,"play_id":"7e7f31ff-6049-45e9-afd5-8e07532eac4b","local_time":"20180322015326","daily_mods":["Diverse","Terminal","Hoarder"],"is_prod":false,"is_daily":true,"is_ascension_mode":false,"campfire_upgraded":2,"timestamp":1521705206,"path_taken":["M","?","$","?","M","E","R","M","T","E","?","M","E","M","R","BOSS","M","$","M","?","?","E","M","E","T","M","?","R","?","M","R","BOSS","M","$","?","?","?","E"],"build_version":"2018-03-20","purchased_purges":0,"victory":false,"master_deck":["Strike_R","Strike_R","Strike_R","Strike_R","Strike_R+1","Defend_R","Defend_R","Defend_R","Defend_R","Bash+1","Noxious Fumes+1","Noxious Fumes","Noxious Fumes","Dash","Dash","Dash","Entrench+1","Entrench+1","Battle Trance+1","Battle Trance","Battle Trance","Metallicize","Metallicize","Metallicize","Barricade+1","Barricade","Barricade","Disarm","Disarm","Disarm+1","Feed","Feed","Feed","Body Slam","Body Slam","Body Slam","Pain","Pain","Pain","Madness","Madness","Madness","Madness","Madness","Madness"],"max_hp_per_floor":[78,77,76,75,74,73,72,71,70,69,68,67,66,65,64,63,62,61,60,59,58,57,56,55,60,59,58,57,56,55,54,53,52,51,50,49,48,47,46,46],"relics":["Burning Blood","Juzu Bracelet","Vajra","Regal Pillow","Golden Idol","Whetstone","Cursed Key","Calipers","War Paint","Bottled Flame","Magic Flower","Eternal Feather"],"card_choices":[{"not_picked":["Warcry","Sword Boomerang"],"picked":"Entrench","floor":1},{"not_picked":["Rupture","Thunderclap"],"picked":"Battle Trance","floor":6},{"not_picked":["Flex","Wild Strike"],"picked":"Metallicize","floor":10},{"not_picked":["Limit Break","Berserk"],"picked":"Barricade","floor":16},{"not_picked":["Inflame","Hemokinesis"],"picked":"Feed","floor":24},{"not_picked":["Armaments","Power Through"],"picked":"Body Slam","floor":25}],"player_experience":248773,"potions_floor_usage":[16,24,25,25,27,33],"damage_taken":[{"damage":0,"enemies":"2 Louse","floor":1,"turns":3},{"damage":0,"enemies":"Jaw Worm","floor":5,"turns":4},{"damage":0,"enemies":"3 Sentries","floor":6,"turns":7},{"damage":0,"enemies":"Cultist","floor":8,"turns":4},{"damage":0,"enemies":"Gremlin Nob","floor":10,"turns":5},{"damage":0,"enemies":"Blue Slaver","floor":12,"turns":4},{"damage":0,"enemies":"3 Sentries","floor":13,"turns":7},{"damage":1,"enemies":"3 Louse","floor":14,"turns":5},{"damage":1,"enemies":"Hexaghost","floor":16,"turns":9},{"damage":2,"enemies":"2 Thieves","floor":18,"turns":5},{"damage":0,"enemies":"Spheric Guardian","floor":20,"turns":8},{"damage":0,"enemies":"Book of Stabbing","floor":23,"turns":8},{"damage":20,"enemies":"3 Cultists","floor":24,"turns":7},{"damage":32,"enemies":"Slavers","floor":25,"turns":8},{"damage":13,"enemies":"Centurion and Healer","floor":27,"turns":13},{"damage":30,"enemies":"Chosen and Byrds","floor":31,"turns":7},{"damage":37,"enemies":"Automaton","floor":33,"turns":10},{"damage":34,"enemies":"3 Darklings","floor":35,"turns":6},{"damage":53,"enemies":"Giant Head","floor":40,"turns":9}],"event_choices":[{"event_name":"Living Wall","player_choice":"Grow","floor":2,"damage_taken":0},{"event_name":"The Cleric","player_choice":"Card Removal","floor":4,"damage_taken":0},{"event_name":"Golden Idol","player_choice":"Take Damage","floor":11,"damage_taken":0},{"event_name":"Vampires","player_choice":"Ignored","floor":21,"damage_taken":0},{"event_name":"The Joust","player_choice":"Bet on Owner","floor":22,"damage_taken":0},{"event_name":"Upgrade Shrine","player_choice":"Upgraded","floor":28,"damage_taken":0},{"event_name":"Drug Dealer","player_choice":"Ignored","floor":30,"damage_taken":0},{"event_name":"Mysterious Sphere","player_choice":"Ignore","floor":37,"damage_taken":0},{"event_name":"Golden Shrine","player_choice":"Pray","floor":38,"damage_taken":0},{"event_name":"Winding Halls","player_choice":"Embrace Madness","floor":39,"damage_taken":0}],"boss_relics":[{"not_picked":["Runic Pyramid","Black Blood"],"picked":"Cursed Key"},{"not_picked":["White Beast Statue","Pandora\u0027s Box"],"picked":"Eternal Feather"}],"potions_floor_spawned":[5,6,8,14,24,25,31],"seed_played":"7321977595555922760","killed_by":"Giant Head","ascension_level":0,"is_trial":false}