{"gold_per_floor":[114,289,307,324,342,375,24,24,78,91,91,103,123,123],"floor_reached":14,"playtime":537,"items_purged":["Doubt"],"score":122,"play_id":"05be9a16-0142-4f4e-bc8a-bcc61b787d4f","local_time":"20180710180320","is_ascension_mode":true,"campfire_choices":[{"floor":8,"key":"REST"}],"neow_cost":"NONE","seed_source_timestamp":1913336906172,"circlet_count":0,"master_deck":["Strike_B","Strike_B","Strike_B","Defend_B","Defend_B","Defend_B","Zap","Dualcast","Go for the Eyes","Gash","Ball Lightning","FTL","Loop","Go for the Eyes","Defragment","Steam","Steam","Fusion","Conserve Battery"],"relics":["Empty Cage","Cables","Oddly Smooth Stone","Regal Pillow"],"potions_floor_usage":[13,13,14,14],"damage_taken":[{"damage":20,"enemies":"Small Slimes","floor":1,"turns":5},{"damage":3,"enemies":"Jaw Worm","floor":3,"turns":6},{"damage":0,"enemies":"Cultist","floor":4,"turns":3},{"damage":6,"enemies":"3 Louse","floor":5,"turns":4},{"damage":34,"enemies":"3 Sentries","floor":6,"turns":8},{"damage":14,"enemies":"Lots of Slimes","floor":10,"turns":4},{"damage":6,"enemies":"Blue Slaver","floor":12,"turns":4},{"damage":6,"enemies":"3 Louse","floor":13,"turns":4},{"damage":7,"enemies":"Gremlin Gang","floor":14,"turns":1}],"seed_played":"-1168500786628862512","potions_obtained":[{"floor":6,"key":"FocusPotion"},{"floor":10,"key":"FocusPotion"},{"floor":11,"key":"Energy Potion"},{"floor":11,"key":"SpeedPotion"},{"floor":13,"key":"SteroidPotion"}],"is_trial":false,"path_per_floor":["M","?","M","M","M","E","$","R","T","M","?","M","M"],"character_chosen":"DEFECT","items_purchased":["Go for the Eyes","Defragment","Oddly Smooth Stone","Steam"],"campfire_rested":1,"item_purchase_floors":[7,7,7,7],"current_hp_per_floor":[48,48,45,45,39,5,5,27,27,13,13,7,1,0],"gold":123,"neow_bonus":"BOSS_RELIC","is_prod":false,"is_daily":false,"chose_seed":false,"campfire_upgraded":0,"win_rate":0,"timestamp":1531267400,"path_taken":["M","?","M","M","?","E","$","R","T","M","?","M","M","M"],"build_version":"2018-07-09","purchased_purges":1,"victory":false,"max_hp_per_floor":[75,75,75,75,75,75,75,75,75,75,75,75,75,75],"card_choices":[{"not_picked":["Leap","Gash"],"picked":"Go for the Eyes","floor":1},{"not_picked":["Coolheaded","Ball Lightning"],"picked":"Gash","floor":3},{"not_picked":["Chaos","White Noise"],"picked":"Ball Lightning","floor":4},{"not_picked":["Steam Power","Reboot"],"picked":"FTL","floor":5},{"not_picked":["Barrage","Stack"],"picked":"Loop","floor":6},{"not_picked":["Compile Driver","Redo"],"picked":"Steam","floor":10},{"not_picked":["Melter","Barrage"],"picked":"Fusion","floor":12},{"not_picked":["Chill","Streamline"],"picked":"Conserve Battery","floor":13}],"player_experience":456856,"relics_obtained":[{"floor":6,"key":"Cables"},{"floor":9,"key":"Regal Pillow"}],"event_choices":[{"event_name":"Liars Game","player_choice":"agreed","floor":2,"damage_taken":0},{"event_name":"The Lab","player_choice":"Got Potions","floor":11,"damage_taken":0}],"boss_relics":[],"items_purged_floors":[7],"is_endless":false,"potions_floor_spawned":[6,10,13],"killed_by":"Gremlin Gang","ascension_level":6}