{"gold_per_floor":[368,141,153,153,51,51,51,15,15,15,28,28,42,52,52,123,123,135,135,146,156,168,168,168],"floor_reached":24,"playtime":926,"items_purged":[],"score":338,"play_id":"2309251d-1663-4daf-936d-83b1964deab4","local_time":"20190201181603","is_ascension_mode":true,"campfire_choices":[{"data":"Finesse","floor":6,"key":"SMITH"},{"data":"Defend_R","floor":15,"key":"SMITH"},{"floor":23,"key":"REST"}],"neow_cost":"PERCENT_DAMAGE","seed_source_timestamp":0,"circlet_count":0,"master_deck":["AscendersBane","Strike_R","Strike_R","Strike_R","Strike_R","Strike_R","Defend_R","Defend_R","Defend_R+1","Defend_R+1","Bash+1","Finesse+1","Leap","Gash","Predator","All For One","Armaments"],"special_seed":0,"relics":["Burning Blood","PrismaticShard","Pantograph","Du-Vu Doll","Velvet Choker"],"potions_floor_usage":[16,21,22,22],"damage_taken":[{"damage":0.0,"enemies":"2 Louse","floor":1.0,"turns":2.0},{"damage":10,"enemies":"Small Slimes","floor":3,"turns":3},{"damage":2,"enemies":"Cultist","floor":11,"turns":3},{"damage":7,"enemies":"Exordium Wildlife","floor":13,"turns":5},{"damage":2,"enemies":"Looter","floor":14,"turns":3},{"damage":41,"enemies":"The Guardian","floor":16,"turns":12},{"damage":6,"enemies":"Shell Parasite","floor":18,"turns":6},{"damage":7,"enemies":"3 Byrds","floor":20,"turns":6},{"damage":57,"enemies":"3 Cultists","floor":21,"turns":8},{"damage":7,"enemies":"Shelled Parasite and Fungi","floor":22,"turns":5},{"damage":36,"enemies":"Slavers","floor":24,"turns":3}],"seed_played":"-401852722436359252","potions_obtained":[{"floor":13,"key":"FearPotion"},{"floor":16,"key":"Weak Potion"},{"floor":19,"key":"Ancient Potion"},{"floor":21,"key":"AttackPotion"}],"is_trial":false,"path_per_floor":["M","$","M","?","$","R","?","?","T","$","M","?","M","M","R","B",null,"M","?","M","M","M","R","E"],"character_chosen":"IRONCLAD","items_purchased":["PrismaticShard","Finesse"],"campfire_rested":1,"item_purchase_floors":[2,5],"current_hp_per_floor":[56,56,52,29,29,29,29,29,29,29,33,28,27,31,31,21,62,62,62,61,10,9,31,0],"gold":168,"neow_bonus":"TWO_FIFTY_GOLD","is_prod":false,"is_daily":false,"chose_seed":false,"campfire_upgraded":2,"win_rate":0,"timestamp":1549044963,"path_taken":["M","$","M","?","$","R","?","?","T","$","M","?","M","M","R","BOSS","M","?","M","?","M","R","E"],"build_version":"2019-01-23","purchased_purges":0,"victory":false,"max_hp_per_floor":[75,75,75,75,75,75,75,75,75,75,75,75,75,75,75,75,75,75,75,75,75,75,75,75],"card_choices":[{"not_picked":["Flex","True Grit","Sword Boomerang"],"picked":"SKIP","floor":1.0},{"not_picked":["Compile Driver","Intimidate","Deadly Poison"],"picked":"SKIP","floor":3},{"not_picked":["Lockon","Sentinel"],"picked":"Leap","floor":11},{"not_picked":["Headbutt","Havoc"],"picked":"Gash","floor":13},{"not_picked":["Noxious Fumes","Armaments"],"picked":"Predator","floor":14},{"not_picked":["Bullet Time","Electrodynamics"],"picked":"All For One","floor":16},{"not_picked":["Warcry","Dodge and Roll","Deadly Poison"],"picked":"SKIP","floor":18},{"not_picked":["Beam Cell","Havoc","Corruption"],"picked":"SKIP","floor":20},{"not_picked":["Finisher","Turbo"],"picked":"Armaments","floor":21},{"not_picked":["Well Laid Plans","Quick Slash","Seek"],"picked":"SKIP","floor":22}],"player_experience":505193,"relics_obtained":[{"floor":9,"key":"Pantograph"}],"event_choices":[{"damage_healed":0,"gold_gain":0,"player_choice":"Entered Light","damage_taken":23,"max_hp_gain":0,"max_hp_loss":0,"event_name":"Shining Light","floor":4,"gold_loss":0,"cards_upgraded":["Defend_R","Bash"]},{"damage_healed":0,"gold_gain":0,"player_choice":"Ignored","damage_taken":0,"max_hp_gain":0,"max_hp_loss":0,"event_name":"Liars Game","floor":7,"gold_loss":0},{"damage_healed":0,"gold_gain":0,"player_choice":"Left Gold","damage_taken":0,"max_hp_gain":0,"max_hp_loss":0,"event_name":"World of Goop","floor":8,"gold_loss":36},{"damage_healed":0,"gold_gain":0,"player_choice":"Success","damage_taken":5,"relics_obtained":["Du-Vu Doll"],"max_hp_gain":0,"max_hp_loss":0,"event_name":"Scrap Ooze","floor":12,"gold_loss":0},{"damage_healed":0,"gold_gain":0,"player_choice":"Got Potions","damage_taken":0,"max_hp_gain":0,"max_hp_loss":0,"event_name":"Lab","floor":19,"gold_loss":0}],"is_beta":false,"boss_relics":[{"not_picked":["Snecko Eye","Calling Bell"],"picked":"Velvet Choker"}],"items_purged_floors":[],"is_endless":false,"potions_floor_spawned":[13,16,20,21],"killed_by":"Slavers","ascension_level":16}