{"gold_per_floor":[218,218,218,368,115,115,115,131,131,145,176,176,215,231,231,231],"floor_reached":16,"playtime":631,"items_purged":["Doubt"],"score":205,"play_id":"4047f3d0-8a26-4bbb-9bf9-fab44e025f59","local_time":"20180908210613","is_ascension_mode":true,"campfire_choices":[{"floor":6,"key":"REST"},{"data":"Seeing Red","floor":12,"key":"SMITH"},{"floor":15,"key":"REST"}],"neow_cost":"NONE","seed_source_timestamp":2097582792543225,"circlet_count":0,"master_deck":["Strike_R+1","Strike_R","Strike_R","Strike_R","Strike_R","Defend_R","Defend_R","Defend_R+1","Defend_R","Bash","AscendersBane","Seeing Red+1","Flex","Pommel Strike","Inflame+1","Fire Breathing+1"],"relics":["Burning Blood","Golden Idol","Regal Pillow","Frozen Egg 2","Mercury Hourglass","Omamori"],"potions_floor_usage":[11,16],"damage_taken":[{"damage":3,"enemies":"2 Louse","floor":1,"turns":4},{"damage":0,"enemies":"Jaw Worm","floor":8,"turns":4},{"damage":11,"enemies":"Cultist","floor":10,"turns":4},{"damage":22,"enemies":"3 Sentries","floor":11,"turns":5},{"damage":33,"enemies":"Gremlin Nob","floor":13,"turns":4},{"damage":0,"enemies":"2 Fungi Beasts","floor":14,"turns":3},{"damage":58,"enemies":"Hexaghost","floor":16,"turns":9}],"seed_played":"-4360002429205411773","potions_obtained":[{"floor":10,"key":"PowerPotion"},{"floor":14,"key":"SkillPotion"}],"is_trial":false,"path_per_floor":["M","?","?","?","$","R","?","M","T","M","E","R","E","M","R"],"character_chosen":"IRONCLAD","items_purchased":["Regal Pillow"],"campfire_rested":2,"item_purchase_floors":[5],"current_hp_per_floor":[71,48,22,22,22,59,55,61,61,56,40,40,13,19,56,0],"gold":231,"neow_bonus":"HUNDRED_GOLD","is_prod":false,"is_daily":false,"chose_seed":false,"campfire_upgraded":1,"win_rate":0,"timestamp":1536437173,"path_taken":["M","?","?","?","$","R","?","M","T","M","E","R","E","M","R","BOSS"],"build_version":"2018-09-06","purchased_purges":1,"victory":false,"max_hp_per_floor":[75,75,75,75,75,75,75,75,75,75,75,75,75,75,75,75],"card_choices":[{"not_picked":["Havoc","Sword Boomerang"],"picked":"Seeing Red","floor":1},{"not_picked":["Heavy Blade","Warcry"],"picked":"Flex","floor":8},{"not_picked":["Carnage","Ghostly Armor"],"picked":"Pommel Strike","floor":10},{"not_picked":["Headbutt","Impervious","Sword Boomerang"],"picked":"SKIP","floor":11},{"not_picked":["Burning Pact","Intimidate"],"picked":"Inflame+1","floor":13},{"not_picked":["Armaments","Corruption+1"],"picked":"Fire Breathing+1","floor":14}],"player_experience":322823,"relics_obtained":[{"floor":9,"key":"Frozen Egg 2"},{"floor":11,"key":"Mercury Hourglass"},{"floor":13,"key":"Omamori"}],"event_choices":[{"event_name":"Shining Light","player_choice":"Entered Light","floor":2,"damage_taken":0},{"event_name":"Golden Idol","player_choice":"Take Damage","floor":3,"damage_taken":0},{"event_name":"Liars Game","player_choice":"agreed","floor":4,"damage_taken":0},{"event_name":"The Woman in Blue","player_choice":"Bought 0 Potions","floor":7,"damage_taken":0}],"is_beta":false,"boss_relics":[],"items_purged_floors":[5],"is_endless":false,"potions_floor_spawned":[10,14],"killed_by":"Hexaghost","ascension_level":18}