{"path_per_floor":["M","M","?","M","?","M","M","E","T","M","$","M","E","M","R","B",null,"M","M","?"],"character_chosen":"THE_SILENT","items_purchased":["Noxious Fumes","Deadly Poison"],"gold_per_floor":[114,129,129,144,144,159,174,204,204,219,21,36,66,81,81,181,181,196,181,181,181],"floor_reached":21,"campfire_rested":1,"playtime":1135,"item_purchase_floors":[11,11],"current_hp_per_floor":[70,70,70,68,61,57,46,39,39,39,39,28,22,22,65,65,65,65,51,51,0],"items_purged":["Regret"],"gold":181,"score":245,"play_id":"e7d5a5c8-6bf5-4b8d-a448-f4cb9e1df635","local_time":"20180605223518","daily_mods":["Allstar","Binary","Night Terrors"],"is_prod":false,"is_daily":true,"chose_seed":false,"is_ascension_mode":false,"campfire_upgraded":0,"win_rate":0,"timestamp":1528259718,"campfire_choices":[{"floor":15,"key":"REST"}],"path_taken":["M","M","?","?","?","M","M","E","T","?","?","?","E","M","R","BOSS","M","M","?","M"],"build_version":"2018-05-31","seed_source_timestamp":0,"purchased_purges":1,"victory":false,"master_deck":["Defend_G","Defend_G","Defend_G","Defend_G","Defend_G","Strike_G+1","Strike_G","Strike_G","Strike_G","Strike_G","Survivor","Neutralize+1","Secret Technique","Apotheosis+1","Magnetism","Good Instincts","Blind","Dagger Spray","Flying Knee","Malaise","Heel Hook","Dagger Throw","All Out Attack","Noxious Fumes","Deadly Poison","Skewer","Footwork","Sucker Punch","Bullet Time","Deadly Poison"],"max_hp_per_floor":[70,70,70,70,70,70,70,70,70,70,70,70,70,70,65,65,65,65,65,65,65],"relics":["Ring of the Snake","Pantograph","Happy Flower","Whetstone","Letter Opener","Lantern","Black Star"],"card_choices":[{"not_picked":["Dodge and Roll"],"picked":"Dagger Spray","floor":1},{"not_picked":["Quick Slash"],"picked":"Flying Knee","floor":2},{"not_picked":["Well Laid Plans"],"picked":"Malaise","floor":4},{"not_picked":["Outmaneuver"],"picked":"Heel Hook","floor":6},{"not_picked":["Deadly Poison","Caltrops"],"picked":"SKIP","floor":7},{"not_picked":["Slice"],"picked":"Dagger Throw","floor":8},{"not_picked":["Cloak And Dagger"],"picked":"All Out Attack","floor":10},{"not_picked":["Flying Knee"],"picked":"Skewer","floor":12},{"not_picked":["Flying Knee"],"picked":"Footwork","floor":13},{"not_picked":["All Out Attack"],"picked":"Sucker Punch","floor":14},{"not_picked":["Grand Finale"],"picked":"Bullet Time","floor":16},{"not_picked":["Blade Dance","Concentrate"],"picked":"SKIP","floor":18},{"not_picked":["PiercingWail"],"picked":"Deadly Poison","floor":19}],"player_experience":367580,"potions_floor_usage":[8,13,18,21],"damage_taken":[{"damage":0,"enemies":"2 Louse","floor":1,"turns":4},{"damage":0,"enemies":"Small Slimes","floor":2,"turns":5},{"damage":2,"enemies":"Cultist","floor":4,"turns":4},{"damage":4,"enemies":"Exordium Wildlife","floor":6,"turns":5},{"damage":11,"enemies":"Large Slime","floor":7,"turns":6},{"damage":7,"enemies":"3 Sentries","floor":8,"turns":6},{"damage":0,"enemies":"Red Slaver","floor":10,"turns":4},{"damage":11,"enemies":"Gremlin Gang","floor":12,"turns":4},{"damage":6,"enemies":"Gremlin Nob","floor":13,"turns":3},{"damage":0,"enemies":"Exordium Thugs","floor":14,"turns":3},{"damage":0,"enemies":"Hexaghost","floor":16,"turns":10},{"damage":0,"enemies":"Shell Parasite","floor":18,"turns":7},{"damage":14,"enemies":"2 Thieves","floor":19,"turns":4},{"damage":56,"enemies":"Cultist and Chosen","floor":21,"turns":6}],"relics_obtained":[{"floor":8,"key":"Whetstone"},{"floor":9,"key":"Letter Opener"},{"floor":13,"key":"Lantern"}],"event_choices":[{"event_name":"Big Fish","player_choice":"Box","floor":3,"damage_taken":0},{"event_name":"Scrap Ooze","player_choice":"success","floor":5,"damage_taken":7},{"event_name":"Accursed Blacksmith","player_choice":"Forge","floor":20,"damage_taken":0}],"boss_relics":[{"not_picked":["Calling Bell","Eternal Feather"],"picked":"Black Star"}],"items_purged_floors":[11],"potions_floor_spawned":[4,6,12,13,16],"seed_played":"-7143404662059475798","killed_by":"Cultist and Chosen","ascension_level":0,"potions_obtained":[{"floor":4,"key":"Ancient Potion"},{"floor":6,"key":"GhostInAJar"},{"floor":12,"key":"Poison Potion"},{"floor":13,"key":"Poison Potion"},{"floor":16,"key":"EssenceOfSteel"}],"is_trial":false}