{"path_per_floor":["M","?","?","?","$","R","M","M","T","R","?","M","R","M","R","B",null,"M","?","M","?","M","R","E","R","T","?","?","$","R","M","R","B",null,"M","M","?","$","?","R","M","R","T","M","E","$","R","M","R","B"],"character_chosen":"IRONCLAD","items_purchased":["Happy Flower","Sadistic Nature","Metallicize","Metallicize"],"gold_per_floor":[10,10,10,10,10,10,30,55,55,55,55,68,68,91,91,222,222,242,242,253,253,273,273,299,299,299,299,299,18,18,28,28,129,129,139,149,149,48,48,48,63,63,63,75,104,44,44,63,63,63],"floor_reached":40,"campfire_rested":0,"playtime":4958,"current_hp_per_floor":[73,73,73,53,53,53,59,58,58,58,51,38,38,44,44,32,83,70,70,81,65,76,76,59,59,59,59,59,59,59,70,70,38,83,83,68,68,68,68,68,78,78,78,56,73,73,73,74,74,63],"items_purged":["Strike_R"],"gold":63,"play_id":"db70c190-a059-4f6e-bc1e-a3cc37374535","is_prod":false,"is_daily":false,"campfire_rituals":0,"campfire_upgraded":4,"is_hardmode":false,"path_taken":["M","?","?","?","?","R","M","?","T","R","?","M","R","M","R","BOSS","M","?","M","?","M","R","E","R","T","?","?","$","R","M","R","BOSS","M","M","?","$","?","R","M","R","T","?","E","$","R","M","R","BOSS"],"build_version":"2018-01-18-PROD4","purchased_purges":1,"victory":true,"master_deck":["Strike_R","Defend_R","Defend_R","Defend_R","Bash","Flex","Shrug It Off","Infernal Blade","Shrug It Off","Body Slam","Barricade","Dual Wield","Necronomicurse","Body Slam","Headbutt","Entrench","Sadistic Nature","Demon Form","Headbutt","Seeing Red","Rampage","Metallicize","Metallicize","Body Slam"],"max_hp_per_floor":[80,80,80,80,80,80,80,80,80,80,80,83,83,83,83,83,83,83,83,83,83,83,83,83,83,83,83,83,83,83,83,83,83,83,83,83,83,83,83,83,83,83,83,83,83,83,83,83,83,83],"relics":["Black Blood","Shovel","Bloody Idol","Kunai","The Courier","Self Forming Clay","Orichalcum","Champion Belt","Lizard Tail","Necronomicon","Molten Egg","Peace Pipe","Happy Flower","Blood Vial","Regal Pillow","Vajra","Darkstone Periapt","Ancient Tea Set","Meat on the Bone"],"campfire_meditates":0,"card_choices":[{"not_picked":["Burning Pact","Rupture"],"picked":"Flex"},{"not_picked":["Headbutt","Havoc"],"picked":"Infernal Blade"},{"not_picked":["Power Through","Sword Boomerang"],"picked":"Shrug It Off"},{"not_picked":["Disarm","Intimidate"],"picked":"Body Slam"},{"not_picked":["Brutality","Exhume"],"picked":"Barricade"},{"not_picked":["Body Slam","Clash"],"picked":"Dual Wield"},{"not_picked":["Infernal Blade","Warcry"],"picked":"Body Slam"},{"not_picked":["Whirlwind","Rage"],"picked":"Headbutt"},{"not_picked":["Immolate","Fiend Fire"],"picked":"Demon Form"},{"not_picked":["Clothesline","Clash"],"picked":"Headbutt"},{"not_picked":["Entrench","Power Through"],"picked":"Seeing Red"}],"player_experience":353875,"potions_floor_usage":[37,39],"damage_taken":[{"damage":13.0,"enemies":"Cultist","floor":1.0,"turns":5.0},{"damage":0.0,"enemies":"2 Louse","floor":7.0,"turns":3.0},{"damage":7.0,"enemies":"Small Slimes","floor":8.0,"turns":5.0},{"damage":22.0,"enemies":"Exordium Wildlife","floor":12.0,"turns":6.0},{"damage":0.0,"enemies":"Lots of Slimes","floor":14.0,"turns":3.0},{"damage":0.0,"enemies":"The Guardian","floor":14.0,"turns":8.0},{"damage":19.0,"enemies":"Shell Parasite","floor":16.0,"turns":17.0},{"damage":0.0,"enemies":"3 Byrds","floor":18.0,"turns":4.0},{"damage":0.0,"enemies":"Snecko","floor":18.0,"turns":5.0},{"damage":0.0,"enemies":"Slavers","floor":20.0,"turns":7.0},{"damage":0.0,"enemies":"3 Cultists","floor":20.0,"turns":10.0},{"damage":43.0,"enemies":"Champ","floor":22.0,"turns":9.0},{"damage":8.0,"enemies":"3 Shapes","floor":24.0,"turns":9.0},{"damage":30.0,"enemies":"3 Darklings","floor":25.0,"turns":12.0},{"damage":7.0,"enemies":"4 Shapes","floor":30.0,"turns":11.0},{"damage":39.0,"enemies":"Maw","floor":33.0,"turns":9.0},{"damage":0,"enemies":"Nemesis","floor":34,"turns":7},{"damage":0,"enemies":"3 Darklings","floor":37,"turns":4},{"damage":0,"enemies":"Time Eater","floor":39,"turns":10}],"event_choices":[{"event_name":"Living Wall","player_choice":"Change","floor":2.0,"damage_taken":0.0},{"event_name":"Upgrade Shrine","player_choice":"Upgraded","floor":3.0,"damage_taken":0.0},{"event_name":"Golden Idol","player_choice":"Take Damage","floor":4.0,"damage_taken":0.0},{"event_name":"Golden Wing","player_choice":"Card Removal","floor":11.0,"damage_taken":0.0},{"event_name":"Forgotten Altar","player_choice":"Gave Idol","floor":17.0,"damage_taken":0.0},{"event_name":"Cursed Tome","player_choice":"Obtained Book","floor":18.0,"damage_taken":0.0},{"event_name":"The Library","player_choice":"Read","floor":20.0,"damage_taken":0.0},{"event_name":"Back to Basics","player_choice":"Elegance","floor":20.0,"damage_taken":0.0},{"event_name":"Transmorgrifier","player_choice":"Transform","floor":26.0,"damage_taken":0.0},{"event_name":"Duplicator","player_choice":"One dupe","floor":28.0,"damage_taken":0.0}],"boss_relics":[],"potions_floor_spawned":[7,12,18,18,20,20,22,24,33,34],"seed_played":"-8277975892283520621","is_trial":false}