{"gold_per_floor":[111,111,125,25,25,51,71,71,117,117,136,156,214,67,67,143,193,211,12,29,29,29,40,40,52,52,72,72,88,100,110,110,110],"floor_reached":33,"playtime":1182,"items_purged":["Regret"],"score":483,"play_id":"98a1c51b-4f08-46f1-b76d-dfa401429ac4","local_time":"20190121163438","is_ascension_mode":true,"campfire_choices":[{"data":"Neutralize","floor":8,"key":"SMITH"},{"data":"Sucker Punch","floor":10,"key":"SMITH"},{"floor":15,"key":"REST"},{"data":"Corpse Explosion","floor":24,"key":"SMITH"},{"floor":28,"key":"REST"},{"floor":32,"key":"REST"}],"neow_cost":"NONE","seed_source_timestamp":2329622217917899,"circlet_count":0,"master_deck":["AscendersBane","Defend_G+1","Defend_G","Defend_G","Defend_G","Defend_G","Strike_G+1","Strike_G","Strike_G","Strike_G","Strike_G","Survivor","Neutralize+1","Sucker Punch+1","Flying Knee","Quick Slash","Dash","Deflect+1","Corpse Explosion+1","Dagger Throw","Sucker Punch","Acrobatics+1","Dagger Spray","Dash","Blur+1","Leg Sweep","Well Laid Plans+1"],"relics":["Velvet Choker","PreservedInsect","Bag of Preparation","Anchor","Blood Vial","War Paint","Tiny House","Orichalcum","FaceOfCleric","Frozen Egg 2"],"potions_floor_usage":[27,33],"damage_taken":[{"damage":0,"enemies":"Cultist","floor":1,"turns":4},{"damage":8,"enemies":"2 Louse","floor":3,"turns":4},{"damage":19,"enemies":"Lagavulin","floor":6,"turns":6},{"damage":0,"enemies":"Small Slimes","floor":7,"turns":3},{"damage":0,"enemies":"Exordium Wildlife","floor":11,"turns":2},{"damage":0,"enemies":"Red Slaver","floor":12,"turns":2},{"damage":49,"enemies":"The Guardian","floor":16,"turns":16},{"damage":9,"enemies":"3 Byrds","floor":18,"turns":4},{"damage":6,"enemies":"Chosen","floor":20,"turns":5},{"damage":12,"enemies":"Centurion and Healer","floor":23,"turns":6},{"damage":0,"enemies":"3 Cultists","floor":25,"turns":2},{"damage":0,"enemies":"Snecko","floor":27,"turns":5},{"damage":33,"enemies":"Snake Plant","floor":29,"turns":6},{"damage":0,"enemies":"Cultist and Chosen","floor":30,"turns":5},{"damage":0,"enemies":"Centurion and Healer","floor":31,"turns":5},{"damage":67,"enemies":"Automaton","floor":33,"turns":12}],"seed_played":"1308699970278361029","potions_obtained":[{"floor":6,"key":"Weak Potion"},{"floor":12,"key":"Weak Potion"},{"floor":16,"key":"Block Potion"},{"floor":20,"key":"SmokeBomb"},{"floor":23,"key":"SkillPotion"},{"floor":27,"key":"SkillPotion"}],"is_trial":false,"path_per_floor":["M","?","M","$","?","E","M","R","T","R","M","M","?","$","R","B",null,"M","$","M","?","$","M","R","M","T","M","R","M","M","M","R","B"],"character_chosen":"THE_SILENT","items_purchased":["Quick Slash","War Paint","Orichalcum","Sucker Punch"],"campfire_rested":3,"item_purchase_floors":[4,14,19,19],"current_hp_per_floor":[59,59,51,51,51,32,32,32,32,32,34,36,36,36,55,8,57,50,50,46,46,46,37,37,40,40,43,65,35,38,41,64,0],"gold":110,"neow_bonus":"BOSS_RELIC","is_prod":false,"is_daily":false,"chose_seed":false,"campfire_upgraded":3,"win_rate":0,"timestamp":1548088478,"path_taken":["M","?","M","$","?","E","?","R","T","R","M","M","?","$","R","BOSS","M","$","M","?","$","M","R","?","T","M","R","M","M","?","R","BOSS"],"build_version":"2019-01-17v2","purchased_purges":1,"victory":false,"max_hp_per_floor":[66,66,66,66,66,66,66,66,66,66,66,66,66,66,66,66,71,71,71,71,71,71,72,72,73,73,74,74,75,76,77,77,77],"card_choices":[{"not_picked":["Dodge and Roll","Poisoned Stab"],"picked":"Sucker Punch","floor":1},{"not_picked":["Blur","Bouncing Flask"],"picked":"Flying Knee","floor":3},{"not_picked":["Flechettes","Cloak And Dagger"],"picked":"Quick Slash","floor":6},{"not_picked":["Distraction","Expertise","Noxious Fumes"],"picked":"SKIP","floor":7},{"not_picked":["Caltrops","Dagger Throw"],"picked":"Dash","floor":11},{"not_picked":["Reflex","Sucker Punch"],"picked":"Deflect","floor":12},{"not_picked":["Grand Finale","Malaise"],"picked":"Corpse Explosion","floor":16},{"not_picked":["Heel Hook","Underhanded Strike"],"picked":"Dagger Throw","floor":17},{"not_picked":["Infinite Blades","Choke","Accuracy"],"picked":"SKIP","floor":18},{"not_picked":["Cloak And Dagger","Bane","Prepared"],"picked":"SKIP","floor":20},{"not_picked":["Prepared","Masterful Stab"],"picked":"Acrobatics+1","floor":23},{"not_picked":["Bane+1","Sucker Punch"],"picked":"Dagger Spray","floor":25},{"not_picked":["Outmaneuver","Dagger Spray+1"],"picked":"Dash","floor":27},{"not_picked":["Cloak And Dagger","Reflex"],"picked":"Blur+1","floor":29},{"not_picked":["Cloak And Dagger","Acrobatics"],"picked":"Leg Sweep","floor":30},{"not_picked":["Outmaneuver","Poisoned Stab"],"picked":"Well Laid Plans+1","floor":31}],"player_experience":452283,"relics_obtained":[{"floor":6,"key":"Anchor"},{"floor":9,"key":"Blood Vial"},{"floor":26,"key":"Frozen Egg 2"}],"event_choices":[{"damage_healed":0,"gold_gain":0,"player_choice":"Box","damage_taken":0,"relics_obtained":["PreservedInsect"],"max_hp_gain":0,"max_hp_loss":0,"event_name":"Big Fish","floor":2,"gold_loss":0,"cards_obtained":["Regret"]},{"cards_removed":["Quick Slash"],"damage_healed":0,"gold_gain":0,"player_choice":"Gave Card","damage_taken":0,"relics_obtained":["Bag of Preparation"],"max_hp_gain":0,"max_hp_loss":0,"event_name":"WeMeetAgain","floor":5,"gold_loss":0},{"damage_healed":0,"gold_gain":58,"player_choice":"Gained Gold","damage_taken":0,"max_hp_gain":0,"max_hp_loss":0,"event_name":"Golden Wing","floor":13,"gold_loss":0},{"damage_healed":0,"gold_gain":0,"player_choice":"Trade","damage_taken":0,"relics_obtained":["FaceOfCleric"],"max_hp_gain":0,"max_hp_loss":0,"event_name":"FaceTrader","floor":21,"gold_loss":0}],"is_beta":false,"boss_relics":[{"not_picked":["Coffee Dripper","Philosopher\u0027s Stone"],"picked":"Tiny House"}],"items_purged_floors":[4],"is_endless":false,"potions_floor_spawned":[6,12,16,20,23,27,31],"killed_by":"Automaton","ascension_level":15}