{"path_per_floor":["M","M","?","?","M","R","M","$","T","?","M","R","?","M","R","B",null,"M"],"character_chosen":"THE_SILENT","items_purchased":["Underhanded Strike","Lantern"],"gold_per_floor":[216,231,181,181,198,198,211,11,65,65,80,80,180,197,197,295,325,338],"floor_reached":19,"campfire_rested":0,"playtime":1660,"current_hp_per_floor":[70,70,70,70,70,70,62,62,62,70,70,70,70,70,70,32,70,11],"items_purged":[],"gold":338,"score":159,"play_id":"fa4f9120-12ec-402d-80ca-bbd6398a6296","is_prod":false,"is_daily":false,"is_ascension_mode":false,"campfire_upgraded":3,"path_taken":["M","M","?","?","M","R","M","$","T","?","?","R","?","M","R","BOSS","M","M"],"build_version":"2018-02-12-PROD1","purchased_purges":0,"victory":false,"master_deck":["Defend_G","Defend_G","Defend_G","Defend_G","Strike_G","Strike_G","Strike_G","Strike_G","Survivor+1","Neutralize","Prepared+1","Acrobatics","Well Laid Plans","Eviscerate+1","Underhanded Strike","Parasite","Underhanded Strike","Night Terror","Clumsy","Injury","Normality"],"max_hp_per_floor":[70,70,70,70,70,70,70,70,70,70,70,70,70,70,70,70,70,70],"relics":["Ring of the Snake","Lantern","Dream Catcher","Calling Bell","Tiny Chest","Dodecahedron","Vajra"],"card_choices":[{"not_picked":["Predator","Deflect"],"picked":"Prepared"},{"not_picked":["Deadly Poison","Choke"],"picked":"Acrobatics"},{"not_picked":["Quick Slash","Venomology"],"picked":"Eviscerate"},{"not_picked":["Quick Slash","Bouncing Flask"],"picked":"Underhanded Strike"},{"not_picked":["Venomology","Doppelganger"],"picked":"Night Terror"}],"player_experience":66315,"potions_floor_usage":[16,16,19],"damage_taken":[{"damage":0,"enemies":"Small Slimes","floor":1,"turns":6},{"damage":0,"enemies":"Jaw Worm","floor":2,"turns":7},{"damage":0,"enemies":"2 Louse","floor":5,"turns":3},{"damage":8,"enemies":"Lots of Slimes","floor":7,"turns":5},{"damage":0,"enemies":"Large Slime","floor":11,"turns":4},{"damage":0,"enemies":"3 Louse","floor":14,"turns":2},{"damage":38,"enemies":"Slime Boss","floor":16,"turns":18},{"damage":59,"enemies":"Chosen","floor":18,"turns":8},{"damage":13,"enemies":"Spheric Guardian","floor":19,"turns":4}],"event_choices":[{"event_name":"The Cleric","player_choice":"Card Removal","floor":3,"damage_taken":0},{"event_name":"Transmorgrifier","player_choice":"Transform","floor":4,"damage_taken":0},{"event_name":"Mushrooms","player_choice":"Healed and dodged fight","floor":10,"damage_taken":0},{"event_name":"Golden Shrine","player_choice":"Pray","floor":13,"damage_taken":0}],"boss_relics":[{"not_picked":["Question Card","Lizard Tail"],"picked":"Calling Bell"}],"potions_floor_spawned":[2,5,7,16,18],"seed_played":"-5892670168876317756","killed_by":"Spheric Guardian","ascension_level":0,"is_trial":false}