{"path_per_floor":["M","M","?","$","M","E","R","M","T","?","E","R","M","M","R","B",null,"M","M","?","M","?","E","?","R","T","$","M","R","M","M","R"],"character_chosen":"DEFECT","items_purchased":["Molten Egg 2","Beam Cell","Gremlin Horn"],"gold_per_floor":[411,430,430,60,73,99,99,116,116,116,143,143,161,178,178,275,275,289,304,304,323,323,358,358,358,358,6,20,20,30,40,40,40],"floor_reached":33,"campfire_rested":6,"playtime":889,"current_hp_per_floor":[38,27,52,52,52,25,47,32,32,32,26,48,35,22,44,22,75,56,46,46,41,66,26,26,67,67,67,15,56,26,18,61,0],"items_purged":["Strike_B","Defend_B"],"gold":40,"score":279,"play_id":"a903b37a-e14d-4f03-b7dd-4f160c4b56cd","local_time":"20180426210947","is_prod":false,"is_daily":false,"chose_seed":false,"is_ascension_mode":false,"campfire_upgraded":0,"timestamp":1524798587,"path_taken":["M","M","?","$","M","E","R","?","T","?","E","R","M","M","R","BOSS","M","M","?","M","?","E","?","R","T","$","M","R","?","M","R","BOSS"],"build_version":"2018-04-26","seed_source_timestamp":91265435034538,"purchased_purges":2,"victory":false,"master_deck":["Strike_B","Strike_B","Defend_B","Defend_B","Defend_B","Zap","Dualcast","Streamline","Rebound","Beam Cell+1","Streamline+1","Reprogram","Rebound+1","Fusion","Flux Capacitor"],"max_hp_per_floor":[75,75,75,75,75,75,75,75,75,75,75,75,75,75,75,75,75,75,75,75,75,75,75,75,75,75,75,75,75,75,75,75,75],"relics":["Cracked Core","Old Coin","Molten Egg 2","Darkstone Periapt","Dodecahedron","Torii","Eternal Feather","Prayer Wheel","Regal Pillow","Pantograph","Gremlin Horn"],"card_choices":[{"not_picked":["Rip and Tear","Skim"],"picked":"Streamline","floor":1},{"not_picked":["Cold Snap","Beam Cell"],"picked":"Rebound","floor":2},{"not_picked":["Cold Snap","Leap"],"picked":"Streamline","floor":14},{"not_picked":["Cold Snap","Barrage"],"picked":"Reprogram","floor":18},{"not_picked":["Sweeping Beam","Cold Snap"],"picked":"Rebound","floor":26},{"not_picked":["Glacier","Skim"],"picked":"Fusion","floor":28},{"not_picked":["Stack","Reprogram"],"picked":"Flux Capacitor","floor":31}],"player_experience":340024,"potions_floor_usage":[8,8,21,23,23,31,33,33],"damage_taken":[{"damage":0,"enemies":"Small Slimes","floor":1,"turns":3},{"damage":11,"enemies":"Jaw Worm","floor":2,"turns":2},{"damage":0,"enemies":"Cultist","floor":5,"turns":2},{"damage":27,"enemies":"3 Sentries","floor":6,"turns":6},{"damage":15,"enemies":"Lots of Slimes","floor":8,"turns":3},{"damage":6,"enemies":"Gremlin Nob","floor":11,"turns":3},{"damage":13,"enemies":"2 Fungi Beasts","floor":13,"turns":3},{"damage":13,"enemies":"Red Slaver","floor":14,"turns":2},{"damage":22,"enemies":"Hexaghost","floor":16,"turns":7},{"damage":19,"enemies":"Shell Parasite","floor":18,"turns":4},{"damage":10,"enemies":"Spheric Guardian","floor":19,"turns":3},{"damage":5,"enemies":"Snake Plant","floor":21,"turns":4},{"damage":40,"enemies":"Slavers","floor":23,"turns":4},{"damage":52,"enemies":"Slaver and Parasite","floor":28,"turns":5},{"damage":30,"enemies":"Sentry and Sphere","floor":30,"turns":4},{"damage":8,"enemies":"Snake Plant","floor":31,"turns":3},{"damage":88,"enemies":"Collector","floor":33,"turns":6}],"event_choices":[{"event_name":"Big Fish","player_choice":"Banana","floor":3,"damage_taken":0},{"event_name":"Purifier","player_choice":"One Purge","floor":10,"damage_taken":0},{"event_name":"The Lab","player_choice":"Got Potions","floor":20,"damage_taken":0},{"event_name":"The Library","player_choice":"Heal","floor":22,"damage_taken":0},{"event_name":"Wheel of Change","player_choice":"Relic","floor":24,"damage_taken":0}],"boss_relics":[{"not_picked":["Snecko Eye","White Beast Statue"],"picked":"Eternal Feather"}],"potions_floor_spawned":[2,6,11,16,21,30,31],"seed_played":"-7242718471939128981","killed_by":"Collector","ascension_level":0,"is_trial":false}