{"gold_per_floor":[361,121,138,153,171,182,182,194,217,229,239,239,251,268,268,347,347,360,379,398,7,21,21,21,21,21,71,71,71,90,110,110,110],"floor_reached":33,"playtime":2017,"items_purged":["Strike_G"],"score":445,"play_id":"c3fb9b1d-942f-4b43-842f-ad51f0969850","local_time":"20190202162519","is_ascension_mode":true,"campfire_choices":[{"data":"Footwork","floor":7,"key":"SMITH"},{"floor":12,"key":"REST"},{"data":"Skewer","floor":15,"key":"SMITH"},{"floor":23,"key":"REST"},{"data":"Cloak And Dagger","floor":25,"key":"SMITH"},{"data":"Dodge and Roll","floor":28,"key":"SMITH"},{"floor":32,"key":"REST"}],"neow_cost":"PERCENT_DAMAGE","seed_source_timestamp":165038146805557,"circlet_count":0,"master_deck":["AscendersBane","Defend_G","Defend_G","Defend_G","Defend_G","Defend_G","Strike_G","Strike_G","Strike_G","Strike_G","Survivor","Neutralize","Footwork+1","Blur","Good Instincts","Cloak And Dagger+1","Sucker Punch","Acrobatics","Flying Knee","Skewer+1","Dagger Spray","Poisoned Stab","Footwork","Die Die Die","Dodge and Roll","Backflip","Dodge and Roll+1","Panache","Deflect"],"relics":["Ring of the Snake","Bronze Scales","Cursed Key","Membership Card"],"potions_floor_usage":[11,11,19,31,33,33],"damage_taken":[{"damage":0,"enemies":"Cultist","floor":1,"turns":5},{"damage":1,"enemies":"Small Slimes","floor":3,"turns":7},{"damage":0,"enemies":"2 Louse","floor":4,"turns":3},{"damage":8,"enemies":"Large Slime","floor":5,"turns":11},{"damage":0,"enemies":"Blue Slaver","floor":6,"turns":5},{"damage":10,"enemies":"Exordium Wildlife","floor":8,"turns":5},{"damage":2,"enemies":"2 Fungi Beasts","floor":10,"turns":5},{"damage":2,"enemies":"Lots of Slimes","floor":11,"turns":3},{"damage":0,"enemies":"Blue Slaver","floor":13,"turns":3},{"damage":0,"enemies":"Looter","floor":14,"turns":4},{"damage":31,"enemies":"The Guardian","floor":16,"turns":13},{"damage":6,"enemies":"3 Byrds","floor":18,"turns":3},{"damage":11,"enemies":"2 Thieves","floor":19,"turns":4},{"damage":3,"enemies":"Snake Plant","floor":20,"turns":5},{"damage":7,"enemies":"3 Cultists","floor":22,"turns":4},{"damage":19,"enemies":"Shelled Parasite and Fungi","floor":30,"turns":7},{"damage":17,"enemies":"Snake Plant","floor":31,"turns":5},{"damage":51,"enemies":"Collector","floor":33,"turns":17}],"seed_played":"-6638778661112150229","potions_obtained":[{"floor":1,"key":"GamblersBrew"},{"floor":10,"key":"Strength Potion"},{"floor":11,"key":"Fruit Juice"},{"floor":16,"key":"SteroidPotion"},{"floor":31,"key":"Fire Potion"}],"is_trial":false,"path_per_floor":["M","$","M","M","M","M","R","M","T","M","M","R","M","M","R","B",null,"M","M","M","$","M","R","?","R","T","?","R","?","M","M","R","B"],"character_chosen":"THE_SILENT","items_purchased":["Blur","Good Instincts","Dexterity Potion","Membership Card","Panache","Regen Potion"],"campfire_rested":3,"item_purchase_floors":[2,2,2,21,21,21],"current_hp_per_floor":[44,44,43,43,35,35,35,25,25,23,26,47,47,47,47,16,57,51,40,37,37,30,51,51,51,51,51,51,51,32,29,50,0],"gold":110,"neow_bonus":"TWO_FIFTY_GOLD","is_prod":false,"is_daily":false,"chose_seed":false,"campfire_upgraded":4,"win_rate":0,"timestamp":1549124719,"path_taken":["M","$","M","M","?","M","R","M","T","M","M","R","M","M","R","BOSS","M","M","M","$","M","R","?","R","T","?","R","?","M","M","R","BOSS"],"build_version":"2019-01-23","purchased_purges":1,"victory":false,"max_hp_per_floor":[66,66,66,66,66,66,66,66,66,66,71,71,71,71,71,71,71,71,71,71,71,71,71,71,71,71,71,71,71,71,71,71,71],"card_choices":[{"not_picked":["Dagger Throw","Dodge and Roll"],"picked":"Footwork","floor":1},{"not_picked":["Prepared","Endless Agony"],"picked":"Cloak And Dagger","floor":3},{"not_picked":["Crippling Poison","Deadly Poison"],"picked":"Sucker Punch","floor":4},{"not_picked":["Underhanded Strike","Expertise"],"picked":"Acrobatics","floor":5},{"not_picked":["Slice","Escape Plan"],"picked":"Flying Knee","floor":6},{"not_picked":["Outmaneuver","Corpse Explosion"],"picked":"Skewer","floor":8},{"not_picked":["Acrobatics","Calculated Gamble"],"picked":"Dagger Spray","floor":10},{"not_picked":["Deflect","Dagger Spray"],"picked":"Poisoned Stab","floor":11},{"not_picked":["Dagger Throw","Flying Knee"],"picked":"Footwork","floor":13},{"not_picked":["Calculated Gamble","Quick Slash","Blade Dance"],"picked":"SKIP","floor":14},{"not_picked":["Night Terror","Adrenaline"],"picked":"Die Die Die","floor":16},{"not_picked":["Deflect","Quick Slash"],"picked":"Dodge and Roll","floor":18},{"not_picked":["Acrobatics+1","Bane"],"picked":"Backflip","floor":19},{"not_picked":["Dagger Spray","Predator"],"picked":"Dodge and Roll","floor":20},{"not_picked":["Deadly Poison","Outmaneuver"],"picked":"Deflect","floor":22},{"not_picked":["Crippling Poison","Underhanded Strike","Wraith Form v2"],"picked":"SKIP","floor":30},{"not_picked":["Prepared","Dagger Throw","Outmaneuver"],"picked":"SKIP","floor":31}],"player_experience":523316,"relics_obtained":[{"floor":9,"key":"Bronze Scales"}],"event_choices":[{"damage_healed":0,"gold_gain":0,"player_choice":"Ignored","damage_taken":0,"max_hp_gain":0,"max_hp_loss":0,"event_name":"The Mausoleum","floor":24,"gold_loss":0},{"damage_healed":0,"gold_gain":50,"player_choice":"Stole From Cult","damage_taken":0,"max_hp_gain":0,"max_hp_loss":0,"event_name":"Nest","floor":27,"gold_loss":0},{"damage_healed":0,"gold_gain":0,"player_choice":"Ignored","damage_taken":0,"max_hp_gain":0,"max_hp_loss":0,"event_name":"Beggar","floor":29,"gold_loss":0}],"is_beta":false,"boss_relics":[{"not_picked":["Sozu","Philosopher\u0027s Stone"],"picked":"Cursed Key"}],"items_purged_floors":[21],"is_endless":false,"potions_floor_spawned":[1,3,10,11,16,22,30,31],"killed_by":"Collector","ascension_level":16}