{"path_per_floor":["M","M","?","?","M","R","E","R","T","E","R","$","?","?","R","B",null,"M","?","M","M","$","R","M","E","T","?","$","M","T","M","R","B",null,"M","M","?","?","$","R","?","$","T","M","E","M","R","M","R","B"],"character_chosen":"IRONCLAD","items_purchased":["Whirlwind","Ancient Tea Set","Happy Flower"],"gold_per_floor":[109,119,119,119,131,131,164,164,188,215,215,33,33,33,33,106,106,122,122,135,148,73,73,84,117,144,144,1,16,16,32,32,109,109,121,134,134,134,34,34,34,34,34,53,87,98,98,98,98,98],"floor_reached":51,"campfire_rested":4,"playtime":4713,"item_purchase_floors":[12,12,28],"current_hp_per_floor":[74,80,80,80,80,80,58,58,58,48,48,48,48,48,72,25,66,64,64,63,52,52,52,58,45,45,45,45,42,42,39,63,49,72,33,35,35,35,35,59,59,59,59,61,40,38,38,44,68,19],"items_purged":["Strike_R","Defend_R"],"gold":98,"score":1202,"play_id":"030cf21d-15fa-4a58-a104-561a92af80aa","local_time":"20180530223539","is_prod":false,"is_daily":false,"chose_seed":false,"is_ascension_mode":true,"campfire_upgraded":5,"win_rate":0,"timestamp":1527716139,"campfire_choices":[{"data":"Entrench","floor":6,"key":"SMITH"},{"data":"Uppercut","floor":8,"key":"SMITH"},{"data":"Bash","floor":11,"key":"SMITH"},{"floor":15,"key":"REST"},{"data":"Whirlwind","floor":23,"key":"SMITH"},{"floor":32,"key":"REST"},{"floor":40,"key":"REST"},{"data":"Cleave","floor":47,"key":"SMITH"},{"floor":49,"key":"REST"}],"path_taken":["M","M","?","?","?","R","E","R","T","E","R","?","?","?","R","BOSS","M","?","?","M","$","R","M","E","T","?","?","M","?","M","R","BOSS","M","M","?","?","?","R","?","$","T","?","E","M","R","M","R","BOSS"],"build_version":"2018-05-24","seed_source_timestamp":644296099062839,"purchased_purges":2,"victory":true,"master_deck":["Strike_R","Strike_R","Strike_R","Defend_R","Defend_R","Defend_R","Bash+1","AscendersBane","Cleave+1","Seeing Red+1","Entrench+1","Uppercut+1","Whirlwind+1","Offering+1","Battle Trance+1","Shrug It Off+1","Burning Pact+1","Flex+1","Exhume+1","Sentinel+1","Finesse+1"],"max_hp_per_floor":[80,80,80,80,80,80,80,80,80,80,80,80,80,80,80,80,80,80,80,80,80,80,80,80,80,80,80,80,80,80,80,80,80,80,80,80,80,80,80,80,80,80,80,80,80,80,80,80,80,80],"relics":["Burning Blood","Orichalcum","Potion Belt","Boot","Anchor","Ancient Tea Set","Toxic Egg 2","Philosopher\u0027s Stone","Unceasing Top","Oddly Smooth Stone","Happy Flower","Pantograph","Lizard Tail","Letter Opener","Gremlin Horn"],"card_choices":[{"not_picked":["Clash","Sentinel"],"picked":"Cleave","floor":1},{"not_picked":["Twin Strike","Havoc"],"picked":"Seeing Red","floor":2},{"not_picked":["Wild Strike","Iron Wave"],"picked":"Entrench","floor":5},{"not_picked":["Twin Strike","Thunderclap"],"picked":"Uppercut","floor":7},{"not_picked":["Berserk","Sentinel","Warcry"],"picked":"SKIP","floor":10},{"not_picked":["Exhume+1","Brutality"],"picked":"Offering+1","floor":16},{"not_picked":["Body Slam+1","Sever Soul","Clash"],"picked":"SKIP","floor":18},{"not_picked":["Uppercut","Disarm+1","Pommel Strike"],"picked":"SKIP","floor":20},{"not_picked":["Power Through+1","Sword Boomerang+1"],"picked":"Shrug It Off+1","floor":21},{"not_picked":["Sever Soul","Wild Strike"],"picked":"Burning Pact+1","floor":24},{"not_picked":["Armaments+1","Sword Boomerang+1"],"picked":"Flex+1","floor":25},{"not_picked":["Reckless Charge","Wild Strike","Corruption"],"picked":"SKIP","floor":29},{"not_picked":["Body Slam","Anger"],"picked":"Brutality","floor":31},{"not_picked":["Dark Embrace","Immolate"],"picked":"Exhume+1","floor":33},{"not_picked":["Twin Strike","Shrug It Off+1","Armaments+1"],"picked":"SKIP","floor":35},{"not_picked":["Iron Wave","Cleave"],"picked":"Sentinel+1","floor":36},{"not_picked":["Madness","Dark Shackles"],"picked":"Finesse","floor":38},{"not_picked":["Clothesline","Clash+1","Entrench+1"],"picked":"SKIP","floor":44},{"not_picked":["Battle Trance+1","Anger","Feed"],"picked":"SKIP","floor":45},{"not_picked":["Carnage+1","Perfected Strike","Searing Blow+1"],"picked":"SKIP","floor":46}],"player_experience":252213,"potions_floor_usage":[7,25,25,31,33,36,48,50,50,50,50],"damage_taken":[{"damage":4,"enemies":"Small Slimes","floor":1,"turns":3},{"damage":0,"enemies":"Cultist","floor":2,"turns":3},{"damage":2,"enemies":"2 Louse","floor":5,"turns":3},{"damage":28,"enemies":"Lagavulin","floor":7,"turns":4},{"damage":16,"enemies":"Gremlin Nob","floor":10,"turns":4},{"damage":53,"enemies":"The Guardian","floor":16,"turns":10},{"damage":8,"enemies":"Chosen","floor":18,"turns":3},{"damage":7,"enemies":"2 Thieves","floor":20,"turns":2},{"damage":17,"enemies":"Snake Plant","floor":21,"turns":5},{"damage":0,"enemies":"Chosen and Byrds","floor":24,"turns":2},{"damage":19,"enemies":"Gremlin Leader","floor":25,"turns":6},{"damage":9,"enemies":"Snecko","floor":29,"turns":3},{"damage":9,"enemies":"Snake Plant","floor":31,"turns":2},{"damage":37,"enemies":"Automaton","floor":33,"turns":6},{"damage":45,"enemies":"3 Shapes","floor":35,"turns":4},{"damage":4,"enemies":"Orb Walker","floor":36,"turns":3},{"damage":4,"enemies":"3 Darklings","floor":44,"turns":2},{"damage":27,"enemies":"Giant Head","floor":45,"turns":6},{"damage":8,"enemies":"Maw","floor":46,"turns":4},{"damage":0,"enemies":"4 Shapes","floor":48,"turns":1},{"damage":114,"enemies":"Awakened One","floor":50,"turns":15}],"relics_obtained":[{"floor":7,"key":"Potion Belt"},{"floor":9,"key":"Boot"},{"floor":10,"key":"Anchor"},{"floor":25,"key":"Unceasing Top"},{"floor":26,"key":"Oddly Smooth Stone"},{"floor":30,"key":"Pantograph"},{"floor":43,"key":"Letter Opener"},{"floor":45,"key":"Gremlin Horn"}],"event_choices":[{"event_name":"Upgrade Shrine","player_choice":"Upgraded","floor":3,"damage_taken":0},{"event_name":"Living Wall","player_choice":"Forget","floor":4,"damage_taken":0},{"event_name":"The Cleric","player_choice":"Leave","floor":13,"damage_taken":0},{"event_name":"Dead Adventurer","player_choice":"Searched \u00271\u0027 times","floor":14,"damage_taken":0},{"event_name":"The Library","player_choice":"Read","floor":19,"damage_taken":0},{"event_name":"Vampires","player_choice":"Ignored","floor":27,"damage_taken":0},{"event_name":"SensoryStone","player_choice":"Memory 1","floor":38,"damage_taken":0},{"event_name":"Mysterious Sphere","player_choice":"Ignore","floor":41,"damage_taken":0}],"boss_relics":[{"not_picked":["Snecko Eye","Mark of Pain"],"picked":"Philosopher\u0027s Stone"},{"not_picked":["Velvet Choker","Black Blood"],"picked":"Lizard Tail"}],"items_purged_floors":[22,39],"potions_floor_spawned":[2,5,16,18,21,25,29,31,35,44,45],"seed_played":"-1207528849534484973","ascension_level":13,"potions_obtained":[{"floor":2,"key":"LiquidBronze"},{"floor":5,"key":"AttackPotion"},{"floor":16,"key":"SmokeBomb"},{"floor":18,"key":"Poison Potion"},{"floor":21,"key":"SpeedPotion"},{"floor":25,"key":"Fire Potion"},{"floor":29,"key":"SteroidPotion"},{"floor":31,"key":"SteroidPotion"},{"floor":35,"key":"GamblersBrew"},{"floor":44,"key":"Dexterity Potion"},{"floor":45,"key":"SkillPotion"}],"is_trial":false}