{"gold_per_floor":[109,109,129,149,424,424,459,226,226,226,250,250,250,175,175,175],"floor_reached":16,"playtime":424,"items_purged":["Strike_R"],"score":192,"play_id":"b0e7e57c-e896-4022-b00d-8687bee18740","local_time":"20190112200122","is_ascension_mode":true,"campfire_choices":[{"data":"Uppercut","floor":6,"key":"SMITH"},{"data":"Flex","floor":10,"key":"SMITH"},{"data":"Clash","floor":12,"key":"SMITH"},{"data":"Juggernaut","floor":15,"key":"SMITH"}],"neow_cost":"NONE","seed_source_timestamp":292938070402300,"circlet_count":0,"master_deck":["AscendersBane","Strike_R","Strike_R","Strike_R","Defend_R","Defend_R","Defend_R","Defend_R","Bash","Clash+1","Uppercut+1","Flex+1","Regret","Juggernaut+1","Regret"],"relics":["Burning Blood","NeowsBlessing","Blue Candle","Happy Flower","Molten Egg 2","Odd Mushroom","Letter Opener"],"potions_floor_usage":[7,16],"damage_taken":[{"damage":0,"enemies":"2 Louse","floor":1,"turns":1},{"damage":0,"enemies":"Cultist","floor":3,"turns":1},{"damage":0,"enemies":"Small Slimes","floor":4,"turns":1},{"damage":33,"enemies":"Lagavulin","floor":7,"turns":4},{"damage":16,"enemies":"The Mushroom Lair","floor":11,"turns":4},{"damage":39,"enemies":"The Guardian","floor":16,"turns":6}],"seed_played":"-4824642530292975896","potions_obtained":[{"floor":3,"key":"Poison Potion"},{"floor":11,"key":"LiquidBronze"}],"is_trial":false,"path_per_floor":["M","?","M","M","?","R","E","$","T","R","?","R","?","?","R","B"],"character_chosen":"IRONCLAD","items_purchased":["Happy Flower"],"campfire_rested":0,"item_purchase_floors":[8],"current_hp_per_floor":[74,75,75,75,75,75,48,48,48,48,38,38,38,38,38,0],"gold":175,"neow_bonus":"THREE_ENEMY_KILL","is_prod":false,"is_daily":false,"chose_seed":false,"campfire_upgraded":4,"win_rate":0,"timestamp":1547323282,"path_taken":["M","?","?","M","?","R","E","?","T","R","?","R","?","?","R","BOSS"],"build_version":"2019-01-10","purchased_purges":1,"victory":false,"max_hp_per_floor":[75,75,75,75,75,75,75,75,75,75,75,75,75,75,75,75],"card_choices":[{"not_picked":["Perfected Strike","True Grit"],"picked":"Clash","floor":1},{"not_picked":["Dual Wield","Pommel Strike"],"picked":"Uppercut","floor":3},{"not_picked":["Rupture","Clash"],"picked":"Flex","floor":4},{"not_picked":["Searing Blow","Warcry"],"picked":"Juggernaut","floor":7}],"player_experience":393108,"relics_obtained":[{"floor":7,"key":"Blue Candle"},{"floor":9,"key":"Molten Egg 2"},{"floor":11,"key":"Odd Mushroom"}],"event_choices":[{"damage_healed":1,"gold_gain":0,"player_choice":"Full Heal","damage_taken":0,"max_hp_gain":0,"max_hp_loss":0,"event_name":"Wheel of Change","floor":2,"gold_loss":0},{"damage_healed":0,"gold_gain":275,"player_choice":"Desecrate","damage_taken":0,"max_hp_gain":0,"max_hp_loss":0,"event_name":"Golden Shrine","floor":5,"gold_loss":0,"cards_obtained":["Regret"]},{"damage_healed":0,"gold_gain":0,"player_choice":"Fought Mushrooms","damage_taken":0,"max_hp_gain":0,"max_hp_loss":0,"event_name":"Mushrooms","floor":11,"gold_loss":0},{"damage_healed":0,"gold_gain":0,"player_choice":"Box","damage_taken":0,"relics_obtained":["Letter Opener"],"max_hp_gain":0,"max_hp_loss":0,"event_name":"Big Fish","floor":13,"gold_loss":0,"cards_obtained":["Regret"]},{"cards_removed":["Strike_R"],"damage_healed":0,"gold_gain":0,"player_choice":"Card Removal","damage_taken":0,"max_hp_gain":0,"max_hp_loss":0,"event_name":"The Cleric","floor":14,"gold_loss":75}],"is_beta":false,"boss_relics":[],"items_purged_floors":[8],"is_endless":false,"potions_floor_spawned":[3,11],"killed_by":"The Guardian","ascension_level":20}