{"gold_per_floor":[115,115,115,35,55,80,28,28,28,47,47,61,72,83,83,184,184,194,206,306,323,323,323,350,350,350,350,350,13,58,84,84,84],"floor_reached":33,"playtime":926,"items_purged":[],"score":527,"play_id":"72362d69-16ad-44b3-bf69-38a683809f34","local_time":"20190116180439","is_ascension_mode":true,"campfire_choices":[{"data":"1","floor":8.0,"key":"LIFT"},{"data":"2","floor":11.0,"key":"LIFT"},{"data":"3","floor":15.0,"key":"LIFT"},{"floor":23,"key":"REST"},{"floor":25,"key":"REST"},{"data":"Cloak And Dagger","floor":27,"key":"SMITH"},{"floor":32,"key":"REST"}],"neow_cost":"NONE","seed_source_timestamp":1903126702496151,"circlet_count":0,"master_deck":["AscendersBane","Defend_G+1","Defend_G+1","Defend_G+1","Defend_G+1","Survivor","Neutralize","Flying Knee","Bane","Sucker Punch","Dagger Spray","Masterful Stab","Flying Knee","Sucker Punch","Acrobatics","Cloak And Dagger+1","Blade Dance","Cloak And Dagger+1","Dodge and Roll+1","Dagger Throw+1","Acrobatics","Slice","Blade Dance+1","Dagger Spray","Bite","Bite","Bite","Bite","Bite","Cloak And Dagger","Acrobatics","Cloak And Dagger+1"],"special_seed":0,"relics":["Ring of the Snake","NeowsBlessing","Girya","Ancient Tea Set","Astrolabe","Calipers","Frozen Egg 2","Nunchaku","Blue Candle","Du-Vu Doll","Pen Nib","Pear"],"potions_floor_usage":[20,33],"damage_taken":[{"damage":0.0,"enemies":"2 Louse","floor":1.0,"turns":1.0},{"damage":0.0,"enemies":"Cultist","floor":5.0,"turns":1.0},{"damage":0.0,"enemies":"3 Sentries","floor":6.0,"turns":1.0},{"damage":0.0,"enemies":"Small Slimes","floor":10.0,"turns":1.0},{"damage":0.0,"enemies":"Looter","floor":12.0,"turns":1.0},{"damage":10.0,"enemies":"Blue Slaver","floor":13.0,"turns":3.0},{"damage":0.0,"enemies":"Exordium Wildlife","floor":14.0,"turns":2.0},{"damage":1.0,"enemies":"Slime Boss","floor":16.0,"turns":6.0},{"damage":0.0,"enemies":"Spheric Guardian","floor":18.0,"turns":3.0},{"damage":9.0,"enemies":"Shell Parasite","floor":19.0,"turns":4.0},{"damage":2,"enemies":"Colosseum Slavers","floor":20,"turns":3},{"damage":24,"enemies":"Colosseum Nobs","floor":20,"turns":4},{"damage":26,"enemies":"Snake Plant","floor":21,"turns":4},{"damage":14,"enemies":"Slavers","floor":24,"turns":3},{"damage":25,"enemies":"Book of Stabbing","floor":31,"turns":4},{"damage":75,"enemies":"Collector","floor":33,"turns":6}],"seed_played":"1637005414710630208","potions_obtained":[{"floor":1.0,"key":"Energy Potion"},{"floor":6.0,"key":"Energy Potion"},{"floor":14.0,"key":"SpeedPotion"},{"floor":18.0,"key":"PowerPotion"},{"floor":31,"key":"SkillPotion"}],"is_trial":false,"path_per_floor":["M","$","?","$","M","E","$","R","T","M","R","M","M","M","R","B",null,"M","M","?","M","?","R","E","R","T","R","?","$","T","E","R","B"],"character_chosen":"THE_SILENT","items_purchased":["Sucker Punch","Dagger Spray","Flying Knee","Du-Vu Doll","Acrobatics"],"campfire_rested":3,"item_purchase_floors":[4,4,7,29,29],"current_hp_per_floor":[63,63,63,63,63,63,63,63,63,63,63,63,53,53,53,52,66,66,57,31,5,5,19,11,25,25,25,25,25,25,16,33,0],"gold":84,"neow_bonus":"THREE_ENEMY_KILL","is_prod":false,"is_daily":false,"chose_seed":false,"campfire_upgraded":1,"win_rate":0,"timestamp":1547661879,"path_taken":["M","$","?","$","?","E","?","R","T","M","R","M","M","M","R","BOSS","M","M","?","M","?","R","E","R","T","R","?","$","?","E","R","BOSS"],"build_version":"2019-01-10","purchased_purges":0,"victory":false,"max_hp_per_floor":[70,70,70,70,70,70,70,70,70,70,70,70,70,70,70,70,70,70,70,70,70,49,49,49,49,49,49,49,49,49,59,59,59],"card_choices":[{"not_picked":["Eviscerate","Dodge and Roll"],"picked":"Flying Knee","floor":1.0},{"not_picked":["Quick Slash","Dodge and Roll"],"picked":"Masterful Stab","floor":5.0},{"not_picked":["Envenom","Catalyst","Deadly Poison"],"picked":"SKIP","floor":6.0},{"not_picked":["Underhanded Strike","Concentrate"],"picked":"Sucker Punch","floor":10.0},{"not_picked":["Outmaneuver","Underhanded Strike"],"picked":"Acrobatics","floor":12.0},{"not_picked":["Dagger Throw","Deflect"],"picked":"Cloak And Dagger","floor":13.0},{"not_picked":["Poisoned Stab","Quick Slash"],"picked":"Blade Dance","floor":14.0},{"not_picked":["Corpse Explosion","Unload"],"picked":"Storm of Steel","floor":16.0},{"not_picked":["Caltrops","Noxious Fumes+1"],"picked":"Acrobatics","floor":18.0},{"not_picked":["Underhanded Strike+1","Sucker Punch"],"picked":"Slice","floor":19.0},{"not_picked":["Acrobatics","Die Die Die"],"picked":"Blade Dance+1","floor":20},{"not_picked":["Acrobatics","Finisher"],"picked":"Dagger Spray","floor":21},{"not_picked":["Concentrate","Bouncing Flask+1"],"picked":"Cloak And Dagger","floor":24},{"not_picked":["Leg Sweep","Venomology"],"picked":"Cloak And Dagger+1","floor":31}],"player_experience":367862,"relics_obtained":[{"floor":6.0,"key":"Girya"},{"floor":9.0,"key":"Ancient Tea Set"},{"floor":20,"key":"Calipers"},{"floor":20,"key":"Frozen Egg 2"},{"floor":24,"key":"Nunchaku"},{"floor":26,"key":"Blue Candle"},{"floor":30,"key":"Pen Nib"},{"floor":31,"key":"Pear"}],"event_choices":[{"damage_healed":0.0,"max_hp_gain":0.0,"max_hp_loss":0.0,"gold_gain":0.0,"cards_transformed":["Defend_G"],"event_name":"Transmorgrifier","player_choice":"Transformed","floor":3.0,"gold_loss":0.0,"damage_taken":0.0,"cards_obtained":["Bane"]},{"damage_healed":0,"gold_gain":0,"player_choice":"Fight","damage_taken":0,"max_hp_gain":0,"max_hp_loss":0,"event_name":"Colosseum","floor":20,"gold_loss":0},{"damage_healed":0,"gold_gain":0,"player_choice":"Fought Nobs","damage_taken":0,"max_hp_gain":0,"max_hp_loss":0,"event_name":"Colosseum","floor":20,"gold_loss":0},{"damage_healed":0,"gold_gain":0,"player_choice":"Became a vampire","damage_taken":0,"max_hp_gain":0,"max_hp_loss":21,"event_name":"Vampires","floor":22,"gold_loss":0,"cards_obtained":["Bite","Bite","Bite","Bite","Bite"]},{"damage_healed":0,"gold_gain":0,"player_choice":"Simplicity","damage_taken":0,"max_hp_gain":0,"max_hp_loss":0,"event_name":"Back to Basics","floor":28,"gold_loss":0,"cards_upgraded":["Defend_G","Defend_G","Defend_G","Defend_G"]}],"is_beta":false,"boss_relics":[{"not_picked":["Ectoplasm","Philosopher\u0027s Stone"],"picked":"Astrolabe"}],"items_purged_floors":[],"is_endless":false,"potions_floor_spawned":[1,6,14,16,18,19,31],"killed_by":"Collector","ascension_level":11}