{"path_per_floor":["M","$","$","M","M","R","E","M","T","E","$","?","?","M","R","B",null,"M","$","M","$","M","E","?","R","T","M","M","$","R","M","R","B",null,"M","?","?","?","M","M","R"],"character_chosen":"IRONCLAD","items_purchased":["Headbutt"],"gold_per_floor":[118,43,43,60,77,77,107,123,123,153,53,53,53,67,67,162,162,162,37,37,10,10,10,10,10,10,10,10,10,10,10,10,10,10,10,10,10,10,10,10,10],"floor_reached":42,"campfire_rested":1,"playtime":10423,"current_hp_per_floor":[80,80,80,80,80,80,60,60,60,55,55,55,90,90,90,70,90,90,90,84,84,75,66,66,66,66,60,54,54,85,71,71,10,104,104,94,94,73,70,51,51],"items_purged":["Strike_R","Strike_R","Strike_R"],"gold":10,"play_id":"a9ee4bed-60d0-48e0-99f5-8ee7df7b336b","is_prod":false,"is_daily":false,"campfire_rituals":0,"campfire_upgraded":5,"is_hardmode":false,"path_taken":["M","?","$","?","M","R","E","M","T","E","$","?","?","M","R","BOSS","M","?","M","$","M","E","?","R","T","?","M","?","R","M","R","BOSS","M","?","?","?","?","M","R","M"],"build_version":"2018-01-18-PROD4","purchased_purges":3,"victory":false,"master_deck":["Strike_R","Strike_R","Defend_R","Defend_R","Defend_R","Defend_R","Bash","Pommel Strike","Inflame","Spot Weakness","Double Tap","Offering","Headbutt","Flex","Headbutt","Shrug It Off","Heavy Blade","Offering","Pommel Strike","Madness","Seeing Red","Rupture"],"max_hp_per_floor":[80,80,80,80,80,80,80,80,80,80,80,80,90,90,90,90,90,90,90,90,90,90,104,104,104,104,104,104,104,104,104,104,104,104,104,104,104,104,104,104,104],"relics":["Burning Blood","NeowsBlessing","Anchor","Unceasing Top","Dodecahedron","Ectoplasm","Mango","Sundial","Question Card","Bird Faced Urn"],"campfire_meditates":0,"card_choices":[{"not_picked":["Armaments","Heavy Blade"],"picked":"Pommel Strike"},{"not_picked":["Flex","Cleave"],"picked":"Inflame"},{"not_picked":["Anger","Flex"],"picked":"Spot Weakness"},{"not_picked":["Bloodletting","Headbutt"],"picked":"Double Tap"},{"not_picked":["Brutality","Berserk"],"picked":"Barricade"},{"not_picked":["Brutality","Barricade"],"picked":"Offering"},{"not_picked":["Flex","Uppercut"],"picked":"Headbutt"},{"not_picked":["Clothesline","Sever Soul"],"picked":"Flex"},{"not_picked":["Iron Wave","Clash"],"picked":"Shrug It Off"},{"not_picked":["Flame Barrier","Warcry"],"picked":"Heavy Blade"},{"not_picked":["Brutality","Impervious"],"picked":"Offering"},{"not_picked":["Rage","Cleave","Headbutt"],"picked":"Pommel Strike"},{"not_picked":["Shrug It Off","Body Slam","Sentinel"],"picked":"Seeing Red"},{"not_picked":["Clothesline","Infernal Blade","Flame Barrier"],"picked":"Rupture"}],"player_experience":316032,"potions_floor_usage":[7,10,16,16,16,22,23,27,33,38,38],"damage_taken":[{"damage":0,"enemies":"Blue Slaver","floor":1,"turns":1},{"damage":0,"enemies":"Small Slimes","floor":4,"turns":1},{"damage":0,"enemies":"Cultist","floor":5,"turns":1},{"damage":26,"enemies":"Lagavulin","floor":7,"turns":7},{"damage":6,"enemies":"3 Louse","floor":8,"turns":4},{"damage":11,"enemies":"3 Sentries","floor":10,"turns":5},{"damage":0,"enemies":"Looter","floor":14,"turns":2},{"damage":26,"enemies":"The Guardian","floor":16,"turns":9},{"damage":4,"enemies":"3 Byrds","floor":18,"turns":4},{"damage":12,"enemies":"Shell Parasite","floor":20,"turns":3},{"damage":15,"enemies":"Snake Plant","floor":22,"turns":2},{"damage":29,"enemies":"Slavers","floor":23,"turns":6},{"damage":12,"enemies":"Snecko","floor":27,"turns":5},{"damage":12,"enemies":"Slaver and Parasite","floor":28,"turns":4},{"damage":20,"enemies":"3 Cultists","floor":31,"turns":5},{"damage":67,"enemies":"Champ","floor":33,"turns":7},{"damage":0,"enemies":"Orb Walker","floor":35,"turns":2},{"damage":27,"enemies":"Mysterious Sphere","floor":38,"turns":3},{"damage":9,"enemies":"3 Darklings","floor":39,"turns":3},{"damage":27,"enemies":"4 Shapes","floor":40,"turns":5},{"damage":64,"enemies":"Maw","floor":42,"turns":7}],"event_choices":[{"event_name":"The Lab","player_choice":"Got Potions","floor":12,"damage_taken":0},{"event_name":"Bonfire Elementals","player_choice":"RARE","floor":13,"damage_taken":0},{"event_name":"Addict","player_choice":"Ignored","floor":24,"damage_taken":0},{"event_name":"Winding Halls","player_choice":"Embrace Madness","floor":36,"damage_taken":0},{"event_name":"Mysterious Sphere","player_choice":"Fight","floor":38,"damage_taken":0}],"boss_relics":[{"not_picked":["Cursed Key","Runic Dome"],"picked":"Ectoplasm"},{"not_picked":["Runic Pyramid","Tiny House"],"picked":"Question Card"}],"potions_floor_spawned":[5,7,16,20,23,28,31,35,40],"seed_played":"7260132893208078079","killed_by":"Maw","is_trial":false}