{"gold_per_floor":[115,65,65,83,103,103,55,85,85,99,116,134,149,162,162,264,264,229,249,249],"floor_reached":20,"playtime":1322,"items_purged":[],"score":243,"play_id":"c624b911-c083-42fa-80e8-918f5fa28f51","local_time":"20190315044318","is_ascension_mode":true,"campfire_choices":[{"data":"Neutralize","floor":6,"key":"SMITH"},{"data":"Poisoned Stab","floor":15,"key":"SMITH"}],"neow_cost":"TEN_PERCENT_HP_LOSS","seed_source_timestamp":64573951855462,"circlet_count":0,"master_deck":["Defend_G","Defend_G","Defend_G","Defend_G","Strike_G","Strike_G","Strike_G","Strike_G","Survivor","Neutralize+1","Dagger Throw","Poisoned Stab+1","Poisoned Stab","Dodge and Roll","PiercingWail","Dagger Spray","Bullet Time","Acrobatics"],"relics":["Ring of the Snake","Unceasing Top","PreservedInsect","Meat on the Bone","Cursed Key"],"potions_floor_usage":[11,16,16,16,18],"damage_taken":[{"damage":4,"enemies":"Jaw Worm","floor":1,"turns":5},{"damage":0,"enemies":"2 Louse","floor":4,"turns":2},{"damage":0,"enemies":"Cultist","floor":5,"turns":3},{"damage":28,"enemies":"Gremlin Nob","floor":8,"turns":4},{"damage":22,"enemies":"Gremlin Gang","floor":10,"turns":5},{"damage":9,"enemies":"Lots of Slimes","floor":11,"turns":5},{"damage":5,"enemies":"Exordium Wildlife","floor":12,"turns":4},{"damage":2,"enemies":"3 Louse","floor":13,"turns":3},{"damage":10,"enemies":"Large Slime","floor":14,"turns":7},{"damage":19,"enemies":"Slime Boss","floor":16,"turns":10},{"damage":15,"enemies":"2 Thieves","floor":18,"turns":5},{"damage":22,"enemies":"Spheric Guardian","floor":19,"turns":4},{"damage":49,"enemies":"3 Cultists","floor":20,"turns":5}],"seed_played":"5799152160689843976","potions_obtained":[{"floor":8,"key":"Dexterity Potion"},{"floor":12,"key":"Weak Potion"},{"floor":13,"key":"Fruit Juice"},{"floor":14,"key":"Fire Potion"},{"floor":16,"key":"Fruit Juice"}],"is_trial":false,"path_per_floor":["M","?","?","M","M","R","$","E","T","M","M","M","M","M","R","B",null,"M","M","M"],"character_chosen":"THE_SILENT","items_purchased":["Poisoned Stab"],"campfire_rested":0,"item_purchase_floors":[7],"current_hp_per_floor":[59,59,59,59,59,59,59,31,31,21,24,31,41,43,43,41,61,51,41,0],"gold":249,"neow_bonus":"ONE_RARE_RELIC","is_prod":false,"is_daily":false,"chose_seed":false,"campfire_upgraded":2,"win_rate":0,"timestamp":1552642998,"path_taken":["M","?","?","M","M","R","$","E","T","M","M","?","M","M","R","BOSS","M","?","M"],"build_version":"2019-01-23","purchased_purges":0,"victory":false,"max_hp_per_floor":[63,63,63,63,63,63,63,63,63,63,63,63,63,63,63,68,68,73,73,73],"card_choices":[{"not_picked":["Poisoned Stab","Deflect"],"picked":"Dagger Throw","floor":1},{"not_picked":["Concentrate","Bane"],"picked":"Poisoned Stab","floor":4},{"not_picked":["Blur","Blade Dance","Phantasmal Killer"],"picked":"SKIP","floor":5},{"not_picked":["Expertise","Acrobatics","Outmaneuver"],"picked":"SKIP","floor":8},{"not_picked":["Endless Agony","Underhanded Strike"],"picked":"Dodge and Roll","floor":10},{"not_picked":["Blade Dance","Flying Knee"],"picked":"PiercingWail","floor":11},{"not_picked":["Caltrops","Prepared","Blade Dance"],"picked":"SKIP","floor":12},{"not_picked":["Quick Slash","Terror"],"picked":"Dagger Spray","floor":13},{"not_picked":["Caltrops","Backflip","Cloak And Dagger"],"picked":"SKIP","floor":14},{"not_picked":["Night Terror","Burst"],"picked":"Bullet Time","floor":16},{"not_picked":["PiercingWail+1","Skewer","Dodge and Roll"],"picked":"SKIP","floor":18},{"not_picked":["Poisoned Stab","Backflip"],"picked":"Acrobatics","floor":19}],"player_experience":569432,"relics_obtained":[{"floor":8,"key":"PreservedInsect"},{"floor":9,"key":"Meat on the Bone"}],"event_choices":[{"cards_removed":["Strike_G"],"damage_healed":0,"gold_gain":0,"player_choice":"Card Removal","damage_taken":0,"max_hp_gain":0,"max_hp_loss":0,"event_name":"The Cleric","floor":2,"gold_loss":50},{"cards_removed":["Defend_G"],"damage_healed":0,"gold_gain":0,"player_choice":"Offered Basic","damage_taken":0,"max_hp_gain":0,"max_hp_loss":0,"event_name":"Bonfire Elementals","floor":3,"gold_loss":0}],"is_beta":false,"boss_relics":[{"not_picked":["Ring of the Serpent","WristBlade"],"picked":"Cursed Key"}],"items_purged_floors":[],"is_endless":false,"potions_floor_spawned":[8,12,13,14,16],"killed_by":"3 Cultists","ascension_level":7}