{"gold_per_floor":[115,115,40,40,51,79,89,14,14,48,48,64,64,98,98,177,177,191,291,216,231,244,269,269,281,306,318,46,46,64,91,91,91],"floor_reached":33,"playtime":978,"items_purged":["Regret"],"score":722,"play_id":"1f5014ba-744f-4a36-8b04-8fa3f6a25651","local_time":"20190424122200","is_ascension_mode":true,"campfire_choices":[{"data":"Strike_R","floor":11,"key":"PURGE"},{"data":"Strike_R","floor":13,"key":"PURGE"},{"data":"Strike_R","floor":15,"key":"PURGE"},{"data":"Defend_R","floor":29,"key":"SMITH"},{"data":"Defend_R","floor":32,"key":"SMITH"}],"neow_cost":"NONE","seed_source_timestamp":3194671645869898,"circlet_count":0,"master_deck":["AscendersBane","Defend_R+1","Defend_R+1","Defend_R","Defend_R","Bash","Anger","Immolate+1","Bash+1","Headbutt+1","Flame Barrier","Iron Wave+1","Dropkick+1","Fiend Fire+1","Pommel Strike+1","Battle Trance","Armaments+1","Shrug It Off","Shrug It Off","Warcry+1","Exhume+1"],"relics":["Burning Blood","NeowsBlessing","Molten Egg 2","Peace Pipe","Letter Opener","Mango","Dodecahedron","Coffee Dripper","Dead Branch","Self Forming Clay","Anchor","Mercury Hourglass","Bag of Preparation","Toxic Egg 2","Boot"],"potions_floor_usage":[10,10,18,19,31,33],"damage_taken":[{"damage":0,"enemies":"2 Louse","floor":1,"turns":1},{"damage":0,"enemies":"Cultist","floor":5,"turns":1},{"damage":0,"enemies":"3 Sentries","floor":6,"turns":1},{"damage":0,"enemies":"Small Slimes","floor":7,"turns":1},{"damage":15,"enemies":"Lagavulin","floor":10,"turns":4},{"damage":0,"enemies":"3 Louse","floor":12,"turns":1},{"damage":0,"enemies":"Gremlin Nob","floor":14,"turns":2},{"damage":40,"enemies":"The Guardian","floor":16,"turns":8},{"damage":0,"enemies":"Chosen","floor":18,"turns":3},{"damage":13,"enemies":"Colosseum Slavers","floor":19,"turns":2},{"damage":2,"enemies":"Colosseum Nobs","floor":19,"turns":3},{"damage":10,"enemies":"2 Thieves","floor":21,"turns":2},{"damage":0,"enemies":"Centurion and Healer","floor":22,"turns":3},{"damage":0,"enemies":"Gremlin Leader","floor":23,"turns":3},{"damage":1,"enemies":"Snake Plant","floor":25,"turns":3},{"damage":0,"enemies":"Cultist and Chosen","floor":27,"turns":2},{"damage":0,"enemies":"Centurion and Healer","floor":30,"turns":2},{"damage":2,"enemies":"Book of Stabbing","floor":31,"turns":4},{"damage":91,"enemies":"Champ","floor":33,"turns":7}],"seed_played":"-134635800838309845","potions_obtained":[{"floor":1,"key":"SteroidPotion"},{"floor":6,"key":"Weak Potion"},{"floor":12,"key":"Fire Potion"},{"floor":16,"key":"GamblersBrew"},{"floor":21,"key":"Block Potion"},{"floor":23,"key":"FairyPotion"},{"floor":30,"key":"LiquidBronze"},{"floor":31,"key":"Weak Potion"}],"is_trial":false,"path_per_floor":["M","?","$","?","M","E","M","?","T","E","R","M","R","E","R","B",null,"M","?","?","M","M","E","T","M","T","M","$","R","M","E","R","B"],"character_chosen":"IRONCLAD","items_purchased":["Toxic Egg 2"],"campfire_rested":0,"item_purchase_floors":[28],"current_hp_per_floor":[74,74,74,74,75,75,75,75,75,80,80,86,86,89,89,55,81,87,84,84,80,86,89,89,89,89,89,89,89,89,89,89,0],"gold":91,"neow_bonus":"THREE_ENEMY_KILL","is_prod":false,"is_daily":false,"chose_seed":false,"campfire_upgraded":2,"win_rate":0,"timestamp":1556104920,"path_taken":["M","?","$","?","?","E","M","?","T","E","R","M","R","E","R","BOSS","M","?","?","M","M","E","?","M","T","M","$","R","M","E","R","BOSS"],"build_version":"2019-01-23","purchased_purges":1,"victory":false,"max_hp_per_floor":[75,75,75,75,75,75,75,75,75,89,89,89,89,89,89,89,89,89,89,89,89,89,89,89,89,89,89,89,89,89,89,89,89],"card_choices":[{"not_picked":["Reckless Charge","Uppercut"],"picked":"Anger","floor":1},{"not_picked":["Twin Strike+1","Bloodletting"],"picked":"Headbutt+1","floor":5},{"not_picked":["Headbutt+1","Entrench"],"picked":"Flame Barrier","floor":6},{"not_picked":["Twin Strike+1","Armaments"],"picked":"Iron Wave+1","floor":7},{"not_picked":["Anger+1","Wild Strike+1"],"picked":"Dropkick+1","floor":10},{"not_picked":["Twin Strike+1","Wild Strike+1","Bludgeon+1"],"picked":"SKIP","floor":12},{"not_picked":["Havoc","Second Wind","Perfected Strike+1"],"picked":"SKIP","floor":14},{"not_picked":["Juggernaut","Dark Embrace"],"picked":"Fiend Fire+1","floor":16},{"not_picked":["Wild Strike+1","Combust"],"picked":"Pommel Strike+1","floor":18},{"not_picked":["Flex","Headbutt+1"],"picked":"Battle Trance","floor":21},{"not_picked":["Seeing Red","Rampage+1","Clash+1"],"picked":"SKIP","floor":22},{"not_picked":["Clothesline+1","Flex"],"picked":"Armaments+1","floor":23},{"not_picked":["Twin Strike+1","Sword Boomerang+1"],"picked":"Shrug It Off","floor":25},{"not_picked":["Clash+1","Cleave+1"],"picked":"Shrug It Off","floor":27},{"not_picked":["Twin Strike+1","Uppercut+1"],"picked":"Warcry+1","floor":30},{"not_picked":["Pommel Strike+1","Heavy Blade+1"],"picked":"Exhume+1","floor":31}],"player_experience":644031,"relics_obtained":[{"floor":6,"key":"Peace Pipe"},{"floor":9,"key":"Letter Opener"},{"floor":10,"key":"Mango"},{"floor":14,"key":"Dodecahedron"},{"floor":19,"key":"Dead Branch"},{"floor":19,"key":"Self Forming Clay"},{"floor":23,"key":"Anchor"},{"floor":24,"key":"Mercury Hourglass"},{"floor":26,"key":"Bag of Preparation"},{"floor":31,"key":"Boot"}],"event_choices":[{"damage_healed":0,"gold_gain":0,"player_choice":"Box","damage_taken":0,"relics_obtained":["Molten Egg 2"],"max_hp_gain":0,"max_hp_loss":0,"event_name":"Big Fish","floor":2,"gold_loss":0,"cards_obtained":["Regret"]},{"damage_healed":0,"gold_gain":0,"player_choice":"2 cards matched","damage_taken":0,"max_hp_gain":0,"max_hp_loss":0,"event_name":"Match and Keep!","floor":4,"gold_loss":0,"cards_obtained":["Immolate","Bash"]},{"cards_removed":["Strike_R"],"damage_healed":0,"gold_gain":0,"player_choice":"Card Removal","damage_taken":0,"max_hp_gain":0,"max_hp_loss":0,"event_name":"The Cleric","floor":8,"gold_loss":75},{"damage_healed":0,"gold_gain":0,"player_choice":"Fight","damage_taken":0,"max_hp_gain":0,"max_hp_loss":0,"event_name":"Colosseum","floor":19,"gold_loss":0},{"damage_healed":0,"gold_gain":0,"player_choice":"Fought Nobs","damage_taken":0,"max_hp_gain":0,"max_hp_loss":0,"event_name":"Colosseum","floor":19,"gold_loss":0},{"cards_removed":["Strike_R"],"damage_healed":0,"gold_gain":0,"player_choice":"Gave Gold","damage_taken":0,"max_hp_gain":0,"max_hp_loss":0,"event_name":"Beggar","floor":20,"gold_loss":75}],"is_beta":false,"boss_relics":[{"not_picked":["Pandora\u0027s Box","Eternal Feather"],"picked":"Coffee Dripper"}],"items_purged_floors":[3],"is_endless":false,"potions_floor_spawned":[1,6,7,12,16,19,21,23,30,31],"killed_by":"Champ","ascension_level":18}