{"path_per_floor":["M","M","M","M","?","R","E","M","T","R","$","R","?","?","R","B",null,"M","?","M","?","M","R","E","$","T","$","E","M","R","M","R","B",null,"M","M","$","M","M","R","E","R","T","R","M","M","?","?","R","B"],"character_chosen":"IRONCLAD","items_purchased":["Flex","Flex","Headbutt","True Grit","Happy Flower"],"gold_per_floor":[109,121,133,143,143,143,176,195,195,195,96,96,96,96,96,194,194,134,134,149,149,168,168,203,31,31,31,59,71,71,87,87,184,184,200,217,22,42,55,55,87,87,111,111,122,132,132,0,0,0],"floor_reached":51,"campfire_rested":1,"playtime":6898,"current_hp_per_floor":[79,79,80,80,80,80,59,49,63,63,63,63,60,60,60,22,94,66,47,45,45,58,58,58,58,58,58,66,72,72,65,65,33,99,90,87,87,96,93,93,79,79,79,79,76,76,64,64,93,65],"items_purged":["Strike_R","Defend_R"],"gold":0,"score":617,"play_id":"57b74baa-d19d-4c1b-9337-820a58b431dc","is_prod":false,"is_daily":false,"is_ascension_mode":true,"campfire_upgraded":10,"path_taken":["M","M","M","M","?","R","E","M","T","R","$","R","?","?","R","BOSS","M","?","M","?","M","R","E","$","T","?","E","M","R","M","R","BOSS","M","M","$","M","M","R","E","R","T","R","M","M","?","?","R","BOSS"],"build_version":"2018-02-22-PROD2","purchased_purges":3,"victory":true,"master_deck":["Defend_R","Defend_R","Defend_R","Bash+1","Dark Embrace","Metallicize","Warcry","Havoc+1","Havoc+1","Anger+1","Ghostly Armor","Cleave","Flex+1","Offering","Power Through+1","Disarm","Bite","Bite","Bite","Bite","Bite","Whirlwind+1","Clothesline+1","Flex+1","Headbutt","Evolve+1","Fiend Fire","Rupture+1","Double Tap+1","Shrug It Off","Disarm+1","True Grit+1","Spot Weakness+1","Body Slam+1","Iron Wave","Shrug It Off+1","Iron Wave+1","Madness","Madness","Iron Wave+1"],"max_hp_per_floor":[80,80,80,80,80,80,80,80,94,94,94,94,94,94,94,94,94,94,99,99,99,99,99,99,99,99,99,99,99,99,99,99,99,99,99,99,99,99,99,99,99,99,99,99,99,99,99,99,99,99],"relics":["Burning Blood","Vajra","Mango","Mark of Pain","Meat on the Bone","Dream Catcher","Bronze Scales","Sozu","Happy Flower","Pen Nib","Juzu Bracelet","Red Mask"],"card_choices":[{"not_picked":["Clothesline","Bloodletting"],"picked":"Metallicize"},{"not_picked":["Clash","Blood for Blood"],"picked":"Warcry"},{"not_picked":["Headbutt","Sentinel"],"picked":"Havoc"},{"not_picked":["Metallicize","Pommel Strike"],"picked":"Havoc"},{"not_picked":["Bloodletting","Havoc"],"picked":"Ghostly Armor"},{"not_picked":["Pommel Strike","Thunderclap"],"picked":"Cleave"},{"not_picked":["Impervious","Dark Embrace"],"picked":"Offering"},{"not_picked":["Rage","Searing Blow"],"picked":"Power Through"},{"not_picked":["Warcry","Shrug It Off"],"picked":"Disarm"},{"not_picked":["Pommel Strike","Flex"],"picked":"Whirlwind"},{"not_picked":["Flex","Sword Boomerang"],"picked":"Clothesline"},{"not_picked":["Pommel Strike","Ghostly Armor"],"picked":"Evolve"},{"not_picked":["Flex","Perfected Strike"],"picked":"Fiend Fire"},{"not_picked":["Sword Boomerang","Twin Strike"],"picked":"Rupture"},{"not_picked":["Brutality","Impervious"],"picked":"Double Tap"},{"not_picked":["Clothesline","Power Through"],"picked":"Shrug It Off"},{"not_picked":["Sword Boomerang","Iron Wave"],"picked":"Disarm"},{"not_picked":["Blood for Blood","Cleave"],"picked":"Spot Weakness"},{"not_picked":["Perfected Strike","Bludgeon"],"picked":"Body Slam"},{"not_picked":["Reckless Charge","Corruption"],"picked":"Iron Wave"},{"not_picked":["Uppercut","Flex"],"picked":"Shrug It Off"},{"not_picked":["Cleave","Power Through"],"picked":"Iron Wave"},{"not_picked":["Thunderclap","Wild Strike"],"picked":"Iron Wave"}],"player_experience":104993,"potions_floor_usage":[7,22,28,33,33,36],"damage_taken":[{"damage":7,"enemies":"2 Louse","floor":1,"turns":3},{"damage":6,"enemies":"Cultist","floor":2,"turns":3},{"damage":4,"enemies":"Small Slimes","floor":3,"turns":5},{"damage":4,"enemies":"Blue Slaver","floor":4,"turns":6},{"damage":27,"enemies":"Gremlin Nob","floor":7,"turns":5},{"damage":16,"enemies":"Large Slime","floor":8,"turns":7},{"damage":46,"enemies":"Hexaghost","floor":16,"turns":12},{"damage":34,"enemies":"2 Thieves","floor":18,"turns":4},{"damage":10,"enemies":"Spheric Guardian","floor":20,"turns":6},{"damage":9,"enemies":"Chosen and Byrds","floor":22,"turns":6},{"damage":26,"enemies":"Gremlin Leader","floor":24,"turns":6},{"damage":18,"enemies":"Slavers","floor":28,"turns":5},{"damage":10,"enemies":"Snecko","floor":29,"turns":4},{"damage":15,"enemies":"Slaver and Parasite","floor":31,"turns":2},{"damage":78,"enemies":"Collector","floor":33,"turns":13},{"damage":15,"enemies":"Orb Walker","floor":35,"turns":2},{"damage":21,"enemies":"3 Darklings","floor":36,"turns":6},{"damage":17,"enemies":"4 Shapes","floor":38,"turns":13},{"damage":12,"enemies":"Sphere and 2 Shapes","floor":39,"turns":4},{"damage":22,"enemies":"Nemesis","floor":41,"turns":3},{"damage":15,"enemies":"3 Darklings","floor":45,"turns":4},{"damage":16,"enemies":"Maw","floor":46,"turns":7},{"damage":66,"enemies":"Time Eater","floor":50,"turns":10}],"event_choices":[{"event_name":"Transmorgrifier","player_choice":"Transform","floor":5,"damage_taken":0},{"event_name":"Scrap Ooze","player_choice":"success","floor":13,"damage_taken":3},{"event_name":"Golden Idol","player_choice":"Ignored","floor":14,"damage_taken":0},{"event_name":"Forgotten Altar","player_choice":"Shed Blood","floor":19,"damage_taken":0},{"event_name":"Vampires","player_choice":"Became a vampire (Vial)","floor":21,"damage_taken":0},{"event_name":"Winding Halls","player_choice":"Embrace Madness","floor":47,"damage_taken":0},{"event_name":"Tomb of Lord Red Mask","player_choice":"Paid","floor":48,"damage_taken":0}],"boss_relics":[{"not_picked":["Black Blood","Black Star"],"picked":"Mark of Pain"},{"not_picked":["Calling Bell","White Beast Statue"],"picked":"Sozu"}],"potions_floor_spawned":[3,4,20,28,31,33,38,39,45],"seed_played":"-3050435377635552591","ascension_level":1,"is_trial":false}