{"path_per_floor":["M","?","?","M","M","R","E","R","T","M","R","M","$","M","R","B",null,"M","M","?","?","M","R","?","R","T","$","E","$","?","M","R","B",null,"M","M","?","M","T","E","R","E","T","R","$","?","M","?","R"],"character_chosen":"IRONCLAD","items_purchased":["Apotheosis","True Grit","Whirlwind","Combust","Cauldron"],"gold_per_floor":[110,110,185,202,220,220,248,248,316,333,333,352,50,69,69,169,169,183,197,197,197,209,209,134,134,134,34,68,30,30,48,48,153,153,164,178,233,246,246,280,280,315,364,364,128,128,144,144,144,144],"floor_reached":50,"campfire_rested":2,"playtime":4873,"current_hp_per_floor":[80,80,69,75,78,78,56,56,56,48,48,43,43,39,63,61,80,80,74,59,59,59,59,59,59,59,59,40,40,40,59,59,58,59,59,59,51,35,45,75,75,83,83,83,83,73,73,73,83,0],"items_purged":["Strike_R","Defend_R"],"gold":144,"score":673,"play_id":"2ff69807-8ebd-47a6-bead-128102ff0e9d","local_time":"20180410000623","is_prod":false,"is_daily":false,"is_ascension_mode":true,"campfire_upgraded":8,"timestamp":1523315183,"path_taken":["M","?","?","?","M","R","E","R","T","?","R","M","$","M","R","BOSS","M","M","?","?","M","R","?","R","T","?","E","$","?","?","R","BOSS","M","M","?","?","?","E","R","E","T","R","$","?","?","?","R","BOSS"],"build_version":"2018-04-05v2","purchased_purges":4,"victory":false,"master_deck":["Defend_R","Defend_R","Defend_R","Shrug It Off+1","Clothesline+1","Metallicize+1","Juggernaut+1","Flex+1","Iron Wave","Apotheosis+1","True Grit","Iron Wave","Reaper","True Grit+1","Metallicize+1","Bite","Bite","Bite","Bite","Rage+1","Whirlwind+1","Demon Form+1","Warcry+1","Entrench+1","Juggernaut+1","Combust+1","Madness","Madness"],"max_hp_per_floor":[80,80,80,80,80,80,80,80,80,80,80,80,80,80,80,80,80,80,80,85,59,59,59,59,59,59,59,59,59,59,59,59,59,59,59,59,73,73,83,83,83,83,83,83,83,83,83,83,83,83],"relics":["Burning Blood","Mummified Hand","Frozen Egg 2","Velvet Choker","Du-Vu Doll","Meat on the Bone","Philosopher\u0027s Stone","Mango","Pear","Oddly Smooth Stone","Kunai","Bag of Marbles","Cauldron"],"card_choices":[{"not_picked":["Warcry","Metallicize"],"picked":"Shrug It Off","floor":1},{"not_picked":["Carnage","Perfected Strike"],"picked":"Clothesline","floor":4},{"not_picked":["Wild Strike","Clash"],"picked":"Metallicize","floor":5},{"not_picked":["Heavy Blade","Carnage"],"picked":"Juggernaut","floor":7},{"not_picked":["Havoc","Clothesline"],"picked":"Flex","floor":10},{"not_picked":["Headbutt","Combust"],"picked":"Iron Wave","floor":12},{"not_picked":["Sword Boomerang","Heavy Blade"],"picked":"Iron Wave","floor":14},{"not_picked":["Dark Embrace","Brutality"],"picked":"Reaper","floor":16},{"not_picked":["Thunderclap","Iron Wave"],"picked":"True Grit","floor":18},{"not_picked":["Carnage","Cleave"],"picked":"Metallicize","floor":19},{"not_picked":["Spot Weakness","Dual Wield"],"picked":"Rage","floor":22},{"not_picked":["Immolate","Impervious"],"picked":"Demon Form","floor":33},{"not_picked":["Perfected Strike","Metallicize"],"picked":"Warcry","floor":36},{"not_picked":["Rupture","Cleave"],"picked":"Entrench","floor":38},{"not_picked":["Exhume","Twin Strike"],"picked":"Juggernaut","floor":42}],"player_experience":208489,"potions_floor_usage":[12,16,33,37,40,50,50,50],"damage_taken":[{"damage":2,"enemies":"2 Louse","floor":1,"turns":3},{"damage":0,"enemies":"Jaw Worm","floor":4,"turns":5},{"damage":3,"enemies":"Small Slimes","floor":5,"turns":3},{"damage":28,"enemies":"3 Sentries","floor":7,"turns":13},{"damage":14,"enemies":"Looter","floor":10,"turns":4},{"damage":11,"enemies":"Lots of Slimes","floor":12,"turns":4},{"damage":10,"enemies":"Red Slaver","floor":14,"turns":5},{"damage":8,"enemies":"The Guardian","floor":16,"turns":10},{"damage":9,"enemies":"Shell Parasite","floor":18,"turns":5},{"damage":17,"enemies":"Spheric Guardian","floor":19,"turns":6},{"damage":0,"enemies":"Centurion and Healer","floor":22,"turns":9},{"damage":38,"enemies":"Slavers","floor":28,"turns":7},{"damage":0,"enemies":"Snecko","floor":31,"turns":5},{"damage":33,"enemies":"Collector","floor":33,"turns":10},{"damage":0,"enemies":"Orb Walker","floor":35,"turns":4},{"damage":26,"enemies":"3 Darklings","floor":36,"turns":4},{"damage":31,"enemies":"Mysterious Sphere","floor":37,"turns":4},{"damage":61,"enemies":"Sphere and 2 Shapes","floor":38,"turns":6},{"damage":5,"enemies":"Giant Head","floor":40,"turns":7},{"damage":26,"enemies":"Nemesis","floor":42,"turns":7},{"damage":19,"enemies":"Maw","floor":47,"turns":7},{"damage":118,"enemies":"Time Eater","floor":50,"turns":9}],"event_choices":[{"event_name":"Living Wall","player_choice":"Forget","floor":2,"damage_taken":0},{"event_name":"World of Goop","player_choice":"Gather Gold","floor":3,"damage_taken":0},{"event_name":"Forgotten Altar","player_choice":"Shed Blood","floor":20,"damage_taken":0},{"event_name":"Vampires","player_choice":"Became a vampire","floor":21,"damage_taken":0},{"event_name":"Beggar","player_choice":"Gave Gold","floor":24,"damage_taken":0},{"event_name":"Drug Dealer","player_choice":"Ignored","floor":30,"damage_taken":0},{"event_name":"Mysterious Sphere","player_choice":"Fight","floor":37,"damage_taken":0},{"event_name":"Winding Halls","player_choice":"Embrace Madness","floor":46,"damage_taken":0}],"boss_relics":[{"not_picked":["Runic Cube","Black Star"],"picked":"Velvet Choker"},{"not_picked":["Lizard Tail","White Beast Statue"],"picked":"Philosopher\u0027s Stone"}],"potions_floor_spawned":[4,14,16,18,31,36,37,38],"seed_played":"4192472798632927307","killed_by":"Time Eater","ascension_level":4,"is_trial":false}