{"gold_per_floor":[115,130,143,143,143,173,173,173,173,187,204,216,227,247,247,325,325,338,30,43,71,88,88,107,107,107,125,125,125,144,161,161,232,232,245,245,245],"floor_reached":37,"playtime":1614,"items_purged":["Strike_R"],"score":784,"play_id":"56aaf972-a550-43f2-89ee-06100e6c7cfb","local_time":"20180915203603","is_ascension_mode":true,"campfire_choices":[{"data":"Whirlwind","floor":7,"key":"SMITH"},{"data":"Flex","floor":15,"key":"SMITH"},{"floor":23,"key":"REST"},{"floor":25,"key":"REST"},{"floor":28,"key":"REST"},{"floor":32,"key":"REST"}],"neow_cost":"NONE","seed_source_timestamp":111431231340037,"circlet_count":0,"master_deck":["Strike_R+1","Strike_R","Defend_R","Defend_R","Defend_R","Defend_R","Bash","AscendersBane","Sever Soul+1","Thunderclap","Whirlwind+1","Flex+1","Battle Trance","Demon Form","Combust","Heavy Blade+1","Battle Trance","Offering"],"relics":["Burning Blood","Orichalcum","Mummified Hand","Pantograph","Empty Cage","Brimstone","Red Mask","The Courier","Mark of Pain","Gambling Chip"],"potions_floor_usage":[6,16,16,33,37,37],"damage_taken":[{"damage":0,"enemies":"Cultist","floor":1,"turns":3},{"damage":8,"enemies":"Jaw Worm","floor":2,"turns":4},{"damage":12,"enemies":"Small Slimes","floor":3,"turns":3},{"damage":12,"enemies":"3 Sentries","floor":6,"turns":5},{"damage":0,"enemies":"Exordium Wildlife","floor":10,"turns":3},{"damage":14,"enemies":"Large Slime","floor":11,"turns":4},{"damage":0,"enemies":"2 Fungi Beasts","floor":12,"turns":2},{"damage":7,"enemies":"Exordium Wildlife","floor":13,"turns":3},{"damage":6,"enemies":"Looter","floor":14,"turns":3},{"damage":36,"enemies":"Hexaghost","floor":16,"turns":7},{"damage":24,"enemies":"3 Byrds","floor":18,"turns":5},{"damage":0,"enemies":"Chosen","floor":20,"turns":3},{"damage":34,"enemies":"Masked Bandits","floor":21,"turns":3},{"damage":14,"enemies":"Centurion and Healer","floor":22,"turns":6},{"damage":10,"enemies":"3 Cultists","floor":24,"turns":3},{"damage":24,"enemies":"Snecko","floor":27,"turns":4},{"damage":38,"enemies":"Snake Plant","floor":30,"turns":3},{"damage":24,"enemies":"Cultist and Chosen","floor":31,"turns":4},{"damage":35,"enemies":"Collector","floor":33,"turns":6},{"damage":0,"enemies":"3 Shapes","floor":35,"turns":1},{"damage":39,"enemies":"Mind Bloom Boss Battle","floor":36,"turns":4}],"seed_played":"-7014056086417102498","potions_obtained":[{"floor":3,"key":"AttackPotion"},{"floor":11,"key":"FearPotion"},{"floor":13,"key":"Strength Potion"},{"floor":21,"key":"LiquidBronze"},{"floor":30,"key":"SpeedPotion"},{"floor":33,"key":"Weak Potion"}],"is_trial":false,"path_per_floor":["M","M","M","$","?","E","R","?","T","M","M","M","M","M","R","B",null,"M","$","M","?","M","R","M","R","T","M","R","?","M","M","R","B",null,"M","?"],"character_chosen":"IRONCLAD","items_purchased":["Brimstone"],"campfire_rested":4,"item_purchase_floors":[19],"current_hp_per_floor":[74,72,66,66,71,65,65,41,41,47,39,45,44,44,44,39,70,52,52,58,30,22,46,42,66,66,48,72,72,40,22,46,42,71,77,47,0],"gold":245,"neow_bonus":"RANDOM_COMMON_RELIC","is_prod":false,"is_daily":false,"chose_seed":false,"campfire_upgraded":2,"win_rate":0,"timestamp":1537040163,"path_taken":["M","?","M","?","?","E","R","?","T","M","?","M","M","M","R","BOSS","M","$","M","?","M","R","?","R","T","M","R","?","?","M","R","BOSS","M","?","?"],"build_version":"2018-09-06","purchased_purges":1,"victory":false,"max_hp_per_floor":[75,75,75,75,80,80,80,80,80,80,80,80,80,80,80,80,80,80,80,80,80,80,80,80,80,80,80,80,80,80,80,80,80,80,80,80,80],"card_choices":[{"not_picked":["True Grit","Twin Strike","Clothesline"],"picked":"SKIP","floor":1},{"not_picked":["Sword Boomerang","Perfected Strike"],"picked":"Sever Soul","floor":2},{"not_picked":["Rage","Cleave"],"picked":"Thunderclap","floor":3},{"not_picked":["Entrench","Sword Boomerang"],"picked":"Whirlwind","floor":6},{"not_picked":["Pummel","True Grit"],"picked":"Flex","floor":10},{"not_picked":["Anger","Headbutt","Body Slam"],"picked":"SKIP","floor":11},{"not_picked":["Pommel Strike","Heavy Blade","Anger"],"picked":"SKIP","floor":12},{"not_picked":["Perfected Strike","True Grit"],"picked":"Battle Trance","floor":13},{"not_picked":["Entrench","Clothesline","Spot Weakness"],"picked":"SKIP","floor":14},{"not_picked":["Exhume","Dark Embrace"],"picked":"Demon Form","floor":16},{"not_picked":["True Grit","Flex"],"picked":"Combust","floor":18},{"not_picked":["Iron Wave+1","Corruption+1","Wild Strike"],"picked":"SKIP","floor":20},{"not_picked":["Hemokinesis","Flame Barrier"],"picked":"Heavy Blade+1","floor":22},{"not_picked":["Iron Wave","Thunderclap","Clothesline"],"picked":"SKIP","floor":24},{"not_picked":["Uppercut+1","Armaments","Sentinel"],"picked":"SKIP","floor":27},{"not_picked":["Body Slam","Flex"],"picked":"Battle Trance","floor":30},{"not_picked":["Flame Barrier","Shockwave+1","Combust"],"picked":"SKIP","floor":31},{"not_picked":["Reaper","Feed"],"picked":"Offering","floor":33},{"not_picked":["Second Wind","Power Through+1","True Grit+1"],"picked":"SKIP","floor":35}],"player_experience":361075,"relics_obtained":[{"floor":6,"key":"Mummified Hand"},{"floor":9,"key":"Pantograph"},{"floor":21,"key":"Red Mask"},{"floor":26,"key":"The Courier"},{"floor":36,"key":"Gambling Chip"}],"event_choices":[{"event_name":"Big Fish","player_choice":"Donut","floor":5,"damage_taken":0},{"event_name":"Shining Light","player_choice":"Entered Light","floor":8,"damage_taken":0},{"event_name":"Masked Bandits","player_choice":"Fought Bandits","floor":21,"damage_taken":0},{"event_name":"Ghosts","player_choice":"Ignored","floor":29,"damage_taken":0},{"event_name":"MindBloom","player_choice":"Fight","floor":36,"damage_taken":0},{"event_name":"Mysterious Sphere","player_choice":"Fight","floor":37,"damage_taken":0}],"is_beta":false,"boss_relics":[{"not_picked":["Orrery","Astrolabe"],"picked":"Empty Cage"},{"not_picked":["Black Blood","Runic Cube"],"picked":"Mark of Pain"}],"items_purged_floors":[19],"is_endless":false,"potions_floor_spawned":[3,11,13,21,30,31,33],"killed_by":"Mysterious Sphere","ascension_level":19}