{"gold_per_floor":[110,126,144,159,171,171,199,199,199,199,224,224,224,237,237,314,314,333,333,343,313,327,327,343,363,363,363,363,378,378,24,24,24],"floor_reached":33,"playtime":960,"items_purged":[],"score":427,"play_id":"803d0321-6954-4a04-a219-36acc4717bdd","local_time":"20190118164024","is_ascension_mode":true,"campfire_choices":[{"data":"Cloak And Dagger","floor":8,"key":"SMITH"},{"data":"Blade Dance","floor":12,"key":"SMITH"},{"data":"Cloak And Dagger","floor":15,"key":"SMITH"},{"data":"Choke","floor":23,"key":"SMITH"},{"floor":30,"key":"REST"},{"floor":32,"key":"REST"}],"neow_cost":"NONE","seed_source_timestamp":2070979050375050,"circlet_count":0,"master_deck":["AscendersBane","Defend_G","Defend_G","Defend_G","Defend_G","Defend_G","Strike_G","Strike_G","Strike_G","Strike_G","Strike_G","Survivor","Neutralize","Finisher+1","Cloak And Dagger+1","Dagger Spray","Quick Slash","Slice","Blade Dance+1","Acrobatics","Cloak And Dagger+1","Die Die Die","Slice","Choke+1","Acrobatics","Flying Knee+1","Finisher+1"],"relics":["Philosopher\u0027s Stone","Bag of Preparation","Smiling Mask","Omamori","Cursed Key","Frozen Egg 2","Question Card","MutagenicStrength","DollysMirror","Bag of Marbles"],"potions_floor_usage":[7,16,16,24,25,25],"damage_taken":[{"damage":5,"enemies":"Cultist","floor":1,"turns":5},{"damage":0,"enemies":"Small Slimes","floor":2,"turns":3},{"damage":0,"enemies":"2 Louse","floor":3,"turns":3},{"damage":0,"enemies":"2 Fungi Beasts","floor":4,"turns":4},{"damage":0,"enemies":"3 Louse","floor":5,"turns":4},{"damage":18,"enemies":"Lagavulin","floor":7,"turns":5},{"damage":5,"enemies":"3 Sentries","floor":11,"turns":5},{"damage":0,"enemies":"Looter","floor":14,"turns":3},{"damage":26,"enemies":"Hexaghost","floor":16,"turns":8},{"damage":0,"enemies":"Spheric Guardian","floor":18,"turns":1},{"damage":7,"enemies":"Shell Parasite","floor":20,"turns":4},{"damage":13,"enemies":"Centurion and Healer","floor":22,"turns":8},{"damage":11,"enemies":"Shelled Parasite and Fungi","floor":24,"turns":3},{"damage":5,"enemies":"Snecko","floor":25,"turns":3},{"damage":0,"enemies":"Sentry and Sphere","floor":29,"turns":2},{"damage":69,"enemies":"Collector","floor":33,"turns":5}],"seed_played":"2142919967323045437","potions_obtained":[{"floor":4,"key":"Strength Potion"},{"floor":5,"key":"Poison Potion"},{"floor":7,"key":"SpeedPotion"},{"floor":21,"key":"FearPotion"},{"floor":21,"key":"EssenceOfSteel"},{"floor":24,"key":"Poison Potion"}],"is_trial":false,"path_per_floor":["M","M","M","M","M","?","E","R","T","?","E","R","?","M","R","B",null,"M","?","M","?","M","R","M","M","T","?","?","M","R","$","R","B"],"character_chosen":"THE_SILENT","items_purchased":["DollysMirror","Bag of Marbles"],"campfire_rested":2,"item_purchase_floors":[31,31],"current_hp_per_floor":[58,58,58,58,58,58,40,40,40,40,35,35,40,40,40,14,60,60,60,53,53,40,40,29,24,24,24,24,24,46,46,68,0],"gold":24,"neow_bonus":"BOSS_RELIC","is_prod":false,"is_daily":false,"chose_seed":false,"campfire_upgraded":4,"win_rate":0,"timestamp":1547829624,"path_taken":["M","M","M","?","?","?","E","R","T","?","E","R","?","M","R","BOSS","M","?","M","?","?","R","?","M","T","?","?","M","R","$","R","BOSS"],"build_version":"2019-01-17v2","purchased_purges":0,"victory":false,"max_hp_per_floor":[70,70,70,70,70,70,70,70,70,70,70,70,75,75,75,75,75,75,75,75,75,75,75,75,75,75,75,75,75,75,75,75,75],"card_choices":[{"not_picked":["Bane","Slice"],"picked":"Finisher","floor":1},{"not_picked":["PiercingWail","Eviscerate"],"picked":"Cloak And Dagger","floor":2},{"not_picked":["Dash","Masterful Stab"],"picked":"Dagger Spray","floor":3},{"not_picked":["Poisoned Stab","Setup"],"picked":"Quick Slash","floor":4},{"not_picked":["Flying Knee","Bane"],"picked":"Slice","floor":5},{"not_picked":["Expertise","Tools of the Trade"],"picked":"Blade Dance","floor":7},{"not_picked":["Flechettes","Dodge and Roll"],"picked":"Acrobatics","floor":11},{"not_picked":["Dash","Escape Plan"],"picked":"Cloak And Dagger","floor":14},{"not_picked":["Tools of the Trade","Venomology"],"picked":"Die Die Die","floor":16},{"not_picked":["Calculated Gamble","Dodge and Roll","Reflex"],"picked":"SKIP","floor":18},{"not_picked":["Caltrops+1","Bouncing Flask"],"picked":"Slice","floor":20},{"not_picked":["Well Laid Plans+1","Outmaneuver"],"picked":"Choke","floor":22},{"not_picked":["Blade Dance","Sucker Punch"],"picked":"Acrobatics","floor":24},{"not_picked":["Choke","Deflect"],"picked":"Flying Knee+1","floor":25},{"not_picked":["Heel Hook","Blade Dance","Deadly Poison","Underhanded Strike"],"picked":"SKIP","floor":29}],"player_experience":412989,"relics_obtained":[{"floor":7,"key":"Bag of Preparation"},{"floor":9,"key":"Smiling Mask"},{"floor":11,"key":"Omamori"},{"floor":26,"key":"Question Card"}],"event_choices":[{"damage_healed":0,"gold_gain":0,"player_choice":"Ignored","damage_taken":0,"max_hp_gain":0,"max_hp_loss":0,"event_name":"Golden Wing","floor":6,"gold_loss":0},{"damage_healed":0,"gold_gain":0,"player_choice":"Grow","damage_taken":0,"max_hp_gain":0,"max_hp_loss":0,"event_name":"Living Wall","floor":10,"gold_loss":0,"cards_upgraded":["Finisher"]},{"damage_healed":0,"gold_gain":0,"player_choice":"Donut","damage_taken":0,"max_hp_gain":5,"max_hp_loss":0,"event_name":"Big Fish","floor":13,"gold_loss":0},{"damage_healed":0,"gold_gain":0,"player_choice":"Opened","damage_taken":0,"relics_obtained":["Frozen Egg 2"],"max_hp_gain":0,"max_hp_loss":0,"event_name":"The Mausoleum","floor":19,"gold_loss":0,"cards_obtained":["Writhe"]},{"damage_healed":0,"gold_gain":0,"player_choice":"Bought 2 Potions","damage_taken":0,"max_hp_gain":0,"max_hp_loss":0,"event_name":"The Woman in Blue","floor":21,"gold_loss":0},{"damage_healed":0,"gold_gain":0,"player_choice":"Ignored","damage_taken":0,"max_hp_gain":0,"max_hp_loss":0,"event_name":"Beggar","floor":27,"gold_loss":0},{"damage_healed":0,"gold_gain":0,"player_choice":"Inject Mutagens","damage_taken":0,"relics_obtained":["MutagenicStrength"],"max_hp_gain":0,"max_hp_loss":0,"event_name":"Drug Dealer","floor":28,"gold_loss":0}],"is_beta":false,"boss_relics":[{"not_picked":["Sozu","White Beast Statue"],"picked":"Cursed Key"}],"items_purged_floors":[],"is_endless":false,"potions_floor_spawned":[4,5,7,11,14,22,24],"killed_by":"Collector","ascension_level":13}