{"path_per_floor":["M","?","$","?","?","E","M","R","T","?","M","M","M","E","R"],"character_chosen":"IRONCLAD","items_purchased":["Armaments","Ghostly Armor"],"gold_per_floor":[119,119,31,31,106,134,149,149,175,198,213,231,245,279,279],"floor_reached":16,"campfire_rested":1,"playtime":1419,"current_hp_per_floor":[80,73,73,73,62,44,50,50,50,55,61,67,51,30,69],"items_purged":[],"gold":279,"play_id":"32fb35d8-e404-4664-a49f-5141cfc4f2d9","is_prod":false,"is_daily":false,"campfire_rituals":0,"campfire_upgraded":1,"is_hardmode":false,"path_taken":["M","?","$","?","?","E","M","R","T","?","M","M","M","E","R","BOSS"],"build_version":"2018-01-04-PROD1","purchased_purges":0,"victory":false,"master_deck":["Strike_R","Strike_R","Strike_R","Strike_R","Defend_R","Defend_R","Defend_R","Bash","Ghostly Armor","Armaments","Ghostly Armor","Normality","Entrench","Armaments","Headbutt","Power Through","Shrug It Off","Entrench"],"max_hp_per_floor":[80,80,80,80,80,80,80,80,80,80,80,80,82,82,82],"relics":["Burning Blood","Singing Bowl","Regal Pillow","Bag of Marbles","Odd Mushroom","Ancient Tea Set"],"campfire_meditates":0,"card_choices":[{"not_picked":["Inflame","Combust"],"picked":"Ghostly Armor"},{"not_picked":["Whirlwind","Thunderclap"],"picked":"Entrench"},{"not_picked":["Cleave","Corruption"],"picked":"Armaments"},{"not_picked":["Ghostly Armor","Rampage"],"picked":"Headbutt"},{"not_picked":["Shockwave","Iron Wave"],"picked":"Power Through"},{"not_picked":["Intimidate","Sever Soul"],"picked":"Shrug It Off"},{"not_picked":["Reckless Charge","Armaments"],"picked":"Entrench"}],"player_experience":149996,"potions_floor_usage":[10,10,16],"damage_taken":[{"damage":1,"enemies":"2 Louse","floor":1,"turns":3},{"damage":24,"enemies":"Gremlin Nob","floor":6,"turns":5},{"damage":0,"enemies":"Small Slimes","floor":7,"turns":5},{"damage":1,"enemies":"The Mushroom Lair","floor":10,"turns":7},{"damage":0,"enemies":"Jaw Worm","floor":11,"turns":6},{"damage":0,"enemies":"Large Slime","floor":12,"turns":11},{"damage":24,"enemies":"Gremlin Gang","floor":13,"turns":8},{"damage":27,"enemies":"Lagavulin","floor":14,"turns":10},{"damage":77,"enemies":"Hexaghost","floor":16,"turns":16}],"event_choices":[{"event_name":"Golden Wing","player_choice":"Card Removal","floor":2,"damage_taken":0},{"event_name":"Accursed Blacksmith","player_choice":"Rummage","floor":4,"damage_taken":0},{"event_name":"World of Goop","player_choice":"Gather Gold","floor":5,"damage_taken":0},{"event_name":"Mushrooms","player_choice":"Fought Mushrooms","floor":10,"damage_taken":0}],"boss_relics":[],"potions_floor_spawned":[1,7,10,14],"seed_played":"-4067541903133393066","killed_by":"Hexaghost","is_trial":false}