{"gold_per_floor":[110,110,125,187,237,237,287,299,329,403,435,498,10,60,60,134,134,124,174,224,43,21,21,31,91,91,141,141,175,20,55,55,132,132,144,154,169,11,26,26,46,46,71,136,155,205,62,78,78,78],"floor_reached":51,"playtime":4160,"items_purged":["Strike_G","Writhe"],"score":1217,"play_id":"1053d47d-7970-4534-aac1-a1bfa6ab49d7","local_time":"20190202152231","is_ascension_mode":true,"campfire_choices":[{"data":"Neutralize","floor":6,"key":"SMITH"},{"data":"Backflip","floor":15,"key":"SMITH"},{"data":"Noxious Fumes","floor":23,"key":"SMITH"},{"data":"Cloak And Dagger","floor":28,"key":"SMITH"},{"data":"Infinite Blades","floor":32,"key":"SMITH"},{"floor":40,"key":"REST"},{"floor":42,"key":"REST"},{"data":"Leg Sweep","floor":49,"key":"SMITH"}],"neow_cost":"NONE","seed_source_timestamp":605412157643450,"circlet_count":0,"master_deck":["AscendersBane","Defend_G","Defend_G","Defend_G","Defend_G","Defend_G","Strike_G","Strike_G","Strike_G","Survivor+1","Neutralize+1","Dash","Predator","Leg Sweep+1","Backflip+1","Infinite Blades+1","Cloak And Dagger+1","Phantasmal Killer","Noxious Fumes+1","Riddle With Holes","Backflip+1","Chrysalis+1","Backstab+1","Night Terror+1","Crippling Poison+1","Backflip+1","Catalyst+1","Parasite","PiercingWail+1","Bullet Time+1","PiercingWail+1","Burst+1","Secret Technique+1"],"relics":["Ring of the Snake","SsserpentHead","Tiny Chest","Pen Nib","Ornamental Fan","Mummified Hand","Blood Vial","Snecko Eye","Art of War","Bird Faced Urn","Membership Card","Toxic Egg 2","Bag of Preparation","Molten Egg 2","Bronze Scales","HoveringKite","Strange Spoon","Boot"],"potions_floor_usage":[16,33,33],"damage_taken":[{"damage":0,"enemies":"2 Louse","floor":1,"turns":3},{"damage":0,"enemies":"Cultist","floor":3,"turns":4},{"damage":0,"enemies":"Jaw Worm","floor":4,"turns":5},{"damage":0,"enemies":"2 Fungi Beasts","floor":8,"turns":4},{"damage":43,"enemies":"Gremlin Nob","floor":11,"turns":7},{"damage":0,"enemies":"Blue Slaver","floor":12,"turns":3},{"damage":19,"enemies":"The Guardian","floor":16,"turns":17},{"damage":7,"enemies":"2 Thieves","floor":18,"turns":5},{"damage":0,"enemies":"Chosen","floor":24,"turns":5},{"damage":8,"enemies":"Centurion and Healer","floor":25,"turns":9},{"damage":5,"enemies":"Book of Stabbing","floor":29,"turns":5},{"damage":13,"enemies":"Slavers","floor":31,"turns":8},{"damage":28,"enemies":"Champ","floor":33,"turns":14},{"damage":1,"enemies":"3 Shapes","floor":35,"turns":6},{"damage":20,"enemies":"3 Darklings","floor":36,"turns":5},{"damage":29,"enemies":"Transient","floor":37,"turns":5},{"damage":4,"enemies":"Writhing Mass","floor":39,"turns":5},{"damage":17,"enemies":"Maw","floor":41,"turns":8},{"damage":1,"enemies":"4 Shapes","floor":44,"turns":7},{"damage":0,"enemies":"Transient","floor":45,"turns":5},{"damage":0,"enemies":"Sphere and 2 Shapes","floor":48,"turns":3},{"damage":2,"enemies":"Time Eater","floor":50,"turns":6}],"seed_played":"7509032487618749471","potions_obtained":[{"floor":4,"key":"Regen Potion"},{"floor":8,"key":"Energy Potion"},{"floor":11,"key":"GhostInAJar"},{"floor":24,"key":"SpeedPotion"},{"floor":36,"key":"LiquidBronze"},{"floor":37,"key":"Energy Potion"},{"floor":39,"key":"Swift Potion"}],"is_trial":false,"path_per_floor":["M","?","M","M","?","R","?","M","T","T","E","M","$","T","R","B",null,"M","?","T","$","$","R","M","M","T","?","R","E","$","E","R","B",null,"M","M","M","$","M","R","M","R","T","M","M","?","$","M","R","B",null],"character_chosen":"THE_SILENT","items_purchased":["Mummified Hand","Infinite Blades","Cloak And Dagger","Membership Card","Noxious Fumes","Chrysalis+1","Catalyst+1","Strange Spoon","Burst+1","Secret Technique+1"],"campfire_rested":2,"item_purchase_floors":[13,13,13,21,22,30,38,38,47,47],"current_hp_per_floor":[65,65,65,65,65,65,65,65,65,65,22,22,22,22,22,20,59,54,54,54,54,54,54,56,54,54,54,54,55,55,48,48,26,61,66,50,25,25,25,46,41,62,62,67,72,72,72,72,72,72],"gold":78,"neow_bonus":"TEN_PERCENT_HP_BONUS","is_prod":false,"is_daily":false,"chose_seed":false,"campfire_upgraded":6,"win_rate":0,"timestamp":1549120951,"path_taken":["M","?","M","?","?","R","?","M","T","?","E","?","$","?","R","BOSS","M","?","?","?","$","R","M","?","T","?","R","E","$","E","R","BOSS","M","M","M","$","M","R","M","R","T","?","M","?","$","M","R","BOSS"],"build_version":"2019-01-23","purchased_purges":2,"victory":true,"max_hp_per_floor":[72,72,72,72,72,72,72,72,72,72,72,72,72,72,72,72,72,72,72,72,72,72,72,72,72,72,72,72,72,72,72,72,72,72,72,72,72,72,72,72,72,72,72,72,72,72,72,72,72,72],"card_choices":[{"not_picked":["Backflip","Catalyst"],"picked":"Dash","floor":1},{"not_picked":["Finisher","Tactician","Flying Knee"],"picked":"SKIP","floor":3},{"not_picked":["Underhanded Strike","Dagger Throw"],"picked":"Predator","floor":4},{"not_picked":["Prepared","Underhanded Strike"],"picked":"Leg Sweep","floor":8},{"not_picked":["Concentrate","Catalyst","Dodge and Roll"],"picked":"SKIP","floor":11},{"not_picked":["Blade Dance","Unload"],"picked":"Backflip","floor":12},{"not_picked":["Unload","Burst"],"picked":"Phantasmal Killer","floor":16},{"not_picked":["Reflex","Prepared","Terror"],"picked":"SKIP","floor":18},{"not_picked":["Reflex","Dagger Spray"],"picked":"Riddle With Holes","floor":24},{"not_picked":["Prepared","Dagger Throw"],"picked":"Noxious Fumes","floor":25},{"not_picked":["Escape Plan+1","Outmaneuver+1"],"picked":"Backflip+1","floor":29},{"not_picked":["Unload+1","Dagger Spray+1"],"picked":"Backstab+1","floor":31},{"not_picked":["Corpse Explosion+1","Adrenaline+1"],"picked":"Night Terror+1","floor":33},{"not_picked":["Prepared+1","Outmaneuver+1"],"picked":"Crippling Poison+1","floor":35},{"not_picked":["Concentrate+1","Poisoned Stab+1"],"picked":"Backflip+1","floor":36},{"not_picked":["Sucker Punch+1","Dagger Throw+1","Outmaneuver+1"],"picked":"SKIP","floor":37},{"not_picked":["Cloak And Dagger+1","Acrobatics+1"],"picked":"PiercingWail+1","floor":39},{"not_picked":["Blade Dance+1","Cloak And Dagger+1"],"picked":"Bullet Time+1","floor":41},{"not_picked":["Prepared+1","Distraction+1"],"picked":"PiercingWail+1","floor":44},{"not_picked":["Poisoned Stab+1","Accuracy","Setup+1"],"picked":"SKIP","floor":45},{"not_picked":["Distraction+1","Escape Plan+1","Cloak And Dagger+1"],"picked":"SKIP","floor":48}],"player_experience":184737,"relics_obtained":[{"floor":9,"key":"Tiny Chest"},{"floor":10,"key":"Pen Nib"},{"floor":11,"key":"Ornamental Fan"},{"floor":14,"key":"Blood Vial"},{"floor":20,"key":"Bird Faced Urn"},{"floor":26,"key":"Toxic Egg 2"},{"floor":29,"key":"Molten Egg 2"},{"floor":31,"key":"Bronze Scales"},{"floor":43,"key":"Boot"}],"event_choices":[{"damage_healed":0,"gold_gain":0,"player_choice":"Trade","damage_taken":0,"relics_obtained":["SsserpentHead"],"max_hp_gain":0,"max_hp_loss":0,"event_name":"FaceTrader","floor":2,"gold_loss":0},{"damage_healed":0,"gold_gain":0,"player_choice":"Ignored","damage_taken":0,"max_hp_gain":0,"max_hp_loss":0,"event_name":"Golden Idol","floor":5,"gold_loss":0},{"damage_healed":0,"gold_gain":0,"player_choice":"Grow","damage_taken":0,"max_hp_gain":0,"max_hp_loss":0,"event_name":"Living Wall","floor":7,"gold_loss":0,"cards_upgraded":["Survivor"]},{"damage_healed":0,"gold_gain":0,"player_choice":"Opened","damage_taken":0,"relics_obtained":["Art of War"],"max_hp_gain":0,"max_hp_loss":0,"event_name":"The Mausoleum","floor":19,"gold_loss":0,"cards_obtained":["Writhe"]},{"cards_removed":["Noxious Fumes"],"damage_healed":0,"gold_gain":0,"player_choice":"Gave Card","damage_taken":0,"relics_obtained":["Bag of Preparation"],"max_hp_gain":0,"max_hp_loss":0,"event_name":"WeMeetAgain","floor":27,"gold_loss":0},{"cards_removed":["Strike_G"],"damage_healed":0,"gold_gain":0,"player_choice":"Removed Attack","damage_taken":0,"max_hp_gain":0,"max_hp_loss":0,"event_name":"Falling","floor":46,"gold_loss":0}],"is_beta":false,"boss_relics":[{"not_picked":["Cursed Key","Sozu"],"picked":"Snecko Eye"},{"not_picked":["Lizard Tail","Tiny House"],"picked":"HoveringKite"}],"items_purged_floors":[13,30],"is_endless":false,"potions_floor_spawned":[4,8,11,24,29,36,37,39],"ascension_level":16}