{"gold_per_floor":[119,119,119,130,130,130,77,107,133,149,163,163,163,163,163,163],"floor_reached":16,"playtime":494,"items_purged":[],"score":191,"play_id":"e37c4786-0367-4dca-87d0-f6792c53ee79","local_time":"20190429142053","is_ascension_mode":true,"campfire_choices":[{"data":"Bash","floor":6,"key":"SMITH"},{"data":"Infernal Blade","floor":12,"key":"SMITH"},{"floor":15,"key":"REST"}],"neow_cost":"NONE","seed_source_timestamp":3634306740934294,"circlet_count":0,"master_deck":["AscendersBane","Strike_R","Strike_R","Strike_R","Strike_R+1","Strike_R+1","Defend_R+1","Defend_R","Defend_R","Defend_R+1","Bash+1","True Grit","True Grit","Flame Barrier","Infernal Blade+1"],"relics":["Burning Blood","Whetstone","Orichalcum","War Paint","Blood Vial","Toxic Egg 2"],"potions_floor_usage":[16,16],"damage_taken":[{"damage":6,"enemies":"Cultist","floor":1,"turns":3},{"damage":7,"enemies":"Small Slimes","floor":4,"turns":4},{"damage":37,"enemies":"3 Sentries","floor":8,"turns":13},{"damage":1,"enemies":"Jaw Worm","floor":10,"turns":4},{"damage":10,"enemies":"Large Slime","floor":11,"turns":7},{"damage":43,"enemies":"The Guardian","floor":16,"turns":11}],"seed_played":"6176371543006231388","potions_obtained":[{"floor":11,"key":"Explosive Potion"}],"is_trial":false,"path_per_floor":["M","?","?","M","?","R","$","E","T","M","M","R","T","?","R","B"],"character_chosen":"IRONCLAD","items_purchased":["FearPotion"],"campfire_rested":1,"item_purchase_floors":[7],"current_hp_per_floor":[68,68,57,56,45,45,45,14,14,21,19,19,19,19,41,0],"gold":163,"neow_bonus":"RANDOM_COMMON_RELIC","is_prod":false,"is_daily":false,"chose_seed":false,"campfire_upgraded":2,"win_rate":0,"timestamp":1556544053,"path_taken":["M","?","?","?","?","R","$","E","T","M","M","R","?","?","R","BOSS"],"build_version":"2019-01-23","purchased_purges":0,"victory":false,"max_hp_per_floor":[75,75,75,75,75,75,75,75,75,75,75,75,75,75,75,75],"card_choices":[{"not_picked":["Wild Strike","Combust"],"picked":"True Grit","floor":1},{"not_picked":["Havoc","Corruption"],"picked":"True Grit","floor":4},{"not_picked":["Perfected Strike","Cleave"],"picked":"Flame Barrier","floor":8},{"not_picked":["Sword Boomerang","Heavy Blade"],"picked":"Infernal Blade","floor":10},{"not_picked":["Shockwave","Armaments","Havoc"],"picked":"SKIP","floor":11}],"player_experience":724746,"relics_obtained":[{"floor":8,"key":"War Paint"},{"floor":9,"key":"Blood Vial"},{"floor":13,"key":"Toxic Egg 2"}],"event_choices":[{"damage_healed":0,"gold_gain":0,"player_choice":"Leave","damage_taken":0,"max_hp_gain":0,"max_hp_loss":0,"event_name":"The Cleric","floor":2,"gold_loss":0},{"damage_healed":0,"gold_gain":0,"player_choice":"Damaged","damage_taken":11,"max_hp_gain":0,"max_hp_loss":0,"event_name":"Wheel of Change","floor":3,"gold_loss":0},{"damage_healed":0,"gold_gain":0,"player_choice":"Success","damage_taken":11,"relics_obtained":["Orichalcum"],"max_hp_gain":0,"max_hp_loss":0,"event_name":"Scrap Ooze","floor":5,"gold_loss":0},{"damage_healed":0,"gold_gain":0,"player_choice":"Ignored","damage_taken":0,"max_hp_gain":0,"max_hp_loss":0,"event_name":"Liars Game","floor":14,"gold_loss":0}],"is_beta":false,"boss_relics":[],"items_purged_floors":[],"is_endless":false,"potions_floor_spawned":[11],"killed_by":"The Guardian","ascension_level":19}