{"gold_per_floor":[99,99,99,99,99,99,99,99,99,64,64,64,34,34,34,34,34,0,0,0,0,0,0],"floor_reached":23,"playtime":2127,"items_purged":[],"score":213,"play_id":"bc38928b-d522-4e68-a48c-44d791d7ea3e","local_time":"20190108001258","is_ascension_mode":true,"campfire_choices":[{"floor":15,"key":"REST"}],"neow_cost":"NONE","seed_source_timestamp":1146525670896957,"circlet_count":0,"master_deck":["Defend_G","Defend_G","Defend_G","Defend_G","Defend_G","Strike_G","Strike_G","Strike_G","Strike_G","Strike_G","Survivor","Neutralize","Deadly Poison","Riddle With Holes","PiercingWail","Malaise","Prepared","Dagger Throw","Flying Knee","Flechettes","Dodge and Roll","Prepared","Venomology","Flying Knee","Acrobatics"],"relics":["Ectoplasm","Sundial","Dream Catcher","Bottled Flame","Smiling Mask","White Beast Statue","Pear"],"potions_floor_usage":[6,16,16,16,18,22,22,23,23],"damage_taken":[{"damage":0,"enemies":"Jaw Worm","floor":1,"turns":5},{"damage":0,"enemies":"Small Slimes","floor":4,"turns":4},{"damage":3,"enemies":"2 Louse","floor":5,"turns":2},{"damage":23,"enemies":"Gremlin Nob","floor":6,"turns":5},{"damage":22,"enemies":"Lagavulin","floor":8,"turns":8},{"damage":6,"enemies":"Large Slime","floor":11,"turns":9},{"damage":2,"enemies":"Blue Slaver","floor":12,"turns":4},{"damage":2,"enemies":"Looter","floor":13,"turns":3},{"damage":11,"enemies":"Exordium Wildlife","floor":14,"turns":4},{"damage":22,"enemies":"The Guardian","floor":16,"turns":12},{"damage":17,"enemies":"2 Thieves","floor":18,"turns":4},{"damage":21,"enemies":"Spheric Guardian","floor":22,"turns":5},{"damage":46,"enemies":"Gremlin Leader","floor":23,"turns":7}],"seed_played":"1822153736364282163","potions_obtained":[{"floor":4,"key":"Swift Potion"},{"floor":6,"key":"Dexterity Potion"},{"floor":8,"key":"Weak Potion"},{"floor":13,"key":"SteroidPotion"},{"floor":16,"key":"SkillPotion"},{"floor":18,"key":"AttackPotion"},{"floor":22,"key":"SkillPotion"}],"is_trial":false,"path_per_floor":["M","?","?","M","M","E","?","E","T","?","M","M","M","M","R","B",null,"M","?","T","?","M","E"],"character_chosen":"THE_SILENT","items_purchased":[],"campfire_rested":1,"item_purchase_floors":[],"current_hp_per_floor":[70,70,37,37,34,11,28,6,6,23,17,15,13,2,23,1,70,53,53,63,63,42,0],"gold":0,"neow_bonus":"BOSS_RELIC","is_prod":false,"is_daily":false,"chose_seed":false,"campfire_upgraded":0,"win_rate":0,"timestamp":1546906378,"path_taken":["M","?","?","M","M","E","?","E","T","?","?","M","M","M","R","BOSS","M","?","?","?","?","E"],"build_version":"2019-01-03v4","purchased_purges":0,"victory":false,"max_hp_per_floor":[70,70,70,70,70,70,70,70,70,70,70,70,70,70,70,70,70,70,70,80,77,77,77],"card_choices":[{"not_picked":["Flechettes","Dodge and Roll"],"picked":"Deadly Poison","floor":1},{"not_picked":["Backstab","Blade Dance"],"picked":"Riddle With Holes","floor":4},{"not_picked":["Blade Dance","Acrobatics"],"picked":"PiercingWail","floor":5},{"not_picked":["Cloak And Dagger","Masterful Stab"],"picked":"Malaise","floor":6},{"not_picked":["Underhanded Strike","Reflex"],"picked":"Prepared","floor":8},{"not_picked":["Blade Dance","PiercingWail"],"picked":"Dagger Throw","floor":11},{"not_picked":["Distraction","Expertise"],"picked":"Flying Knee","floor":12},{"not_picked":["Backflip","Dodge and Roll"],"picked":"Flechettes","floor":13},{"not_picked":["Doppelganger","Reflex"],"picked":"Dodge and Roll","floor":14},{"not_picked":["Bane","Dagger Spray"],"picked":"Prepared","floor":15},{"not_picked":["Unload","Night Terror"],"picked":"Venomology","floor":16},{"not_picked":["Underhanded Strike","Bane"],"picked":"Flying Knee","floor":18},{"not_picked":["Outmaneuver+1","Dagger Spray+1"],"picked":"Acrobatics","floor":22}],"player_experience":55602,"relics_obtained":[{"floor":6,"key":"Dream Catcher"},{"floor":8,"key":"Bottled Flame"},{"floor":9,"key":"Smiling Mask"},{"floor":20,"key":"Pear"}],"event_choices":[{"damage_healed":0,"gold_gain":0,"player_choice":"Ignored","damage_taken":0,"max_hp_gain":0,"max_hp_loss":0,"event_name":"Liars Game","floor":2,"gold_loss":0},{"damage_healed":0,"gold_gain":0,"player_choice":"Success","damage_taken":33,"relics_obtained":["Sundial"],"max_hp_gain":0,"max_hp_loss":0,"event_name":"Scrap Ooze","floor":3,"gold_loss":0},{"damage_healed":17,"gold_gain":0,"player_choice":"Healed and dodged fight","damage_taken":0,"max_hp_gain":0,"max_hp_loss":0,"event_name":"Mushrooms","floor":7,"gold_loss":0,"cards_obtained":["Parasite"]},{"damage_healed":17,"gold_gain":0,"player_choice":"Healed","damage_taken":0,"max_hp_gain":0,"max_hp_loss":0,"event_name":"The Cleric","floor":10,"gold_loss":35},{"damage_healed":0,"gold_gain":0,"player_choice":"Ignored","damage_taken":0,"max_hp_gain":0,"max_hp_loss":0,"event_name":"Ghosts","floor":19,"gold_loss":0},{"cards_removed":["Parasite"],"damage_healed":0,"gold_gain":0,"player_choice":"Removed Curses","damage_taken":0,"max_hp_gain":0,"max_hp_loss":0,"event_name":"Fountain of Cleansing","floor":21,"gold_loss":0}],"is_beta":false,"boss_relics":[{"not_picked":["Black Star","Coffee Dripper"],"picked":"White Beast Statue"}],"items_purged_floors":[],"is_endless":false,"potions_floor_spawned":[4,6,8,13,16,18,22],"killed_by":"Gremlin Leader","ascension_level":1}