{"gold_per_floor":[115,151,33,53,91,125,158,158,184,184,184],"floor_reached":11,"playtime":285,"items_purged":["Pain"],"score":146,"play_id":"297f9495-f664-4ef7-8e6b-70e55a5a193b","local_time":"20190426200255","is_ascension_mode":true,"campfire_choices":[{"floor":8,"key":"REST"}],"neow_cost":"CURSE","seed_source_timestamp":3395827118007160,"circlet_count":0,"master_deck":["AscendersBane","Strike_B","Strike_B","Strike_B","Strike_B","Defend_B+1","Defend_B","Defend_B","Defend_B","Zap","Dualcast","Bandage Up","HandOfGreed","Doom and Gloom","BootSequence","Loop","White Noise","Leap","Glacier+1","Hologram"],"relics":["Cracked Core","FossilizedHelix","Anchor"],"potions_floor_usage":[11],"damage_taken":[{"damage":0,"enemies":"Small Slimes","floor":1,"turns":2},{"damage":3,"enemies":"2 Louse","floor":2,"turns":2},{"damage":1,"enemies":"Cultist","floor":4,"turns":3},{"damage":11,"enemies":"Looter","floor":5,"turns":3},{"damage":35,"enemies":"3 Sentries","floor":6,"turns":6},{"damage":12,"enemies":"3 Louse","floor":7,"turns":3},{"damage":61,"enemies":"Gremlin Nob","floor":11,"turns":4}],"seed_played":"-5908663393191716668","potions_obtained":[{"floor":2,"key":"AttackPotion"},{"floor":5,"key":"EssenceOfSteel"}],"is_trial":false,"path_per_floor":["M","M","$","M","M","E","M","R","T","?","E"],"character_chosen":"DEFECT","items_purchased":["Loop"],"campfire_rested":1,"item_purchase_floors":[3],"current_hp_per_floor":[68,69,69,71,60,29,21,42,42,21,0],"gold":184,"neow_bonus":"RANDOM_COLORLESS_2","is_prod":false,"is_daily":false,"chose_seed":false,"campfire_upgraded":0,"win_rate":0,"timestamp":1556305375,"path_taken":["M","M","$","M","M","E","M","R","T","?","E"],"build_version":"2019-01-23","purchased_purges":1,"victory":false,"max_hp_per_floor":[71,71,71,71,71,71,71,71,71,71,71],"card_choices":[{"not_picked":["Streamline","Beam Cell"],"picked":"Doom and Gloom","floor":1},{"not_picked":["Tempest","Skim"],"picked":"BootSequence","floor":2},{"not_picked":["Compile Driver","Turbo"],"picked":"White Noise","floor":4},{"not_picked":["BootSequence","Steam Power"],"picked":"Leap","floor":5},{"not_picked":["Fusion","Gash"],"picked":"Glacier","floor":6},{"not_picked":["Go for the Eyes","Steam"],"picked":"Hologram","floor":7}],"player_experience":677443,"relics_obtained":[{"floor":6,"key":"FossilizedHelix"},{"floor":9,"key":"Anchor"}],"event_choices":[{"damage_healed":0,"gold_gain":0,"player_choice":"Entered Light","damage_taken":21,"max_hp_gain":0,"max_hp_loss":0,"event_name":"Shining Light","floor":10,"gold_loss":0,"cards_upgraded":["Defend_B","Glacier"]}],"is_beta":false,"boss_relics":[],"items_purged_floors":[3],"is_endless":false,"potions_floor_spawned":[2,5,7],"killed_by":"Gremlin Nob","ascension_level":19}