{"gold_per_floor":[114,114,189,62,78,110,110,144,144,100,100,100,65,80,80,153,153,173,173,173,192,226,226,87,2,2,2,29,40,40,52,52,129,129,149,12,12,32,49,49,49,49,100,110,110,210,224,60,60,60],"floor_reached":50,"playtime":1387,"items_purged":["Strike_R","Strike_R"],"score":1003,"play_id":"065bbb9c-e3ef-405d-9f35-8f2edeed222a","local_time":"20190429181321","is_ascension_mode":true,"campfire_choices":[{"data":"Inflame","floor":7,"key":"SMITH"},{"data":"True Grit","floor":11,"key":"SMITH"},{"data":"Cleave","floor":15,"key":"SMITH"},{"data":"Uppercut","floor":23,"key":"SMITH"},{"floor":27,"key":"REST"},{"floor":32,"key":"REST"},{"data":"Whirlwind","floor":40,"key":"SMITH"},{"data":"Heavy Blade","floor":42,"key":"SMITH"},{"data":"Mayhem","floor":49,"key":"SMITH"}],"neow_cost":"NONE","seed_source_timestamp":3182747674639411,"circlet_count":0,"master_deck":["AscendersBane","Strike_R+1","Strike_R+1","Strike_R+1","Defend_R+1","Defend_R+1","Defend_R+1","Defend_R+1","Bash+1","Feel No Pain","True Grit+1","Havoc","Inflame+1","Havoc+1","Feel No Pain","Cleave+1","Limit Break+1","Heavy Blade+1","Necronomicurse","Sever Soul","Uppercut+1","Battle Trance+1","Shrug It Off+1","Whirlwind+1","Limit Break+1","Warcry+1","True Grit+1","Mayhem+1","Rupture+1","Sword Boomerang"],"relics":["Burning Blood","NeowsBlessing","Gremlin Horn","Toxic Egg 2","Blue Candle","Bottled Lightning","Runic Dome","Necronomicon","NlothsMask","Red Mask","Dodecahedron","Shuriken","Eternal Feather","Lantern","Thread and Needle"],"potions_floor_usage":[16,16,33,33,38,47],"damage_taken":[{"damage":0,"enemies":"2 Louse","floor":1,"turns":1},{"damage":0,"enemies":"Jaw Worm","floor":5,"turns":1},{"damage":0,"enemies":"3 Sentries","floor":6,"turns":2},{"damage":37,"enemies":"Gremlin Nob","floor":8,"turns":4},{"damage":6,"enemies":"Cultist","floor":14,"turns":4},{"damage":39,"enemies":"Slime Boss","floor":16,"turns":13},{"damage":31,"enemies":"2 Thieves","floor":18,"turns":4},{"damage":13,"enemies":"Chosen","floor":21,"turns":4},{"damage":4,"enemies":"Masked Bandits","floor":22,"turns":2},{"damage":25,"enemies":"Slavers","floor":28,"turns":4},{"damage":11,"enemies":"Centurion and Healer","floor":29,"turns":3},{"damage":0,"enemies":"Snecko","floor":31,"turns":2},{"damage":21,"enemies":"Automaton","floor":33,"turns":5},{"damage":2,"enemies":"Orb Walker","floor":35,"turns":4},{"damage":18,"enemies":"3 Shapes","floor":38,"turns":5},{"damage":0,"enemies":"3 Darklings","floor":39,"turns":2},{"damage":18,"enemies":"Jaw Worm Horde","floor":44,"turns":2},{"damage":0,"enemies":"Mind Bloom Boss Battle","floor":46,"turns":2},{"damage":6,"enemies":"Spire Growth","floor":47,"turns":4},{"damage":80,"enemies":"Time Eater","floor":50,"turns":6}],"seed_played":"-2237154094499312208","potions_obtained":[{"floor":8,"key":"BloodPotion"},{"floor":14,"key":"Explosive Potion"},{"floor":16,"key":"Dexterity Potion"},{"floor":28,"key":"AttackPotion"},{"floor":39,"key":"Explosive Potion"},{"floor":44,"key":"AttackPotion"},{"floor":47,"key":"Poison Potion"}],"is_trial":false,"path_per_floor":["M","?","?","$","M","E","R","E","T","$","R","T","?","M","R","B",null,"M","?","?","M","?","R","$","?","T","R","E","M","?","M","R","B",null,"M","$","?","M","M","R","?","R","T","M","?","?","M","$","R","B"],"character_chosen":"IRONCLAD","items_purchased":["True Grit","Feel No Pain","Battle Trance+1","True Grit+1","Regen Potion","SteroidPotion","PowerPotion","Sword Boomerang"],"campfire_rested":2,"item_purchase_floors":[4,10,24,36,36,48,48,48],"current_hp_per_floor":[74,74,63,63,69,75,75,44,44,44,44,44,62,62,62,36,65,40,19,19,12,14,14,14,14,14,36,17,12,12,18,40,25,63,67,67,75,68,74,75,71,71,71,59,49,55,55,55,71,0],"gold":60,"neow_bonus":"THREE_ENEMY_KILL","is_prod":false,"is_daily":false,"chose_seed":false,"campfire_upgraded":7,"win_rate":0,"timestamp":1556558001,"path_taken":["M","?","?","$","?","E","R","E","T","$","R","?","?","M","R","BOSS","M","?","?","?","?","R","$","?","T","R","E","M","?","M","R","BOSS","M","$","?","?","M","R","?","R","T","M","?","?","M","?","R","BOSS"],"build_version":"2019-01-23","purchased_purges":2,"victory":false,"max_hp_per_floor":[75,75,75,75,75,75,75,75,75,75,75,75,75,75,75,75,75,75,75,75,75,75,75,75,75,75,75,75,75,75,75,75,75,75,75,75,75,75,75,75,71,71,71,71,71,71,71,71,71,71],"card_choices":[{"not_picked":["Clothesline","Perfected Strike"],"picked":"Feel No Pain","floor":1},{"not_picked":["Warcry","Blood for Blood"],"picked":"Havoc","floor":5},{"not_picked":["Sever Soul","Evolve"],"picked":"Inflame","floor":6},{"not_picked":["Perfected Strike","Clash"],"picked":"Havoc","floor":8},{"not_picked":["Armaments+1","Wild Strike"],"picked":"Cleave","floor":14},{"not_picked":["Berserk","Feed"],"picked":"Limit Break+1","floor":16},{"not_picked":["Rampage","Warcry+1"],"picked":"Heavy Blade","floor":18},{"not_picked":["Whirlwind","Clothesline+1"],"picked":"Sever Soul","floor":21},{"not_picked":["Sword Boomerang","Sentinel+1"],"picked":"Uppercut","floor":22},{"not_picked":["Anger","Blood for Blood"],"picked":"Pummel","floor":28},{"not_picked":["Warcry+1","Bloodletting+1"],"picked":"Shrug It Off+1","floor":29},{"not_picked":["Iron Wave","Dual Wield+1"],"picked":"Whirlwind","floor":31},{"not_picked":["Fiend Fire","Double Tap+1"],"picked":"Limit Break+1","floor":33},{"not_picked":["Hemokinesis","Perfected Strike"],"picked":"Warcry+1","floor":35},{"not_picked":["Wild Strike","Warcry+1","Armaments+1"],"picked":"SKIP","floor":38},{"not_picked":["Wild Strike","Iron Wave","Sever Soul+1"],"picked":"SKIP","floor":39},{"not_picked":["Clothesline","Body Slam+1","Flex+1"],"picked":"SKIP","floor":44},{"not_picked":["Panacea+1","Good Instincts+1"],"picked":"Mayhem","floor":45},{"not_picked":["Sword Boomerang","Evolve"],"picked":"Rupture+1","floor":47}],"player_experience":261410,"relics_obtained":[{"floor":6,"key":"Gremlin Horn"},{"floor":8,"key":"Toxic Egg 2"},{"floor":9,"key":"Blue Candle"},{"floor":12,"key":"Bottled Lightning"},{"floor":19,"key":"Necronomicon"},{"floor":22,"key":"Red Mask"},{"floor":28,"key":"Shuriken"},{"floor":43,"key":"Lantern"},{"floor":46,"key":"Thread and Needle"}],"event_choices":[{"damage_healed":0,"gold_gain":0,"player_choice":"Grow","damage_taken":0,"max_hp_gain":0,"max_hp_loss":0,"event_name":"Living Wall","floor":2,"gold_loss":0,"cards_upgraded":["Bash"]},{"damage_healed":0,"gold_gain":75,"player_choice":"Gather Gold","damage_taken":11,"max_hp_gain":0,"max_hp_loss":0,"event_name":"World of Goop","floor":3,"gold_loss":0},{"damage_healed":18,"gold_gain":0,"player_choice":"Healed","damage_taken":0,"max_hp_gain":0,"max_hp_loss":0,"event_name":"The Cleric","floor":13,"gold_loss":35},{"damage_healed":0,"gold_gain":0,"player_choice":"Obtained Book","damage_taken":21,"max_hp_gain":0,"max_hp_loss":0,"event_name":"Cursed Tome","floor":19,"gold_loss":0},{"damage_healed":0,"gold_gain":0,"player_choice":"Trade","damage_taken":0,"relics_obtained":["NlothsMask"],"max_hp_gain":0,"max_hp_loss":0,"event_name":"FaceTrader","floor":20,"gold_loss":0},{"damage_healed":0,"gold_gain":0,"player_choice":"Fought Bandits","damage_taken":0,"max_hp_gain":0,"max_hp_loss":0,"event_name":"Masked Bandits","floor":22,"gold_loss":0},{"damage_healed":0,"gold_gain":0,"player_choice":"Obtained Relic","damage_taken":0,"relics_obtained":["Dodecahedron"],"max_hp_gain":0,"max_hp_loss":0,"event_name":"Addict","floor":25,"gold_loss":85},{"damage_healed":0,"gold_gain":0,"player_choice":"Simplicity","damage_taken":0,"max_hp_gain":0,"max_hp_loss":0,"event_name":"Back to Basics","floor":30,"gold_loss":0,"cards_upgraded":["Strike_R","Strike_R","Strike_R","Defend_R","Defend_R","Defend_R","Defend_R"]},{"cards_removed":["Pummel"],"damage_healed":8,"gold_gain":0,"player_choice":"Offered Uncommon","damage_taken":0,"max_hp_gain":0,"max_hp_loss":0,"event_name":"Bonfire Elementals","floor":37,"gold_loss":0},{"damage_healed":0,"gold_gain":0,"player_choice":"Max HP","damage_taken":0,"max_hp_gain":0,"max_hp_loss":4,"event_name":"Winding Halls","floor":41,"gold_loss":0},{"damage_healed":0,"gold_gain":0,"player_choice":"Memory 3","damage_taken":10,"max_hp_gain":0,"max_hp_loss":0,"event_name":"SensoryStone","floor":45,"gold_loss":0},{"damage_healed":0,"gold_gain":0,"player_choice":"Fight","damage_taken":0,"max_hp_gain":0,"max_hp_loss":0,"event_name":"MindBloom","floor":46,"gold_loss":0}],"is_beta":false,"boss_relics":[{"not_picked":["Philosopher\u0027s Stone","Velvet Choker"],"picked":"Runic Dome"},{"not_picked":["Tiny House","Coffee Dripper"],"picked":"Eternal Feather"}],"items_purged_floors":[4,24],"is_endless":false,"potions_floor_spawned":[8,14,16,28,31,39,44,47],"killed_by":"Time Eater","ascension_level":20}