{"path_per_floor":["M","M","M","M","M","E","R","E","T","?","M","R","?","E","R","B",null,"M","M","$","M","$","E","$","R","T","E","M","?","M","M","R","B",null,"M","M","?","?","M","M","M","E","T","E","M","E","?","?","R","B"],"character_chosen":"IRONCLAD","items_purchased":["Vajra","Twin Strike","Limit Break","Heavy Blade","Twin Strike"],"gold_per_floor":[114,129,144,159,174,204,204,234,234,484,499,499,499,529,529,629,629,644,659,247,262,61,91,91,91,141,171,186,111,126,141,141,241,241,256,271,0,0,15,30,45,75,105,135,150,180,204,204,204,204],"floor_reached":51,"campfire_rested":2,"playtime":1696,"current_hp_per_floor":[80,80,80,72,63,52,76,51,51,51,57,80,80,70,70,66,80,80,80,80,87,87,77,77,77,77,82,87,87,87,87,87,63,87,87,87,87,76,86,87,87,87,87,87,87,87,87,87,87,87],"items_purged":["Strike_R","Strike_R"],"gold":204,"score":1001,"play_id":"d38eb7d1-a6a6-4f1c-8dbd-4a8ac64a43e0","local_time":"20180322221725","daily_mods":["Time Dilation","Binary","Vintage"],"is_prod":false,"is_daily":true,"is_ascension_mode":false,"campfire_upgraded":1,"timestamp":1521778645,"path_taken":["M","M","M","M","M","E","R","E","T","?","?","R","?","E","R","BOSS","M","M","$","M","$","E","$","R","T","E","M","?","M","M","R","BOSS","M","M","?","?","M","M","M","E","T","E","?","E","?","?","R","BOSS"],"build_version":"2018-03-22","purchased_purges":2,"victory":true,"master_deck":["Strike_R","Strike_R","Defend_R","Defend_R+1","Defend_R","Defend_R+1","Bash+1","Flex+1","Armaments+1","Twin Strike+1","Limit Break+1","Heavy Blade","Twin Strike","Battle Trance+1","Headbutt","Bludgeon+1","Madness+1","Madness+1","Battle Trance+1"],"max_hp_per_floor":[80,80,80,80,80,80,80,80,80,80,80,80,80,80,80,80,80,80,80,80,87,87,87,87,87,87,87,87,87,87,87,87,87,87,87,87,87,87,87,87,87,87,87,87,87,87,87,87,87,87],"relics":["Black Blood","Toxic Egg 2","Happy Flower","Gambling Chip","Ginger","Mercury Hourglass","Blue Candle","Du-Vu Doll","Omamori","Pantograph","Ice Cream","War Paint","Bottled Flame","Shuriken","Girya","Vajra","Strawberry","Toolbox","Art of War","Meat on the Bone","Bronze Scales","Letter Opener","Anchor","Bird Faced Urn","Cursed Key","Gremlin Horn","The Courier","Red Mask","Whetstone","Bottled Lightning","Bag of Preparation","Bag of Marbles","Tiny Chest","Self Forming Clay","Juzu Bracelet","Frozen Egg 2","Thread and Needle"],"card_choices":[{"not_picked":["Carnage"],"picked":"Flex","floor":6},{"not_picked":["Pummel"],"picked":"Shrug It Off","floor":8},{"not_picked":["Inflame"],"picked":"Armaments","floor":14},{"not_picked":["Clothesline"],"picked":"Battle Trance","floor":23},{"not_picked":["True Grit"],"picked":"Headbutt","floor":27},{"not_picked":["Demon Form"],"picked":"Bludgeon","floor":33},{"not_picked":["Wild Strike"],"picked":"Battle Trance","floor":47}],"player_experience":257590,"potions_floor_usage":[4,6,18,21,21,33,44,50,50],"damage_taken":[{"damage":3,"enemies":"Jaw Worm","floor":1,"turns":4},{"damage":6,"enemies":"Cultist","floor":2,"turns":3},{"damage":0,"enemies":"2 Louse","floor":3,"turns":3},{"damage":14,"enemies":"Large Slime","floor":4,"turns":9},{"damage":15,"enemies":"Red Slaver","floor":5,"turns":6},{"damage":17,"enemies":"3 Sentries","floor":6,"turns":9},{"damage":31,"enemies":"Lagavulin","floor":8,"turns":5},{"damage":0,"enemies":"Looter","floor":11,"turns":2},{"damage":16,"enemies":"Gremlin Nob","floor":14,"turns":3},{"damage":20,"enemies":"Slime Boss","floor":16,"turns":9},{"damage":5,"enemies":"Shell Parasite","floor":18,"turns":5},{"damage":0,"enemies":"Chosen","floor":19,"turns":4},{"damage":10,"enemies":"Slaver and Parasite","floor":21,"turns":5},{"damage":20,"enemies":"Gremlin Leader","floor":23,"turns":4},{"damage":5,"enemies":"Book of Stabbing","floor":27,"turns":3},{"damage":1,"enemies":"Cultist and Chosen","floor":28,"turns":3},{"damage":3,"enemies":"Centurion and Healer","floor":30,"turns":4},{"damage":0,"enemies":"Snecko","floor":31,"turns":2},{"damage":34,"enemies":"Automaton","floor":33,"turns":5},{"damage":0,"enemies":"Flame Bruiser 1 Orb","floor":35,"turns":3},{"damage":0,"enemies":"Orb Walker","floor":36,"turns":1},{"damage":0,"enemies":"Sphere and 2 Shapes","floor":39,"turns":1},{"damage":0,"enemies":"4 Shapes","floor":40,"turns":1},{"damage":0,"enemies":"Spire Growth","floor":41,"turns":2},{"damage":0,"enemies":"2 Orb Walkers","floor":42,"turns":2},{"damage":2,"enemies":"Nemesis","floor":44,"turns":2},{"damage":0,"enemies":"3 Darklings","floor":45,"turns":1},{"damage":0,"enemies":"2 Orb Walkers","floor":46,"turns":1},{"damage":0,"enemies":"Mysterious Sphere","floor":47,"turns":1},{"damage":0,"enemies":"Donu and Deca","floor":50,"turns":2}],"event_choices":[{"event_name":"Golden Shrine","player_choice":"Desecrate","floor":10,"damage_taken":0},{"event_name":"Dead Adventurer","player_choice":"Searched \u00271\u0027 times","floor":13,"damage_taken":0},{"event_name":"Beggar","player_choice":"Gave Gold","floor":29,"damage_taken":0},{"event_name":"Tomb of Lord Red Mask","player_choice":"Paid","floor":37,"damage_taken":0},{"event_name":"Winding Halls","player_choice":"Embrace Madness","floor":38,"damage_taken":0},{"event_name":"Mysterious Sphere","player_choice":"Fight","floor":47,"damage_taken":0}],"boss_relics":[{"not_picked":["Question Card","Philosopher\u0027s Stone"],"picked":"Black Blood"},{"not_picked":["Runic Pyramid","Snecko Eye"],"picked":"Cursed Key"}],"potions_floor_spawned":[1,3,11,16,18,28,31,33,36,40,42,46],"seed_played":"3670860265742688607","ascension_level":0,"is_trial":false}