{"path_per_floor":["M","M","?","M","M","R","E","?","T","?","M","M","R","M","R","B",null,"M","?","$","?","$","R","M","M","T","E","M","R","?","?","R","B",null,"M","?","?","M","M","R","E","M","T","$","R","$","M","M","R","B"],"character_chosen":"THE_SILENT","items_purchased":["Apotheosis","Accuracy","Shuriken","Calculated Gamble","Frozen Egg"],"gold_per_floor":[110,122,122,135,152,152,179,179,179,179,199,219,219,233,233,335,335,353,385,120,120,41,41,58,72,125,152,165,165,165,165,165,266,266,279,279,501,514,526,526,553,568,568,327,327,1,13,31,31,31],"floor_reached":51,"campfire_rested":4,"playtime":4482,"current_hp_per_floor":[35,35,35,35,35,56,62,62,62,62,55,58,58,61,61,36,70,70,55,55,55,55,55,62,60,60,76,75,75,75,75,75,65,77,54,54,54,44,32,55,54,37,37,37,60,60,54,43,66,31],"items_purged":["Strike_G","Strike_G"],"gold":31,"play_id":"c9e893dd-ffe2-4951-813d-e97d425eac59","is_prod":false,"is_daily":false,"is_ascension_mode":false,"campfire_upgraded":5,"path_taken":["M","M","?","M","?","R","E","?","T","?","?","M","R","M","R","BOSS","M","?","$","?","$","R","M","?","T","E","M","R","?","?","R","BOSS","M","?","?","?","M","R","E","M","T","$","R","$","M","M","R","BOSS"],"build_version":"2018-01-25-BETA1","purchased_purges":2,"victory":true,"master_deck":["Defend_G","Defend_G","Defend_G","Defend_G","Defend_G","Strike_G","Survivor","Neutralize","Infinite Blades+1","Well Laid Plans","Blade Dance+1","Endless Agony","Adrenaline","Bullet Time+1","Backstab","Apotheosis+1","Writhe","Accuracy","Accuracy+1","Tools of the Trade","Bullet Time+1","Flying Knee+1","Cloak And Dagger+1","Endless Agony","Prepared+1","A Thousand Cuts","Prepared+1","Infinite Blades+1","Calculated Gamble","Die Die Die"],"max_hp_per_floor":[70,70,70,70,70,70,70,70,70,70,70,70,70,70,70,70,70,70,70,70,70,70,70,70,70,70,77,77,77,77,77,77,77,77,77,77,77,77,77,77,77,77,77,77,77,77,77,77,77,77],"relics":["Ring of the Snake","Dead Branch","Bird Faced Urn","Art of War","Orrery","Red Mask","Happy Flower","Dream Catcher","Strawberry","Question Card","Tingsha","Frozen Eye","Shuriken","Frozen Egg"],"card_choices":[{"not_picked":["Heel Hook","PiercingWail"],"picked":"Infinite Blades"},{"not_picked":["Flying Knee","Dagger Spray"],"picked":"Well Laid Plans"},{"not_picked":["Leg Sweep","Sucker Punch"],"picked":"Blade Dance"},{"not_picked":["Deflect","Deadly Poison"],"picked":"Endless Agony"},{"not_picked":["Night Terror","Corpse Explosion"],"picked":"Adrenaline"},{"not_picked":["Leg Sweep","Quick Slash"],"picked":"Bullet Time"},{"not_picked":["Flying Knee","Outmaneuver"],"picked":"Backstab"},{"not_picked":["Slice","Dagger Throw"],"picked":"Accuracy"},{"not_picked":["Crippling Poison","Dagger Spray"],"picked":"Tools of the Trade"},{"not_picked":["Underhanded Strike","Leg Sweep"],"picked":"Bullet Time"},{"not_picked":["PiercingWail","Blur"],"picked":"Flying Knee"},{"not_picked":["Bane","Poisoned Stab","Masterful Stab"],"picked":"Cloak And Dagger"},{"not_picked":["Slice","Catalyst","Outmaneuver"],"picked":"Endless Agony"},{"not_picked":["Terror","Skewer","Cloak And Dagger"],"picked":"Prepared"},{"not_picked":["Poisoned Stab","Slice","PiercingWail"],"picked":"A Thousand Cuts"},{"not_picked":["Quick Slash","Slice","Caltrops"],"picked":"Prepared"},{"not_picked":["Backflip","Flying Knee","Flechettes"],"picked":"Infinite Blades"},{"not_picked":["Deadly Poison","Bane","Flying Knee"],"picked":"Die Die Die"}],"player_experience":88261,"potions_floor_usage":[5,5,7,7,12,16,18,25,27,28,35,39,41,50,50,50],"damage_taken":[{"damage":0,"enemies":"Blue Slaver","floor":1,"turns":8},{"damage":0,"enemies":"Cultist","floor":2,"turns":3},{"damage":0,"enemies":"Jaw Worm","floor":4,"turns":6},{"damage":0,"enemies":"Red Slaver","floor":5,"turns":3},{"damage":9,"enemies":"3 Sentries","floor":7,"turns":6},{"damage":13,"enemies":"Exordium Wildlife","floor":11,"turns":8},{"damage":1,"enemies":"Large Slime","floor":12,"turns":6},{"damage":3,"enemies":"2 Fungi Beasts","floor":14,"turns":3},{"damage":31,"enemies":"Hexaghost","floor":16,"turns":6},{"damage":2,"enemies":"2 Thieves","floor":18,"turns":3},{"damage":21,"enemies":"Masked Bandits","floor":19,"turns":4},{"damage":1,"enemies":"3 Byrds","floor":24,"turns":4},{"damage":10,"enemies":"Sentry and Sphere","floor":25,"turns":4},{"damage":3,"enemies":"Gremlin Leader","floor":27,"turns":5},{"damage":17,"enemies":"Centurion and Healer","floor":28,"turns":6},{"damage":18,"enemies":"Champ","floor":33,"turns":10},{"damage":31,"enemies":"3 Shapes","floor":35,"turns":4},{"damage":22,"enemies":"3 Darklings","floor":38,"turns":4},{"damage":30,"enemies":"Sphere and 2 Shapes","floor":39,"turns":5},{"damage":11,"enemies":"2 Orb Walkers","floor":41,"turns":3},{"damage":35,"enemies":"Maw","floor":42,"turns":6},{"damage":18,"enemies":"Spire Growth","floor":47,"turns":4},{"damage":21,"enemies":"3 Darklings","floor":48,"turns":3},{"damage":57,"enemies":"Time Eater","floor":50,"turns":7}],"event_choices":[{"event_name":"Bonfire Elementals","player_choice":"BASIC","floor":3,"damage_taken":0},{"event_name":"The Lab","player_choice":"Got Potions","floor":8,"damage_taken":0},{"event_name":"Liars Game","player_choice":"disagreed","floor":10,"damage_taken":0},{"event_name":"Masked Bandits","player_choice":"Fought over 353 gold","floor":19,"damage_taken":0},{"event_name":"The Mausoleum","player_choice":"Yes","floor":21,"damage_taken":0},{"event_name":"Drug Dealer","player_choice":"Ignored","floor":30,"damage_taken":0},{"event_name":"Vampires","player_choice":"Ignored","floor":31,"damage_taken":0},{"event_name":"Tomb of Lord Red Mask","player_choice":"Wore Mask","floor":37,"damage_taken":0}],"boss_relics":[{"not_picked":["The Specimen","Ectoplasm"],"picked":"Orrery"},{"not_picked":["Philosopher\u0027s Stone","Runic Pyramid"],"picked":"Question Card"}],"potions_floor_spawned":[1,4,5,11,19,25,33,38,39,47,48],"seed_played":"-3463086445538630522","ascension_level":0,"is_trial":false}