{"gold_per_floor":[110,122,47,47,67,67,85,111,111,11,111,129,160,179,179,276,276,296,296,296,311,329,364,364,395,395,406,256,286,296,311,311,409,409,420,420,436,436,436],"floor_reached":39,"playtime":4240,"items_purged":["Strike_R","Strike_R","Strike_R"],"score":478,"play_id":"f7eaf9c1-df9a-4469-ab25-b3d4b4fd6a80","local_time":"20181208200752","is_ascension_mode":false,"campfire_choices":[{"data":"Armaments","floor":6,"key":"SMITH"},{"data":"True Grit","floor":15,"key":"SMITH"},{"data":"True Grit","floor":24,"key":"SMITH"},{"data":"Warcry","floor":32,"key":"SMITH"}],"neow_cost":"NONE","seed_source_timestamp":689296451073510,"circlet_count":0,"master_deck":["Strike_R","Strike_R","Defend_R","Defend_R","Defend_R","Defend_R","Bash","Armaments+1","Body Slam+1","Clothesline","True Grit+1","Flex","Shrug It Off+1","Warcry+1","True Grit+1","Pommel Strike+1","Thunderclap","Flex","Wild Strike"],"relics":["Burning Blood","Ancient Tea Set","PreservedInsect","Mercury Hourglass","Art of War","Pear","Mark of Pain","Pen Nib","Paper Frog","Dodecahedron","Magic Flower","Black Star"],"potions_floor_usage":[13,16,16,21,23,25,33,33,33],"damage_taken":[{"damage":6,"enemies":"Cultist","floor":1,"turns":3},{"damage":2,"enemies":"Small Slimes","floor":2,"turns":5},{"damage":1,"enemies":"Jaw Worm","floor":5,"turns":6},{"damage":5,"enemies":"Large Slime","floor":7,"turns":7},{"damage":12,"enemies":"Lagavulin","floor":8,"turns":10},{"damage":6,"enemies":"Gremlin Gang","floor":12,"turns":6},{"damage":1,"enemies":"Gremlin Nob","floor":13,"turns":5},{"damage":1,"enemies":"Exordium Wildlife","floor":14,"turns":3},{"damage":28,"enemies":"Hexaghost","floor":16,"turns":13},{"damage":11,"enemies":"Spheric Guardian","floor":18,"turns":4},{"damage":1,"enemies":"Colosseum Slavers","floor":19,"turns":4},{"damage":8,"enemies":"2 Thieves","floor":21,"turns":4},{"damage":11,"enemies":"Chosen and Byrds","floor":22,"turns":6},{"damage":3,"enemies":"Book of Stabbing","floor":23,"turns":7},{"damage":9,"enemies":"Slavers","floor":25,"turns":5},{"damage":4,"enemies":"3 Cultists","floor":27,"turns":6},{"damage":0,"enemies":"Gremlin Leader","floor":29,"turns":5},{"damage":20,"enemies":"Shelled Parasite and Fungi","floor":30,"turns":6},{"damage":2,"enemies":"Snecko","floor":31,"turns":5},{"damage":69,"enemies":"Automaton","floor":33,"turns":9},{"damage":26,"enemies":"3 Darklings","floor":35,"turns":8},{"damage":1,"enemies":"Orb Walker","floor":37,"turns":4},{"damage":95,"enemies":"2 Orb Walkers","floor":39,"turns":7}],"seed_played":"7694665299230286445","potions_obtained":[{"floor":5,"key":"GamblersBrew"},{"floor":7,"key":"SkillPotion"},{"floor":8,"key":"Dexterity Potion"},{"floor":12,"key":"Block Potion"},{"floor":14,"key":"Swift Potion"},{"floor":16,"key":"Poison Potion"},{"floor":23,"key":"SkillPotion"},{"floor":25,"key":"SteroidPotion"},{"floor":27,"key":"LiquidBronze"},{"floor":30,"key":"Poison Potion"},{"floor":37,"key":"Energy Potion"}],"is_trial":false,"path_per_floor":["M","M","$","?","M","R","M","E","T","$","?","M","E","M","R","B",null,"M","?","?","M","M","E","R","E","T","M","$","E","M","M","R","B",null,"M","?","M","?","?"],"character_chosen":"IRONCLAD","items_purchased":["Thunderclap"],"campfire_rested":0,"item_purchase_floors":[28],"current_hp_per_floor":[80,80,80,80,80,80,80,74,74,74,74,74,89,90,90,68,90,85,90,90,88,83,86,86,83,83,85,85,90,79,86,86,26,90,73,73,81,81,0],"gold":436,"neow_bonus":"RANDOM_COMMON_RELIC","is_prod":false,"is_daily":false,"chose_seed":false,"campfire_upgraded":4,"win_rate":0,"timestamp":1544317672,"path_taken":["M","M","$","?","M","R","M","E","T","?","?","?","E","M","R","BOSS","M","?","?","M","M","E","R","E","T","M","$","E","?","M","R","BOSS","M","?","M","?","?"],"build_version":"2018-12-06","purchased_purges":3,"victory":false,"max_hp_per_floor":[80,80,80,80,80,80,80,80,80,80,80,80,90,90,90,90,90,90,90,90,90,90,90,90,90,90,90,90,90,90,90,90,90,90,90,90,90,85,85],"card_choices":[{"not_picked":["Twin Strike","Metallicize"],"picked":"Armaments","floor":1},{"not_picked":["Twin Strike","Clothesline"],"picked":"Warcry","floor":2},{"not_picked":["Twin Strike","Wild Strike"],"picked":"Body Slam","floor":5},{"not_picked":["Battle Trance","Combust","Carnage"],"picked":"SKIP","floor":7},{"not_picked":["Heavy Blade","Feel No Pain"],"picked":"Clothesline","floor":8},{"not_picked":["Disarm","Feed","Clash"],"picked":"SKIP","floor":12},{"not_picked":["Perfected Strike","Battle Trance"],"picked":"True Grit","floor":13},{"not_picked":["Flame Barrier","Cleave"],"picked":"Flex","floor":14},{"not_picked":["Spot Weakness","Pummel"],"picked":"Shrug It Off+1","floor":18},{"not_picked":["Rupture+1","Clothesline"],"picked":"Warcry","floor":21},{"not_picked":["Blood for Blood","Pommel Strike"],"picked":"True Grit","floor":22},{"not_picked":["Rampage","Power Through","Heavy Blade"],"picked":"SKIP","floor":23},{"not_picked":["Anger","Armaments+1"],"picked":"Pommel Strike+1","floor":25},{"not_picked":["Warcry","Perfected Strike","Armaments+1"],"picked":"SKIP","floor":27},{"not_picked":["Sentinel","Dark Embrace"],"picked":"Flex","floor":29},{"not_picked":["Twin Strike","Cleave","Anger"],"picked":"SKIP","floor":30},{"not_picked":["Anger","Flex"],"picked":"Wild Strike","floor":31},{"not_picked":["Iron Wave+1","Cleave","Flame Barrier+1"],"picked":"SKIP","floor":35},{"not_picked":["Blood for Blood","Sentinel","Entrench"],"picked":"SKIP","floor":37}],"player_experience":385768,"relics_obtained":[{"floor":8,"key":"Mercury Hourglass"},{"floor":9,"key":"Art of War"},{"floor":13,"key":"Pear"},{"floor":23,"key":"Pen Nib"},{"floor":25,"key":"Paper Frog"},{"floor":26,"key":"Dodecahedron"},{"floor":29,"key":"Magic Flower"}],"event_choices":[{"cards_removed":["Warcry"],"damage_healed":0,"gold_gain":0,"player_choice":"Gave Card","damage_taken":0,"relics_obtained":["PreservedInsect"],"max_hp_gain":0,"max_hp_loss":0,"event_name":"WeMeetAgain","floor":4,"gold_loss":0},{"damage_healed":0,"gold_gain":100,"player_choice":"Pray","damage_taken":0,"max_hp_gain":0,"max_hp_loss":0,"event_name":"Golden Shrine","floor":11,"gold_loss":0},{"damage_healed":0,"gold_gain":0,"player_choice":"Fight","damage_taken":0,"max_hp_gain":0,"max_hp_loss":0,"event_name":"Colosseum","floor":19,"gold_loss":0},{"damage_healed":0,"gold_gain":0,"player_choice":"Fled From Nobs","damage_taken":0,"max_hp_gain":0,"max_hp_loss":0,"event_name":"Colosseum","floor":19,"gold_loss":0},{"damage_healed":0,"gold_gain":0,"player_choice":"Upgraded","damage_taken":0,"max_hp_gain":0,"max_hp_loss":0,"event_name":"Upgrade Shrine","floor":20,"gold_loss":0,"cards_upgraded":["Body Slam"]},{"damage_healed":0,"gold_gain":0,"player_choice":"Memory 1","damage_taken":0,"max_hp_gain":0,"max_hp_loss":0,"event_name":"SensoryStone","floor":36,"gold_loss":0},{"damage_healed":0,"gold_gain":0,"player_choice":"Max HP","damage_taken":0,"max_hp_gain":0,"max_hp_loss":5,"event_name":"Winding Halls","floor":38,"gold_loss":0},{"damage_healed":0,"gold_gain":0,"player_choice":"Fight","damage_taken":0,"max_hp_gain":0,"max_hp_loss":0,"event_name":"Mysterious Sphere","floor":39,"gold_loss":0}],"is_beta":false,"boss_relics":[{"not_picked":["Orrery","White Beast Statue"],"picked":"Mark of Pain"},{"not_picked":["Astrolabe","Calling Bell"],"picked":"Black Star"}],"items_purged_floors":[3,10,28],"is_endless":false,"potions_floor_spawned":[5,7,8,12,14,16,23,25,27,30,37],"killed_by":"2 Orb Walkers","ascension_level":0}