{"gold_per_floor":[113,288,288,238,4,4,15,73,118,130,141,151,178,178,178,274,274,294,283,312,329,329,329,70,86,166,31,41,58,71,71,71,176,176,188,198,72,72,3,15,15,15,41,41,53,53,0,10,10,10],"floor_reached":51,"playtime":1367,"items_purged":["Hemokinesis+1"],"score":749,"play_id":"866b8146-0ebf-4281-b0f7-f156be96fcb5","local_time":"20190427145206","is_ascension_mode":false,"campfire_choices":[{"data":"Corruption","floor":6,"key":"SMITH"},{"data":"Seeing Red","floor":15,"key":"SMITH"},{"data":"Body Slam","floor":23,"key":"SMITH"},{"data":"Bite","floor":32,"key":"SMITH"},{"data":"Feel No Pain","floor":42,"key":"SMITH"},{"data":"Impervious","floor":46,"key":"SMITH"},{"floor":49,"key":"REST"}],"neow_cost":"NONE","seed_source_timestamp":3462490774829024,"circlet_count":0,"master_deck":["Defend_R","Bash","Clash","Corruption+1","Cleave","Seeing Red+1","Entrench","Impervious","Shrug It Off","Body Slam+1","Feel No Pain+1","Battle Trance+1","Clash","Clash","Bite+1","Bite","Bite","Bite","Bite","Impervious+1","Dropkick+1","Thunderclap+1","Clash","Feel No Pain+1","Shockwave+1"],"relics":["Burning Blood","NeowsBlessing","Thread and Needle","Red Skull","Tiny Chest","Dream Catcher","Lantern","Runic Dome","Red Mask","Singing Bowl","Strange Spoon","Bottled Flame","Astrolabe","Bag of Marbles","Shovel"],"potions_floor_usage":[16,16,33,40,50,50,50],"damage_taken":[{"damage":0,"enemies":"Cultist","floor":1,"turns":1},{"damage":0,"enemies":"Small Slimes","floor":7,"turns":1},{"damage":0,"enemies":"3 Sentries","floor":8,"turns":2},{"damage":0,"enemies":"2 Louse","floor":10,"turns":2},{"damage":0,"enemies":"Gremlin Gang","floor":11,"turns":3},{"damage":11,"enemies":"Large Slime","floor":12,"turns":6},{"damage":15,"enemies":"Slime Boss","floor":16,"turns":9},{"damage":14,"enemies":"3 Byrds","floor":18,"turns":5},{"damage":6,"enemies":"2 Thieves","floor":19,"turns":4},{"damage":35,"enemies":"Masked Bandits","floor":20,"turns":5},{"damage":0,"enemies":"Centurion and Healer","floor":21,"turns":7},{"damage":0,"enemies":"3 Cultists","floor":25,"turns":5},{"damage":0,"enemies":"Snecko","floor":28,"turns":4},{"damage":8,"enemies":"Cultist and Chosen","floor":29,"turns":10},{"damage":10,"enemies":"Centurion and Healer","floor":30,"turns":4},{"damage":57,"enemies":"Champ","floor":33,"turns":9},{"damage":0,"enemies":"3 Shapes","floor":35,"turns":2},{"damage":18,"enemies":"3 Darklings","floor":36,"turns":4},{"damage":13,"enemies":"Transient","floor":40,"turns":5},{"damage":0,"enemies":"Sphere and 2 Shapes","floor":45,"turns":6},{"damage":2,"enemies":"3 Darklings","floor":48,"turns":4},{"damage":83,"enemies":"Time Eater","floor":50,"turns":12}],"seed_played":"8959761465333479863","potions_obtained":[{"floor":7,"key":"Fire Potion"},{"floor":11,"key":"AttackPotion"},{"floor":12,"key":"EssenceOfSteel"},{"floor":16,"key":"FairyPotion"},{"floor":18,"key":"SpeedPotion"},{"floor":25,"key":"PowerPotion"},{"floor":33,"key":"GamblersBrew"},{"floor":35,"key":"AttackPotion"},{"floor":48,"key":"Poison Potion"}],"is_trial":false,"path_per_floor":["M","?","?","?","$","R","M","E","T","M","M","M","T","?","R","B",null,"M","M","?","M","T","R","$","M","T","$","M","M","M","?","R","B",null,"M","M","$","?","$","M","?","R","T","?","M","R","?","M","R","B",null],"character_chosen":"IRONCLAD","items_purchased":["Corruption","Red Skull","Strange Spoon","Clash","Exhume","Clash","Feel No Pain"],"campfire_rested":1,"item_purchase_floors":[5,5,24,24,27,37,39],"current_hp_per_floor":[80,80,68,68,68,68,74,80,80,80,80,75,75,75,75,66,80,72,72,43,49,49,49,49,55,55,55,63,63,61,60,60,25,60,62,63,63,63,63,66,68,68,68,68,70,70,70,70,72,17],"gold":10,"neow_bonus":"THREE_ENEMY_KILL","is_prod":false,"is_daily":false,"chose_seed":false,"campfire_upgraded":6,"win_rate":0,"timestamp":1556373126,"path_taken":["M","?","?","?","$","R","M","E","T","M","M","M","?","?","R","BOSS","M","?","?","M","?","R","$","M","T","?","M","M","M","?","R","BOSS","M","M","$","?","$","M","?","R","T","?","M","R","?","M","R","BOSS"],"build_version":"2019-01-23","purchased_purges":1,"victory":true,"max_hp_per_floor":[80,80,80,80,80,80,80,80,80,80,80,80,80,80,80,80,80,80,80,80,80,80,80,80,80,80,80,82,84,86,60,60,60,60,62,64,64,64,64,66,68,68,68,68,70,70,70,70,72,72],"card_choices":[{"not_picked":["Hemokinesis","Seeing Red"],"picked":"Clash","floor":1},{"not_picked":["Headbutt","Sword Boomerang","Rage"],"picked":"SKIP","floor":7},{"not_picked":["Sword Boomerang","Searing Blow","Carnage"],"picked":"SKIP","floor":8},{"not_picked":["Heavy Blade","Sentinel"],"picked":"Cleave","floor":10},{"not_picked":["Iron Wave","Ghostly Armor","Corruption"],"picked":"SKIP","floor":11},{"not_picked":["Searing Blow","Twin Strike"],"picked":"Seeing Red","floor":12},{"not_picked":["Berserk","Immolate"],"picked":"Impervious","floor":16},{"not_picked":["Perfected Strike","Clash"],"picked":"Shrug It Off","floor":18},{"not_picked":["Heavy Blade","Sword Boomerang"],"picked":"Body Slam","floor":19},{"not_picked":["Shockwave+1","Shrug It Off"],"picked":"Feel No Pain+1","floor":20},{"not_picked":["Cleave","Pommel Strike"],"picked":"Battle Trance+1","floor":21},{"not_picked":["Warcry","Reaper"],"picked":"Clash","floor":25},{"not_picked":["Anger","Perfected Strike","Clothesline"],"picked":"Singing Bowl","floor":28},{"not_picked":["Shockwave","Sword Boomerang","True Grit"],"picked":"Singing Bowl","floor":29},{"not_picked":["Headbutt","Wild Strike+1","Flex"],"picked":"Singing Bowl","floor":30},{"not_picked":["Brutality","Fiend Fire"],"picked":"Impervious","floor":33},{"not_picked":["Clothesline","Sword Boomerang+1","Pummel+1"],"picked":"Singing Bowl","floor":35},{"not_picked":["Corruption","Cleave+1","Metallicize"],"picked":"Singing Bowl","floor":36},{"not_picked":["Clash+1","Corruption+1","Headbutt+1"],"picked":"Singing Bowl","floor":40},{"not_picked":["Sadistic Nature","Mind Blast","Forethought"],"picked":"Singing Bowl","floor":41},{"not_picked":["Havoc","Body Slam","Warcry+1"],"picked":"Singing Bowl","floor":45},{"not_picked":["Entrench+1","Havoc+1"],"picked":"Shockwave+1","floor":48},{"not_picked":["Intimidate+1","Wild Strike","Power Through+1"],"picked":"Singing Bowl","floor":49}],"player_experience":700458,"relics_obtained":[{"floor":8,"key":"Tiny Chest"},{"floor":9,"key":"Dream Catcher"},{"floor":13,"key":"Lantern"},{"floor":20,"key":"Red Mask"},{"floor":22,"key":"Singing Bowl"},{"floor":26,"key":"Bottled Flame"},{"floor":43,"key":"Bag of Marbles"}],"event_choices":[{"damage_healed":0,"gold_gain":175,"player_choice":"AGREE","damage_taken":0,"max_hp_gain":0,"max_hp_loss":0,"event_name":"Liars Game","floor":2,"gold_loss":0,"cards_obtained":["Doubt"]},{"damage_healed":0,"gold_gain":0,"player_choice":"Success","damage_taken":12,"relics_obtained":["Thread and Needle"],"max_hp_gain":0,"max_hp_loss":0,"event_name":"Scrap Ooze","floor":3,"gold_loss":0},{"cards_removed":["Doubt"],"damage_healed":0,"gold_gain":0,"player_choice":"Card Removal","damage_taken":0,"max_hp_gain":0,"max_hp_loss":0,"event_name":"The Cleric","floor":4,"gold_loss":50},{"damage_healed":0,"gold_gain":0,"cards_transformed":["Strike_R"],"player_choice":"Transformed","damage_taken":0,"max_hp_gain":0,"max_hp_loss":0,"event_name":"Transmorgrifier","floor":14,"gold_loss":0,"cards_obtained":["Entrench"]},{"damage_healed":0,"gold_gain":0,"player_choice":"Fought Bandits","damage_taken":0,"max_hp_gain":0,"max_hp_loss":0,"event_name":"Masked Bandits","floor":20,"gold_loss":0},{"damage_healed":0,"gold_gain":0,"player_choice":"Became a vampire","damage_taken":0,"max_hp_gain":0,"max_hp_loss":26,"event_name":"Vampires","floor":31,"gold_loss":0,"cards_obtained":["Bite","Bite","Bite","Bite","Bite"]},{"cards_removed":["Exhume"],"damage_healed":0,"gold_gain":0,"player_choice":"Removed Skill","damage_taken":0,"max_hp_gain":0,"max_hp_loss":0,"event_name":"Falling","floor":38,"gold_loss":0},{"damage_healed":0,"gold_gain":0,"player_choice":"Memory 1","damage_taken":0,"max_hp_gain":0,"max_hp_loss":0,"event_name":"SensoryStone","floor":41,"gold_loss":0},{"damage_healed":0,"gold_gain":0,"player_choice":"Ignored","damage_taken":0,"max_hp_gain":0,"max_hp_loss":0,"event_name":"Mysterious Sphere","floor":44,"gold_loss":0},{"damage_healed":0,"gold_gain":0,"player_choice":"Paid Gold","damage_taken":0,"relics_obtained":["Shovel"],"max_hp_gain":0,"max_hp_loss":0,"event_name":"WeMeetAgain","floor":47,"gold_loss":53}],"is_beta":false,"boss_relics":[{"not_picked":["Black Star","Fusion Hammer"],"picked":"Runic Dome"},{"not_picked":["Runic Cube","Empty Cage"],"picked":"Astrolabe"}],"items_purged_floors":[37],"is_endless":false,"potions_floor_spawned":[7,11,12,16,18,25,28,30,33,35,48],"ascension_level":0}