{"path_per_floor":["M","M","?","M","?","R","E","?","T","?","R","E","M","$","R","B",null,"M","M","M","M","?","E","$","M","T","$","R","E","M","M","R","B",null,"M","?","$","$","M","R","E","M","T","E","M","M","R","M","R","B"],"character_chosen":"IRONCLAD","items_purchased":["Bag of Marbles","Dark Embrace","Vajra","Corruption"],"gold_per_floor":[114,129,129,144,144,144,174,174,224,246,246,276,291,68,68,168,168,183,198,213,228,178,208,58,73,73,73,73,103,118,133,133,233,263,278,278,208,208,223,223,253,268,293,323,338,353,353,368,368,368],"floor_reached":51,"campfire_rested":0,"playtime":1301,"current_hp_per_floor":[78,77,70,70,58,65,67,67,73,71,71,64,66,66,66,55,81,76,78,65,67,67,72,72,71,77,77,77,72,71,71,71,49,97,88,78,78,78,80,80,82,84,90,91,90,92,92,91,100,53],"items_purged":[],"gold":368,"score":1109,"play_id":"d29db6b0-2986-4c9c-9211-34092934a5a3","local_time":"20180420000329","daily_mods":["Heirloom","Cursed Run","Terminal"],"is_prod":false,"is_daily":true,"chose_seed":false,"is_ascension_mode":false,"campfire_upgraded":0,"timestamp":1524204209,"path_taken":["M","M","?","M","?","R","E","?","T","?","R","E","M","$","R","BOSS","M","M","?","M","?","E","$","M","T","$","R","E","M","M","R","BOSS","M","?","?","$","M","R","E","M","T","E","M","M","R","M","R","BOSS"],"build_version":"2018-04-19","seed_source_timestamp":0,"purchased_purges":0,"victory":true,"master_deck":["Strike_R","Strike_R","Strike_R","Defend_R","Defend_R","Defend_R","Defend_R","Bash","Twin Strike","Thunderclap","Pommel Strike","Injury","Uppercut","Cleave","Dark Embrace","Doubt","Exhume+1","Perfected Strike","Blood for Blood+1","Infernal Blade+1","Anger+1","Fiend Fire","Rage","Regret","Rage","Perfected Strike+1","Perfected Strike+1","Decay","Doubt","Normality","Clumsy","Perfected Strike+1","Mind Blast+1","Mind Blast+1","Trip+1","Corruption","Havoc+1","Twin Strike+1","Anger+1","Injury","Twin Strike+1","Twin Strike+1","Battle Trance+1","Decay"],"max_hp_per_floor":[78,77,76,75,74,80,79,78,83,82,81,80,79,78,77,82,81,80,79,78,77,76,78,77,76,81,80,79,78,77,76,75,80,97,96,95,94,93,92,91,90,89,94,93,92,93,92,91,100,105],"relics":["Cursed Key","Darkstone Periapt","Du-Vu Doll","Shovel","Blood Vial","Strawberry","Mummified Hand","Regal Pillow","Odd Mushroom","Self Forming Clay","Lantern","Bag of Marbles","Unceasing Top","Runic Dome","Matryoshka","Vajra","Bag of Preparation","Molten Egg 2","Happy Flower","Mercury Hourglass","Ancient Tea Set","Calling Bell","Tiny Chest","Kunai","Thread and Needle","Singing Bowl","Toolbox","Dodecahedron","War Paint","Orichalcum","Centennial Puzzle","Pear"],"card_choices":[{"not_picked":["True Grit","Second Wind"],"picked":"Twin Strike","floor":1},{"not_picked":["Shockwave","Corruption"],"picked":"Thunderclap","floor":2},{"not_picked":["Cleave","Sword Boomerang"],"picked":"Pommel Strike","floor":4},{"not_picked":["Pummel","Intimidate"],"picked":"Uppercut","floor":12},{"not_picked":["Thunderclap","Flex"],"picked":"Cleave","floor":13},{"not_picked":["Bludgeon","Immolate"],"picked":"Exhume","floor":16},{"not_picked":["Thunderclap","Cleave"],"picked":"Perfected Strike","floor":18},{"not_picked":["Shrug It Off","Flame Barrier"],"picked":"Blood for Blood","floor":19},{"not_picked":["Sword Boomerang","True Grit"],"picked":"Infernal Blade","floor":20},{"not_picked":["Wild Strike","Sword Boomerang"],"picked":"Anger","floor":21},{"not_picked":["True Grit","Evolve"],"picked":"Fiend Fire","floor":23},{"not_picked":["Shockwave","Warcry"],"picked":"Rage","floor":25},{"not_picked":["Sever Soul","Reckless Charge"],"picked":"Rage","floor":29},{"not_picked":["Warcry","Second Wind"],"picked":"Perfected Strike","floor":30},{"not_picked":["Twin Strike","Clothesline"],"picked":"Perfected Strike","floor":31},{"not_picked":["Blood for Blood","Flex"],"picked":"Perfected Strike","floor":35},{"not_picked":["Dramatic Entrance","Purity"],"picked":"Mind Blast","floor":36},{"not_picked":["Enlightenment","Secret Technique"],"picked":"Mind Blast","floor":36},{"not_picked":["Blind","Jack Of All Trades"],"picked":"Trip","floor":36},{"not_picked":["Reckless Charge","Combust"],"picked":"Havoc","floor":39},{"not_picked":["Fiend Fire","Clash"],"picked":"Twin Strike","floor":41},{"not_picked":["Shockwave","Infernal Blade"],"picked":"Anger","floor":42},{"not_picked":["Thunderclap","Iron Wave"],"picked":"Twin Strike","floor":44},{"not_picked":["Thunderclap","Disarm"],"picked":"Twin Strike","floor":45},{"not_picked":["Flame Barrier","Clothesline"],"picked":"Battle Trance","floor":48}],"player_experience":315198,"potions_floor_usage":[7,16,20,23,33,33,39,41,50,50,50],"damage_taken":[{"damage":0,"enemies":"2 Louse","floor":1,"turns":4},{"damage":1,"enemies":"Jaw Worm","floor":2,"turns":3},{"damage":0,"enemies":"Cultist","floor":4,"turns":3},{"damage":0,"enemies":"Lagavulin","floor":7,"turns":6},{"damage":4,"enemies":"The Mushroom Lair","floor":10,"turns":4},{"damage":9,"enemies":"Gremlin Nob","floor":12,"turns":3},{"damage":0,"enemies":"2 Fungi Beasts","floor":13,"turns":2},{"damage":19,"enemies":"Hexaghost","floor":16,"turns":7},{"damage":5,"enemies":"2 Thieves","floor":18,"turns":3},{"damage":0,"enemies":"Chosen","floor":19,"turns":3},{"damage":14,"enemies":"Snake Plant","floor":20,"turns":4},{"damage":0,"enemies":"Chosen and Byrds","floor":21,"turns":3},{"damage":0,"enemies":"Slavers","floor":23,"turns":1},{"damage":3,"enemies":"Centurion and Healer","floor":25,"turns":3},{"damage":7,"enemies":"Book of Stabbing","floor":29,"turns":2},{"damage":3,"enemies":"3 Cultists","floor":30,"turns":3},{"damage":2,"enemies":"Snake Plant","floor":31,"turns":2},{"damage":40,"enemies":"Automaton","floor":33,"turns":8},{"damage":9,"enemies":"3 Shapes","floor":35,"turns":2},{"damage":0,"enemies":"3 Darklings","floor":39,"turns":1},{"damage":0,"enemies":"2 Orb Walkers","floor":41,"turns":1},{"damage":0,"enemies":"Flame Bruiser 2 Orb","floor":42,"turns":1},{"damage":1,"enemies":"Giant Head","floor":44,"turns":2},{"damage":3,"enemies":"Sphere and 2 Shapes","floor":45,"turns":1},{"damage":2,"enemies":"Maw","floor":46,"turns":2},{"damage":0,"enemies":"Spire Growth","floor":48,"turns":1},{"damage":53,"enemies":"Awakened One","floor":50,"turns":7}],"event_choices":[{"event_name":"Golden Wing","player_choice":"Card Removal","floor":3,"damage_taken":0},{"event_name":"Scrap Ooze","player_choice":"success","floor":5,"damage_taken":12},{"event_name":"Living Wall","player_choice":"Forget","floor":8,"damage_taken":0},{"event_name":"Mushrooms","player_choice":"Fought Mushrooms","floor":10,"damage_taken":0},{"event_name":"The Joust","player_choice":"Bet on Murderer","floor":22,"damage_taken":0},{"event_name":"SensoryStone","player_choice":"Memory 3","floor":36,"damage_taken":0}],"boss_relics":[{"not_picked":["White Beast Statue","Velvet Choker"],"picked":"Runic Dome"},{"not_picked":["Snecko Eye","Astrolabe"],"picked":"Calling Bell"}],"potions_floor_spawned":[2,7,10,13,18,20,25,29,33,39,42,45,46,48],"seed_played":"8167839930029530236","ascension_level":0,"is_trial":false}