{"gold_per_floor":[113,113,128,145,145,145,165,191,191,210,210,210,49,49,49,145,145,168,218,15,15,15,15,354,378,402,402,425,9,48,69,69,69],"floor_reached":33,"playtime":1103,"items_purged":["Injury"],"score":566,"play_id":"4341abe9-c97b-413c-909a-09f6d5f221c5","local_time":"20190430183422","is_ascension_mode":true,"campfire_choices":[{"data":"Iron Wave","floor":6,"key":"SMITH"},{"data":"Flame Barrier","floor":11,"key":"SMITH"},{"floor":15,"key":"REST"},{"data":"True Grit","floor":23,"key":"SMITH"},{"floor":27,"key":"REST"},{"floor":32,"key":"REST"}],"neow_cost":"NONE","seed_source_timestamp":3735309744189881,"circlet_count":0,"master_deck":["AscendersBane","Strike_R","Strike_R","Strike_R","Strike_R","Defend_R","Defend_R","Defend_R","Defend_R","Bash","Iron Wave+1","Cleave","Cleave+1","Flame Barrier","Demon Form","Flame Barrier+1","Metallicize+1","Reaper","Seeing Red","True Grit+1","Armaments","Iron Wave"],"relics":["Burning Blood","NeowsBlessing","PreservedInsect","Pantograph","Golden Idol","Orrery","Bronze Scales","Old Coin","Happy Flower","Incense Burner","Anchor"],"potions_floor_usage":[8,24,25,25,30],"damage_taken":[{"damage":0,"enemies":"Small Slimes","floor":1,"turns":1},{"damage":0,"enemies":"Cultist","floor":3,"turns":1},{"damage":0,"enemies":"2 Louse","floor":4,"turns":1},{"damage":13,"enemies":"Large Slime","floor":7,"turns":4},{"damage":33,"enemies":"Lagavulin","floor":8,"turns":5},{"damage":10,"enemies":"Red Slaver","floor":10,"turns":4},{"damage":42,"enemies":"The Guardian","floor":16,"turns":12},{"damage":36,"enemies":"Shell Parasite","floor":18,"turns":9},{"damage":60,"enemies":"Book of Stabbing","floor":24,"turns":5},{"damage":13,"enemies":"Chosen","floor":25,"turns":6},{"damage":30,"enemies":"Centurion and Healer","floor":28,"turns":9},{"damage":28,"enemies":"Gremlin Leader","floor":30,"turns":7},{"damage":43,"enemies":"Cultist and Chosen","floor":31,"turns":7},{"damage":134,"enemies":"Automaton","floor":33,"turns":12}],"seed_played":"-3499493611810493279","potions_obtained":[{"floor":4,"key":"SteroidPotion"},{"floor":7,"key":"EssenceOfSteel"},{"floor":8,"key":"Dexterity Potion"},{"floor":24,"key":"Energy Potion"}],"is_trial":false,"path_per_floor":["M","?","M","M","?","R","M","E","T","M","R","?","$","?","R","B",null,"M","?","$","?","$","R","E","M","T","R","M","$","E","M","R","B"],"character_chosen":"IRONCLAD","items_purchased":["Metallicize","Bronze Scales","True Grit","Incense Burner","BloodPotion"],"campfire_rested":3,"item_purchase_floors":[13,20,20,29,29],"current_hp_per_floor":[74,74,75,75,75,75,68,41,41,37,37,37,37,37,59,39,66,42,42,42,75,75,75,21,21,21,43,46,46,41,12,34,0],"gold":69,"neow_bonus":"THREE_ENEMY_KILL","is_prod":false,"is_daily":false,"chose_seed":false,"campfire_upgraded":3,"win_rate":0,"timestamp":1556645662,"path_taken":["M","?","?","M","?","R","M","E","T","M","R","?","$","?","R","BOSS","M","?","$","?","$","R","E","M","T","R","M","$","E","M","R","BOSS"],"build_version":"2019-01-23","purchased_purges":1,"victory":false,"max_hp_per_floor":[75,75,75,75,75,75,75,75,75,75,75,75,75,75,75,75,75,75,75,75,75,75,75,75,75,75,75,75,75,75,75,75,75],"card_choices":[{"not_picked":["Bloodletting","Armaments"],"picked":"Iron Wave","floor":1},{"not_picked":["Corruption","Armaments"],"picked":"Cleave","floor":3},{"not_picked":["Heavy Blade","Corruption"],"picked":"Cleave","floor":4},{"not_picked":["Feel No Pain","Entrench"],"picked":"Flame Barrier","floor":7},{"not_picked":["Twin Strike","Evolve"],"picked":"Demon Form","floor":8},{"not_picked":["Sword Boomerang","Clash"],"picked":"Flame Barrier","floor":10},{"not_picked":["Impervious","Fiend Fire"],"picked":"Reaper","floor":16},{"not_picked":["Sword Boomerang","Pummel"],"picked":"Sentinel","floor":17},{"not_picked":["Evolve","Clash"],"picked":"Seeing Red","floor":17},{"not_picked":["Intimidate","Entrench","Havoc"],"picked":"SKIP","floor":18},{"not_picked":["Headbutt","Clash"],"picked":"Armaments","floor":24},{"not_picked":["Anger","Seeing Red"],"picked":"Iron Wave","floor":25},{"not_picked":["Pommel Strike","Corruption","Feed"],"picked":"SKIP","floor":28},{"not_picked":["Pommel Strike","Flex+1","Shockwave"],"picked":"SKIP","floor":30},{"not_picked":["Clash","Wild Strike","Cleave"],"picked":"SKIP","floor":31}],"player_experience":742528,"relics_obtained":[{"floor":8,"key":"PreservedInsect"},{"floor":9,"key":"Pantograph"},{"floor":24,"key":"Old Coin"},{"floor":26,"key":"Happy Flower"},{"floor":30,"key":"Anchor"}],"event_choices":[{"cards_removed":["Strike_R"],"damage_healed":0,"gold_gain":0,"player_choice":"Purged","damage_taken":0,"max_hp_gain":0,"max_hp_loss":0,"event_name":"Purifier","floor":2,"gold_loss":0},{"damage_healed":0,"gold_gain":0,"player_choice":"Grow","damage_taken":0,"max_hp_gain":0,"max_hp_loss":0,"event_name":"Living Wall","floor":5,"gold_loss":0,"cards_upgraded":["Cleave"]},{"damage_healed":0,"gold_gain":0,"player_choice":"Take Wound","damage_taken":0,"relics_obtained":["Golden Idol"],"max_hp_gain":0,"max_hp_loss":0,"event_name":"Golden Idol","floor":12,"gold_loss":0,"cards_obtained":["Injury"]},{"damage_healed":0,"gold_gain":0,"player_choice":"Forge","damage_taken":0,"max_hp_gain":0,"max_hp_loss":0,"event_name":"Accursed Blacksmith","floor":14,"gold_loss":0,"cards_upgraded":["Metallicize"]},{"damage_healed":0,"gold_gain":50,"player_choice":"Stole From Cult","damage_taken":0,"max_hp_gain":0,"max_hp_loss":0,"event_name":"Nest","floor":19,"gold_loss":0},{"cards_removed":["Sentinel"],"damage_healed":33,"gold_gain":0,"player_choice":"Offered Uncommon","damage_taken":0,"max_hp_gain":0,"max_hp_loss":0,"event_name":"Bonfire Elementals","floor":21,"gold_loss":0}],"is_beta":false,"boss_relics":[{"not_picked":["Black Star","White Beast Statue"],"picked":"Orrery"}],"items_purged_floors":[13],"is_endless":false,"potions_floor_spawned":[4,7,8,10,16,24],"killed_by":"Automaton","ascension_level":20}