{"gold_per_floor":[112,112,112,112,122,122,148,148,148,160,160,160,190,225,225,297,297,316,316,316,331,256,256,271,271,271,289,316,331,331,364,364,364],"floor_reached":33,"playtime":1324,"items_purged":["Writhe"],"score":636,"play_id":"efec3d68-322d-49c1-b548-40f55346c574","local_time":"20190317001231","is_ascension_mode":true,"campfire_choices":[{"data":"Perfected Strike","floor":6,"key":"SMITH"},{"data":"Bash","floor":11,"key":"SMITH"},{"data":"Pommel Strike","floor":15,"key":"SMITH"},{"floor":23,"key":"REST"},{"floor":25,"key":"REST"},{"floor":32,"key":"REST"}],"neow_cost":"NONE","seed_source_timestamp":210846190954300,"circlet_count":0,"master_deck":["AscendersBane","Strike_R","Strike_R","Strike_R","Strike_R","Strike_R","Defend_R+1","Defend_R+1","Defend_R","Defend_R","Bash+1","Perfected Strike+1","Twin Strike","Thunderclap","Clash","Dropkick","Pommel Strike+1","Fiend Fire","Armaments+1","Purity","Forethought","Flame Barrier","Blood for Blood+1","Barricade","Shrug It Off","Pommel Strike+1"],"relics":["Burning Blood","NeowsBlessing","Kunai","Ornamental Fan","Charon\u0027s Ashes","Sundial","Odd Mushroom","Orichalcum","Snecko Eye","Lantern","Molten Egg 2","War Paint","Toxic Egg 2"],"potions_floor_usage":[12,16,29,31],"damage_taken":[{"damage":0,"enemies":"Cultist","floor":1,"turns":1},{"damage":0,"enemies":"Small Slimes","floor":5,"turns":1},{"damage":0,"enemies":"3 Sentries","floor":7,"turns":1},{"damage":5,"enemies":"2 Louse","floor":10,"turns":3},{"damage":15,"enemies":"Gremlin Gang","floor":12,"turns":3},{"damage":2,"enemies":"The Mushroom Lair","floor":13,"turns":4},{"damage":8,"enemies":"Gremlin Nob","floor":14,"turns":3},{"damage":49,"enemies":"Hexaghost","floor":16,"turns":8},{"damage":16,"enemies":"2 Thieves","floor":18,"turns":2},{"damage":0,"enemies":"Spheric Guardian","floor":21,"turns":3},{"damage":18,"enemies":"Centurion and Healer","floor":24,"turns":3},{"damage":0,"enemies":"Snake Plant","floor":27,"turns":2},{"damage":17,"enemies":"Book of Stabbing","floor":28,"turns":3},{"damage":0,"enemies":"Sentry and Sphere","floor":29,"turns":1},{"damage":8,"enemies":"Gremlin Leader","floor":31,"turns":4},{"damage":73,"enemies":"Collector","floor":33,"turns":6}],"seed_played":"5532928053205712764","potions_obtained":[{"floor":5,"key":"Regen Potion"},{"floor":7,"key":"SmokeBomb"},{"floor":21,"key":"SpeedPotion"},{"floor":24,"key":"AttackPotion"}],"is_trial":false,"path_per_floor":["M","?","?","?","M","R","E","$","T","M","R","M","?","E","R","B",null,"M","?","?","M","$","R","M","R","T","M","E","M","?","E","R","B"],"character_chosen":"IRONCLAD","items_purchased":[],"campfire_rested":3,"item_purchase_floors":[],"current_hp_per_floor":[74,74,56,49,55,55,61,61,61,62,62,53,57,55,55,27,63,53,53,32,38,38,60,48,70,70,75,64,70,49,47,71,0],"gold":364,"neow_bonus":"THREE_ENEMY_KILL","is_prod":false,"is_daily":false,"chose_seed":false,"campfire_upgraded":3,"win_rate":0,"timestamp":1552781551,"path_taken":["M","?","?","?","M","R","E","?","T","?","R","M","?","E","R","BOSS","M","?","?","M","$","R","M","R","T","?","E","M","?","E","R","BOSS"],"build_version":"2019-01-23","purchased_purges":1,"victory":false,"max_hp_per_floor":[75,75,75,75,75,75,75,75,75,75,75,75,75,75,75,75,75,75,75,75,75,75,75,75,75,75,75,75,75,80,80,80,80],"card_choices":[{"not_picked":["Warcry","True Grit"],"picked":"Perfected Strike","floor":1},{"not_picked":["Perfected Strike","Heavy Blade"],"picked":"Twin Strike","floor":5},{"not_picked":["Havoc","Clash"],"picked":"Thunderclap","floor":7},{"not_picked":["Anger","Reaper"],"picked":"Clash","floor":10},{"not_picked":["Headbutt","Searing Blow"],"picked":"Dropkick","floor":13},{"not_picked":["Pummel","Clash"],"picked":"Pommel Strike","floor":14},{"not_picked":["Demon Form","Impervious"],"picked":"Fiend Fire","floor":16},{"not_picked":["Spot Weakness","Searing Blow"],"picked":"Armaments+1","floor":18},{"not_picked":["Iron Wave","Sword Boomerang","Rage"],"picked":"SKIP","floor":21},{"not_picked":["Armaments","Bloodletting"],"picked":"Flame Barrier","floor":24},{"not_picked":["Iron Wave+1","Bloodletting"],"picked":"Blood for Blood+1","floor":27},{"not_picked":["Armaments","Fire Breathing"],"picked":"Barricade","floor":28},{"not_picked":["Infernal Blade","Heavy Blade+1"],"picked":"Shrug It Off","floor":29},{"not_picked":["Shrug It Off","Warcry"],"picked":"Pommel Strike+1","floor":31}],"player_experience":401684,"relics_obtained":[{"floor":7,"key":"Charon\u0027s Ashes"},{"floor":9,"key":"Sundial"},{"floor":13,"key":"Odd Mushroom"},{"floor":14,"key":"Orichalcum"},{"floor":26,"key":"Molten Egg 2"},{"floor":28,"key":"War Paint"},{"floor":31,"key":"Toxic Egg 2"}],"event_choices":[{"damage_healed":0,"gold_gain":0,"player_choice":"Box","damage_taken":0,"relics_obtained":["Kunai"],"max_hp_gain":0,"max_hp_loss":0,"event_name":"Big Fish","floor":2,"gold_loss":0,"cards_obtained":["Regret"]},{"damage_healed":0,"gold_gain":0,"player_choice":"Success","damage_taken":18,"relics_obtained":["Ornamental Fan"],"max_hp_gain":0,"max_hp_loss":0,"event_name":"Scrap Ooze","floor":3,"gold_loss":0},{"cards_removed":["Regret"],"damage_healed":0,"gold_gain":0,"player_choice":"Card Removal","damage_taken":7,"max_hp_gain":0,"max_hp_loss":0,"event_name":"Golden Wing","floor":4,"gold_loss":0},{"damage_healed":0,"gold_gain":0,"player_choice":"Fought Mushrooms","damage_taken":0,"max_hp_gain":0,"max_hp_loss":0,"event_name":"Mushrooms","floor":13,"gold_loss":0},{"damage_healed":0,"gold_gain":0,"player_choice":"Opened","damage_taken":0,"relics_obtained":["Lantern"],"max_hp_gain":0,"max_hp_loss":0,"event_name":"The Mausoleum","floor":19,"gold_loss":0,"cards_obtained":["Writhe"]},{"damage_healed":0,"gold_gain":0,"player_choice":"CARD CARD ","damage_taken":21,"max_hp_gain":0,"max_hp_loss":0,"event_name":"Knowing Skull","floor":20,"potions_obtained":[],"gold_loss":0,"cards_obtained":["Purity","Forethought"]},{"damage_healed":0,"gold_gain":0,"player_choice":"Shed Blood","damage_taken":26,"max_hp_gain":5,"max_hp_loss":0,"event_name":"Forgotten Altar","floor":30,"gold_loss":0}],"is_beta":false,"boss_relics":[{"not_picked":["Astrolabe","White Beast Statue"],"picked":"Snecko Eye"}],"items_purged_floors":[22],"is_endless":false,"potions_floor_spawned":[5,7,12,21,24],"killed_by":"Collector","ascension_level":20}