{"path_per_floor":["M","?","?","?","?","E","M","M","T","T","M","$","R","M","R","B",null,"M","M","?","$","M"],"character_chosen":"IRONCLAD","items_purchased":["Letter Opener","Entrench","Metallicize"],"gold_per_floor":[116,116,291,291,291,316,330,350,377,425,436,75,75,86,86,185,185,197,216,216,34,44],"floor_reached":23,"campfire_rested":1,"playtime":1634,"current_hp_per_floor":[80,80,80,68,61,11,10,16,16,23,29,29,70,76,76,32,87,79,78,78,78,55],"items_purged":["Strike_R","Strike_R"],"gold":44,"play_id":"35d7b3d7-6c8e-446b-b6a9-5a37b0a147f4","is_prod":false,"is_daily":false,"campfire_rituals":0,"campfire_upgraded":1,"is_hardmode":false,"path_taken":["M","?","?","?","?","E","M","M","T","?","M","$","R","M","R","BOSS","M","M","?","$","M","E"],"build_version":"2018-01-04-PROD1","purchased_purges":2,"victory":false,"master_deck":["Strike_R","Strike_R","Defend_R","Defend_R","Defend_R","Defend_R","Bash","Headbutt","Metallicize","Pommel Strike","Pommel Strike","Armaments","Entrench","Dual Wield","Clothesline","Metallicize","Impervious"],"max_hp_per_floor":[80,80,80,80,80,80,80,80,80,87,87,87,87,87,87,87,87,87,87,87,87,87],"relics":["Burning Blood","Bag of Marbles","Regal Pillow","Orichalcum","Strawberry","Letter Opener","Snecko Eye"],"campfire_meditates":0,"card_choices":[{"not_picked":["Reckless Charge","Battle Trance"],"picked":"Headbutt"},{"not_picked":["Evolve","Rampage"],"picked":"Metallicize"},{"not_picked":["Warcry","Heavy Blade"],"picked":"Pommel Strike"},{"not_picked":["Wild Strike","Second Wind"],"picked":"Pommel Strike"},{"not_picked":["Perfected Strike","Fiend Fire"],"picked":"Armaments"},{"not_picked":["Seeing Red","True Grit"],"picked":"Dual Wield"},{"not_picked":["Pummel","Warcry"],"picked":"Impervious"}],"player_experience":160048,"potions_floor_usage":[16,16,18,23],"damage_taken":[{"damage":1,"enemies":"Cultist","floor":1,"turns":3},{"damage":56,"enemies":"Lagavulin","floor":6,"turns":9},{"damage":7,"enemies":"Blue Slaver","floor":7,"turns":4},{"damage":0,"enemies":"2 Louse","floor":8,"turns":2},{"damage":0,"enemies":"Lots of Slimes","floor":11,"turns":4},{"damage":0,"enemies":"3 Louse","floor":14,"turns":3},{"damage":50,"enemies":"Hexaghost","floor":16,"turns":10},{"damage":14,"enemies":"Spheric Guardian","floor":18,"turns":5},{"damage":7,"enemies":"3 Byrds","floor":19,"turns":7},{"damage":29,"enemies":"3 Cultists","floor":22,"turns":7},{"damage":60,"enemies":"Gremlin Leader","floor":23,"turns":8}],"event_choices":[{"event_name":"Bonfire Elementals","player_choice":"ATTACK","floor":2,"damage_taken":0},{"event_name":"Liars Game","player_choice":"agreed","floor":3,"damage_taken":0},{"event_name":"Scrap Ooze","player_choice":"success","floor":4,"damage_taken":12},{"event_name":"Golden Wing","player_choice":"Card Removal","floor":5,"damage_taken":0},{"event_name":"The Library","player_choice":"Read","floor":20,"damage_taken":0}],"boss_relics":[{"not_picked":["Runic Dome","Ectoplasm"],"picked":"Snecko Eye"}],"potions_floor_spawned":[1,7,14,16,19],"seed_played":"899119926661942857","killed_by":"Gremlin Leader","is_trial":false}