{"path_per_floor":["M","M","?","?","M","R","E","R","T","R","?","E","M","M","R","B",null,"M","M","$","M","$","E","R","E","T","$","R","?","?","M","R","B",null,"M","M","$","?","$","R","M","M","T","?","E","R","E","M","R","B"],"character_chosen":"THE_SILENT","items_purchased":["Blur","Dagger Throw","Tactician","Juzu Bracelet","Apotheosis"],"gold_per_floor":[114,129,129,129,144,144,174,174,199,199,199,229,244,259,259,359,359,374,389,225,240,95,125,125,155,205,55,55,55,55,70,70,170,170,185,200,200,226,27,27,42,57,57,57,87,87,117,132,132,132],"floor_reached":51,"campfire_rested":2,"playtime":2796,"current_hp_per_floor":[63,62,62,44,44,44,44,44,50,50,56,50,50,47,47,42,70,62,59,59,60,60,47,47,42,48,48,65,70,54,58,67,56,71,69,63,63,52,52,52,46,51,57,47,66,65,60,63,62,49],"items_purged":["Corpse Explosion"],"gold":132,"score":954,"play_id":"0554b560-3c3f-4bd8-9b2a-3a6505ebd4e8","local_time":"20180408234553","daily_mods":["Shiny","Cursed Run","Terminal"],"is_prod":false,"is_daily":true,"is_ascension_mode":false,"campfire_upgraded":8,"timestamp":1523252753,"path_taken":["M","M","?","?","M","R","E","R","T","R","?","E","M","M","R","BOSS","M","M","$","M","?","E","R","E","T","$","R","?","?","M","R","BOSS","M","M","$","?","$","R","M","M","T","?","E","R","E","M","R","BOSS"],"build_version":"2018-04-05","purchased_purges":1,"victory":true,"master_deck":["Adrenaline+1","Envenom","Doppelganger","Burst+1","Venomology","Tools of the Trade","Night Terror","Phantasmal Killer","Unload","After Image+1","Tactician+1","Bullet Time","Wraith Form","Storm of Steel","Glass Knife","Die Die Die","A Thousand Cuts","Leg Sweep","Noxious Fumes","Skewer+1","Dash","Regret","Regret","Dagger Spray","Finisher","Prepared","Pain","Glass Knife","Prepared","Acrobatics","Blur","Dagger Throw","Outmaneuver","Tactician+1","All Out Attack","Writhe","Writhe","Acrobatics","Pain","Die Die Die+1","Acrobatics","Predator","Apotheosis+1","Blur+1","Acrobatics+1","Doubt","Panache","Jack Of All Trades","Panache","Injury"],"max_hp_per_floor":[68,67,66,65,64,63,62,61,66,65,70,69,68,67,66,71,70,69,68,67,66,65,64,63,62,67,66,65,70,69,68,67,72,71,70,69,68,67,66,65,64,63,68,67,66,65,64,63,62,67],"relics":["Cursed Key","Darkstone Periapt","Du-Vu Doll","Blue Candle","Dream Catcher","Tough Bandages","Bag of Preparation","Black Star","Blood Vial","Ancient Tea Set","Art of War","Oddly Smooth Stone","Happy Flower","Juzu Bracelet","Ginger","Nilry\u0027s Codex","Sozu","Bird Faced Urn","Prayer Wheel","Toxic Egg 2","Bottled Flame","Thread and Needle","Calipers"],"card_choices":[{"not_picked":["Sucker Punch","Flechettes"],"picked":"Leg Sweep","floor":1},{"not_picked":["Prepared","Endless Agony"],"picked":"Noxious Fumes","floor":2},{"not_picked":["Bane","Distraction"],"picked":"Skewer","floor":5},{"not_picked":["Acrobatics","Deadly Poison"],"picked":"Dash","floor":7},{"not_picked":["Dagger Throw","Well Laid Plans"],"picked":"Dagger Spray","floor":12},{"not_picked":["Footwork","Slice"],"picked":"Finisher","floor":13},{"not_picked":["Blade Dance","Footwork"],"picked":"Prepared","floor":14},{"not_picked":["Storm of Steel","Burst"],"picked":"Glass Knife","floor":16},{"not_picked":["Deadly Poison","Heel Hook"],"picked":"Prepared","floor":18},{"not_picked":["Heel Hook","Flying Knee"],"picked":"Acrobatics","floor":19},{"not_picked":["Sucker Punch","Deflect"],"picked":"Outmaneuver","floor":21},{"not_picked":["Quick Slash","Accuracy"],"picked":"All Out Attack","floor":25},{"not_picked":["Poisoned Stab","Flying Knee"],"picked":"Acrobatics","floor":32},{"not_picked":["Grand Finale","Night Terror"],"picked":"Die Die Die","floor":33},{"not_picked":["Poisoned Stab","Footwork"],"picked":"Acrobatics","floor":36},{"not_picked":["Deadly Poison","Noxious Fumes"],"picked":"Predator","floor":38},{"not_picked":["Noxious Fumes","Deflect"],"picked":"Blur","floor":41},{"not_picked":["Heel Hook","Prepared"],"picked":"Acrobatics","floor":42},{"not_picked":["Enlightenment","Madness"],"picked":"Panache","floor":44},{"not_picked":["Finesse","Flash of Steel"],"picked":"Jack Of All Trades","floor":44},{"not_picked":["Transmutation","Jack Of All Trades"],"picked":"Panache","floor":44}],"player_experience":285848,"potions_floor_usage":[7,7,12,12,12,14,18,21,23,23,23,25,25,31,31,33,33,45],"damage_taken":[{"damage":6,"enemies":"Jaw Worm","floor":1,"turns":3},{"damage":1,"enemies":"Cultist","floor":2,"turns":4},{"damage":0,"enemies":"Small Slimes","floor":5,"turns":3},{"damage":0,"enemies":"3 Sentries","floor":7,"turns":4},{"damage":6,"enemies":"Lagavulin","floor":12,"turns":5},{"damage":0,"enemies":"Looter","floor":13,"turns":2},{"damage":3,"enemies":"Exordium Wildlife","floor":14,"turns":3},{"damage":11,"enemies":"The Guardian","floor":16,"turns":7},{"damage":8,"enemies":"3 Byrds","floor":18,"turns":4},{"damage":3,"enemies":"Chosen","floor":19,"turns":3},{"damage":5,"enemies":"Centurion and Healer","floor":21,"turns":3},{"damage":25,"enemies":"Gremlin Leader","floor":23,"turns":5},{"damage":7,"enemies":"Slavers","floor":25,"turns":5},{"damage":4,"enemies":"Sentry and Sphere","floor":31,"turns":3},{"damage":17,"enemies":"Collector","floor":33,"turns":6},{"damage":2,"enemies":"Orb Walker","floor":35,"turns":2},{"damage":7,"enemies":"3 Darklings","floor":36,"turns":3},{"damage":13,"enemies":"Mysterious Sphere","floor":38,"turns":4},{"damage":10,"enemies":"4 Shapes","floor":41,"turns":2},{"damage":3,"enemies":"Maw","floor":42,"turns":4},{"damage":2,"enemies":"Nemesis","floor":45,"turns":5},{"damage":7,"enemies":"2 Orb Walkers","floor":47,"turns":2},{"damage":0,"enemies":"Sphere and 2 Shapes","floor":48,"turns":3},{"damage":27,"enemies":"Awakened One","floor":50,"turns":10}],"event_choices":[{"event_name":"Living Wall","player_choice":"Forget","floor":3,"damage_taken":0},{"event_name":"Scrap Ooze","player_choice":"success","floor":4,"damage_taken":18},{"event_name":"Big Fish","player_choice":"Box","floor":11,"damage_taken":0},{"event_name":"The Mausoleum","player_choice":"Yes","floor":29,"damage_taken":0},{"event_name":"Cursed Tome","player_choice":"Obtained Book","floor":30,"damage_taken":0},{"event_name":"Mysterious Sphere","player_choice":"Fight","floor":38,"damage_taken":0},{"event_name":"SensoryStone","player_choice":"Memory 3","floor":44,"damage_taken":0}],"boss_relics":[{"not_picked":["Astrolabe","Orrery"],"picked":"Black Star"},{"not_picked":["Eternal Feather","Lizard Tail"],"picked":"Sozu"}],"potions_floor_spawned":[1,2,7,13,18,23,25,33,35,41,42],"seed_played":"-2721555855400712205","ascension_level":0,"is_trial":false}