{"gold_per_floor":[117,117,117,117,130,130,2,0,48,81,93,121,121,151,151,230,230,249,36,53,103,122,122,122],"floor_reached":24,"playtime":792,"items_purged":["Regret"],"score":382,"play_id":"227b3306-4ac4-471f-8ace-b68e5741f7be","local_time":"20190201233436","is_ascension_mode":true,"campfire_choices":[{"data":"Anger","floor":6,"key":"SMITH"},{"data":"Rage","floor":13,"key":"SMITH"},{"data":"Anger","floor":15,"key":"SMITH"},{"floor":23,"key":"REST"}],"neow_cost":"NONE","seed_source_timestamp":551934064115148,"circlet_count":0,"master_deck":["AscendersBane","Strike_R","Strike_R","Strike_R","Strike_R","Defend_R","Defend_R","Defend_R","Defend_R","Bash","Anger+1","Ghostly Armor","Anger+1","Rage+1","Headbutt","Double Tap","Dual Wield","Impatience","Headbutt"],"relics":["Black Blood","Paper Frog","Blood Vial","PreservedInsect","Oddly Smooth Stone","The Courier","WingedGreaves","Bag of Preparation"],"potions_floor_usage":[16,16,24,24],"damage_taken":[{"damage":7,"enemies":"2 Louse","floor":1,"turns":3},{"damage":5,"enemies":"Small Slimes","floor":5,"turns":4},{"damage":20,"enemies":"Lagavulin","floor":10,"turns":6},{"damage":1,"enemies":"Jaw Worm","floor":11,"turns":3},{"damage":14,"enemies":"3 Sentries","floor":12,"turns":7},{"damage":16,"enemies":"Gremlin Nob","floor":14,"turns":3},{"damage":38,"enemies":"Slime Boss","floor":16,"turns":6},{"damage":29,"enemies":"Spheric Guardian","floor":18,"turns":6},{"damage":0,"enemies":"Chosen","floor":20,"turns":3},{"damage":38,"enemies":"Shelled Parasite and Fungi","floor":22,"turns":9},{"damage":72,"enemies":"Gremlin Leader","floor":24,"turns":5}],"seed_played":"-5034559437412744007","potions_obtained":[{"floor":10,"key":"Fire Potion"},{"floor":14,"key":"SteroidPotion"},{"floor":16,"key":"PowerPotion"},{"floor":20,"key":"Poison Potion"}],"is_trial":false,"path_per_floor":["M","?","?","?","M","R","$","?","T","E","M","E","R","E","R","B",null,"M","$","M","?","M","R","E"],"character_chosen":"IRONCLAD","items_purchased":["Strength Potion","Bag of Preparation","Impatience"],"campfire_rested":1,"item_purchase_floors":[7,19,19],"current_hp_per_floor":[74,74,69,69,72,72,72,72,72,60,67,61,61,53,53,23,67,50,50,62,62,36,60,0],"gold":122,"neow_bonus":"TEN_PERCENT_HP_BONUS","is_prod":false,"is_daily":false,"chose_seed":false,"campfire_upgraded":3,"win_rate":0,"timestamp":1549064076,"path_taken":["M","?","?","?","M","R","$","?","T","E","M","E","R","E","R","BOSS","M","$","M","?","M","R","E"],"build_version":"2019-01-23","purchased_purges":1,"victory":false,"max_hp_per_floor":[82,82,82,82,82,82,82,82,82,82,82,82,82,82,82,82,82,82,82,82,82,82,82,82],"card_choices":[{"not_picked":["Twin Strike","Warcry"],"picked":"Anger","floor":1},{"not_picked":["Body Slam","Hemokinesis"],"picked":"Anger","floor":5},{"not_picked":["Battle Trance","Twin Strike"],"picked":"Rage","floor":10},{"not_picked":["Sword Boomerang","Exhume","Blood for Blood"],"picked":"SKIP","floor":11},{"not_picked":["Warcry","Twin Strike","Spot Weakness"],"picked":"SKIP","floor":12},{"not_picked":["Flex","Burning Pact"],"picked":"Headbutt","floor":14},{"not_picked":["Barricade","Berserk"],"picked":"Double Tap","floor":16},{"not_picked":["Searing Blow","Iron Wave"],"picked":"Dual Wield","floor":18},{"not_picked":["Armaments+1","Reckless Charge","Flame Barrier"],"picked":"SKIP","floor":20},{"not_picked":["Pommel Strike","Pummel"],"picked":"Headbutt","floor":22}],"player_experience":181534,"relics_obtained":[{"floor":9,"key":"PreservedInsect"},{"floor":10,"key":"Oddly Smooth Stone"},{"floor":12,"key":"The Courier"},{"floor":14,"key":"WingedGreaves"}],"event_choices":[{"damage_healed":0,"gold_gain":0,"cards_transformed":["Strike_R"],"player_choice":"Change","damage_taken":0,"max_hp_gain":0,"max_hp_loss":0,"event_name":"Living Wall","floor":2,"gold_loss":0,"cards_obtained":["Ghostly Armor"]},{"damage_healed":0,"gold_gain":0,"player_choice":"Success","damage_taken":5,"relics_obtained":["Paper Frog"],"max_hp_gain":0,"max_hp_loss":0,"event_name":"Scrap Ooze","floor":3,"gold_loss":0},{"damage_healed":0,"gold_gain":0,"player_choice":"Box","damage_taken":0,"relics_obtained":["Blood Vial"],"max_hp_gain":0,"max_hp_loss":0,"event_name":"Big Fish","floor":4,"gold_loss":0,"cards_obtained":["Regret"]},{"damage_healed":0,"gold_gain":0,"player_choice":"Left Gold","damage_taken":0,"max_hp_gain":0,"max_hp_loss":0,"event_name":"World of Goop","floor":8,"gold_loss":2},{"damage_healed":0,"gold_gain":50,"player_choice":"Stole From Cult","damage_taken":0,"max_hp_gain":0,"max_hp_loss":0,"event_name":"Nest","floor":21,"gold_loss":0}],"is_beta":false,"boss_relics":[{"not_picked":["Coffee Dripper","Runic Dome"],"picked":"Black Blood"}],"items_purged_floors":[7],"is_endless":false,"potions_floor_spawned":[10,14,16,20],"killed_by":"Gremlin Leader","ascension_level":16}