{"gold_per_floor":[114,132,232,242,255,280,280,298,298,298,328,328,328,352,352,455,455,466,466,493,53,70,104,104,119,119,151,151,171,184,195,195,291,291,310,290,40,40,140,140],"floor_reached":40,"playtime":3747,"items_purged":["Strike_B","Fusion"],"score":477,"play_id":"b5fc3758-9ca2-478e-aaa4-e842e19e5867","local_time":"20190108213952","is_ascension_mode":true,"campfire_choices":[{"floor":7,"key":"REST"},{"data":"Tempest","floor":10,"key":"SMITH"},{"floor":12,"key":"REST"},{"data":"Ball Lightning","floor":15,"key":"SMITH"},{"floor":24,"key":"REST"},{"floor":32,"key":"REST"}],"neow_cost":"NONE","seed_source_timestamp":1222119764627885,"circlet_count":0,"master_deck":["Strike_B","Strike_B","Defend_B+1","Defend_B","Defend_B","Defend_B","Zap","Dualcast","Rebound","Ball Lightning+1","FTL","Tempest+1","FTL","Redo","FTL","Cold Snap","Electrodynamics","Stack+1","Coolheaded","Rainbow","Melter","Ball Lightning","Steam+1","Skim","Chaos+1","Ball Lightning+1"],"relics":["Velvet Choker","Bronze Scales","Gremlin Horn","Sundial","Odd Mushroom","Nuclear Battery","Nilry\u0027s Codex","Red Mask","Juzu Bracelet","Torii","Shovel","Oddly Smooth Stone","Busted Crown","War Paint","Du-Vu Doll"],"potions_floor_usage":[11,14,22,23,27,40],"damage_taken":[{"damage":0,"enemies":"Cultist","floor":1,"turns":3},{"damage":2,"enemies":"Jaw Worm","floor":2,"turns":3},{"damage":0,"enemies":"Small Slimes","floor":4,"turns":3},{"damage":7,"enemies":"3 Louse","floor":5,"turns":3},{"damage":26,"enemies":"Lagavulin","floor":6,"turns":5},{"damage":1,"enemies":"2 Fungi Beasts","floor":8,"turns":2},{"damage":9,"enemies":"3 Sentries","floor":11,"turns":4},{"damage":3,"enemies":"The Mushroom Lair","floor":14,"turns":2},{"damage":39,"enemies":"The Guardian","floor":16,"turns":7},{"damage":17,"enemies":"2 Thieves","floor":18,"turns":2},{"damage":12,"enemies":"Masked Bandits","floor":20,"turns":2},{"damage":10,"enemies":"Shell Parasite","floor":22,"turns":3},{"damage":11,"enemies":"Book of Stabbing","floor":23,"turns":4},{"damage":0,"enemies":"Sentry and Sphere","floor":25,"turns":2},{"damage":22,"enemies":"Slavers","floor":27,"turns":3},{"damage":0,"enemies":"3 Cultists","floor":29,"turns":2},{"damage":1,"enemies":"Centurion and Healer","floor":30,"turns":3},{"damage":2,"enemies":"Chosen and Byrds","floor":31,"turns":2},{"damage":19,"enemies":"Automaton","floor":33,"turns":6},{"damage":10,"enemies":"3 Darklings","floor":35,"turns":4},{"damage":31,"enemies":"Mind Bloom Boss Battle","floor":39,"turns":5},{"damage":69,"enemies":"Nemesis","floor":40,"turns":5}],"seed_played":"531383099310530950","potions_obtained":[{"floor":2,"key":"EssenceOfSteel"},{"floor":5,"key":"SkillPotion"},{"floor":6,"key":"SkillPotion"},{"floor":16,"key":"Weak Potion"},{"floor":20,"key":"Swift Potion"},{"floor":22,"key":"Energy Potion"},{"floor":27,"key":"Ancient Potion"},{"floor":29,"key":"Ancient Potion"},{"floor":36,"key":"Swift Potion"},{"floor":39,"key":"SpeedPotion"}],"is_trial":false,"path_per_floor":["M","M","?","M","M","E","R","M","T","R","E","R","?","?","R","B",null,"M","?","?","$","M","E","R","M","T","E","?","M","M","M","R","B",null,"M","?","$","?","?","E"],"character_chosen":"DEFECT","items_purchased":["Juzu Bracelet","Rainbow","Melter","War Paint"],"campfire_rested":4,"item_purchase_floors":[21,21,21,37],"current_hp_per_floor":[75,73,73,73,66,40,62,61,61,61,52,74,79,76,76,37,80,63,47,35,35,25,14,38,38,38,16,16,16,15,13,37,18,80,70,70,70,70,39,0],"gold":140,"neow_bonus":"BOSS_RELIC","is_prod":false,"is_daily":false,"chose_seed":false,"campfire_upgraded":2,"win_rate":0,"timestamp":1546983592,"path_taken":["M","M","?","M","M","E","R","?","T","R","E","R","?","?","R","BOSS","M","?","?","$","M","E","R","M","T","E","?","M","M","M","R","BOSS","M","?","$","?","?","E"],"build_version":"2019-01-03v4","purchased_purges":2,"victory":false,"max_hp_per_floor":[75,75,75,75,75,75,75,75,75,75,75,75,80,80,80,80,80,80,80,80,80,80,80,80,80,80,80,80,80,80,80,80,80,80,80,80,80,80,80,80],"card_choices":[{"not_picked":["Compile Driver","Leap"],"picked":"Rebound","floor":1},{"not_picked":["Auto Shields","Rip and Tear"],"picked":"Ball Lightning","floor":2},{"not_picked":["Steam","Aggregate"],"picked":"FTL","floor":4},{"not_picked":["Beam Cell","Heatsinks"],"picked":"Tempest","floor":5},{"not_picked":["Hologram","Aggregate"],"picked":"FTL","floor":6},{"not_picked":["Leap","Go for the Eyes"],"picked":"Redo","floor":8},{"not_picked":["Amplify","Reboot"],"picked":"FTL","floor":11},{"not_picked":["Storm","Redo"],"picked":"Cold Snap","floor":14},{"not_picked":["All For One","Rainbow"],"picked":"Electrodynamics","floor":16},{"not_picked":["Sweeping Beam","Darkness+1"],"picked":"Stack","floor":18},{"not_picked":["Beam Cell+1","Heatsinks"],"picked":"Coolheaded","floor":20},{"not_picked":["Stack","Creative AI"],"picked":"Ball Lightning","floor":22},{"not_picked":["Coolheaded","Hello World"],"picked":"Steam+1","floor":23},{"not_picked":["Gash+1","Steam","Turbo"],"picked":"SKIP","floor":25},{"not_picked":["Storm","Conserve Battery"],"picked":"Skim","floor":27},{"not_picked":["Go for the Eyes","Streamline","Fusion+1"],"picked":"SKIP","floor":29},{"not_picked":["Tempest","Ball Lightning+1"],"picked":"Chaos+1","floor":30},{"not_picked":["Self Repair","Beam Cell"],"picked":"Ball Lightning+1","floor":31},{"not_picked":["Steam Power"],"picked":"SKIP","floor":35}],"player_experience":91431,"relics_obtained":[{"floor":6,"key":"Bronze Scales"},{"floor":9,"key":"Gremlin Horn"},{"floor":11,"key":"Sundial"},{"floor":14,"key":"Odd Mushroom"},{"floor":19,"key":"Nilry\u0027s Codex"},{"floor":20,"key":"Red Mask"},{"floor":23,"key":"Torii"},{"floor":26,"key":"Shovel"},{"floor":27,"key":"Oddly Smooth Stone"},{"floor":39,"key":"Du-Vu Doll"}],"event_choices":[{"damage_healed":0,"gold_gain":100,"player_choice":"Pray","damage_taken":0,"max_hp_gain":0,"max_hp_loss":0,"event_name":"Golden Shrine","floor":3,"gold_loss":0},{"damage_healed":0,"gold_gain":0,"player_choice":"Donut","damage_taken":0,"max_hp_gain":5,"max_hp_loss":0,"event_name":"Big Fish","floor":13,"gold_loss":0},{"damage_healed":0,"gold_gain":0,"player_choice":"Fought Mushrooms","damage_taken":0,"max_hp_gain":0,"max_hp_loss":0,"event_name":"Mushrooms","floor":14,"gold_loss":0},{"damage_healed":0,"gold_gain":0,"player_choice":"Obtained Book","damage_taken":16,"max_hp_gain":0,"max_hp_loss":0,"event_name":"Cursed Tome","floor":19,"gold_loss":0},{"damage_healed":0,"gold_gain":0,"player_choice":"Fought Bandits","damage_taken":0,"max_hp_gain":0,"max_hp_loss":0,"event_name":"Masked Bandits","floor":20,"gold_loss":0},{"damage_healed":0,"gold_gain":0,"cards_transformed":["Strike_B"],"player_choice":"Transformed","damage_taken":0,"max_hp_gain":0,"max_hp_loss":0,"event_name":"Transmorgrifier","floor":28,"gold_loss":0,"cards_obtained":["Fusion"]},{"damage_healed":0,"gold_gain":0,"player_choice":"Bought 1 Potion","damage_taken":0,"max_hp_gain":0,"max_hp_loss":0,"event_name":"The Woman in Blue","floor":36,"gold_loss":0},{"damage_healed":0,"gold_gain":0,"player_choice":"Ignored","damage_taken":0,"max_hp_gain":0,"max_hp_loss":0,"event_name":"Mysterious Sphere","floor":38,"gold_loss":0},{"damage_healed":0,"gold_gain":0,"player_choice":"Fight","damage_taken":0,"max_hp_gain":0,"max_hp_loss":0,"event_name":"MindBloom","floor":39,"gold_loss":0}],"is_beta":false,"boss_relics":[{"not_picked":["Empty Cage","Snecko Eye"],"picked":"Nuclear Battery"},{"not_picked":["Cursed Key","Calling Bell"],"picked":"Busted Crown"}],"items_purged_floors":[21,37],"is_endless":false,"potions_floor_spawned":[2,5,6,16,20,22,27,29,39],"killed_by":"Nemesis","ascension_level":2}