{"gold_per_floor":[118,118,193,193,204,204,224,224,224,224,243,243,8,18,18,116,116,135,146,146,160,180,180,195,195,195,212,212,231,134,144,144,244,244,256,256,273,273,292,346,363,376,376,376,376,396,62,74,74,74],"floor_reached":51,"playtime":4320,"items_purged":["Strike_R","Strike_R"],"score":645,"play_id":"fb90bdcc-e19e-4051-aa7e-001f3c185f18","local_time":"20181118225455","is_ascension_mode":false,"campfire_choices":[{"data":"Body Slam","floor":6,"key":"SMITH"},{"data":"Shrug It Off","floor":8,"key":"SMITH"},{"data":"Flex","floor":12,"key":"SMITH"},{"data":"Shockwave","floor":15,"key":"SMITH"},{"data":"True Grit","floor":23,"key":"SMITH"},{"data":"Juggernaut","floor":25,"key":"SMITH"},{"data":"Shrug It Off","floor":28,"key":"SMITH"},{"data":"Warcry","floor":32,"key":"SMITH"},{"data":"Entrench","floor":45,"key":"SMITH"},{"floor":49,"key":"REST"}],"neow_cost":"NONE","seed_source_timestamp":879702363516661,"circlet_count":0,"master_deck":["Strike_R","Defend_R","Defend_R","Defend_R","Bash","Flex+1","Body Slam+1","Shrug It Off+1","Headbutt","Inflame","Shockwave+1","Juggernaut+1","Rage","Shrug It Off+1","Shrug It Off","True Grit+1","Intimidate+1","Feed","Warcry+1","Rampage+1","Barricade","Entrench+1","Panacea","Pummel+1","Metallicize+1","Madness","Madness","Ghostly Armor+1","Enlightenment","Pummel+1"],"relics":["Burning Blood","Darkstone Periapt","Pantograph","Self Forming Clay","Brimstone","Sozu","Charon\u0027s Ashes","Philosopher\u0027s Stone","Mango","Paper Frog","Oddly Smooth Stone"],"potions_floor_usage":[],"damage_taken":[{"damage":0,"enemies":"2 Louse","floor":1,"turns":2},{"damage":1,"enemies":"Jaw Worm","floor":5,"turns":5},{"damage":1,"enemies":"Cultist","floor":7,"turns":3},{"damage":15,"enemies":"Exordium Thugs","floor":11,"turns":5},{"damage":0,"enemies":"Exordium Wildlife","floor":14,"turns":3},{"damage":12,"enemies":"The Guardian","floor":16,"turns":7},{"damage":4,"enemies":"Shell Parasite","floor":18,"turns":3},{"damage":10,"enemies":"2 Thieves","floor":19,"turns":3},{"damage":13,"enemies":"Shelled Parasite and Fungi","floor":21,"turns":3},{"damage":2,"enemies":"Centurion and Healer","floor":22,"turns":5},{"damage":3,"enemies":"Snecko","floor":24,"turns":4},{"damage":1,"enemies":"Cultist and Chosen","floor":27,"turns":5},{"damage":9,"enemies":"Centurion and Healer","floor":29,"turns":4},{"damage":19,"enemies":"Snake Plant","floor":31,"turns":3},{"damage":62,"enemies":"Automaton","floor":33,"turns":7},{"damage":1,"enemies":"Orb Walker","floor":35,"turns":3},{"damage":0,"enemies":"3 Darklings","floor":37,"turns":5},{"damage":14,"enemies":"Spire Growth","floor":39,"turns":4},{"damage":27,"enemies":"2 Orb Walkers","floor":40,"turns":4},{"damage":0,"enemies":"4 Shapes","floor":41,"turns":4},{"damage":14,"enemies":"Jaw Worm Horde","floor":42,"turns":5},{"damage":31,"enemies":"Spire Growth","floor":46,"turns":4},{"damage":8,"enemies":"4 Shapes","floor":48,"turns":5},{"damage":57,"enemies":"Donu and Deca","floor":50,"turns":7}],"seed_played":"-6100794553308217161","potions_obtained":[{"floor":5,"key":"FairyPotion"}],"is_trial":false,"path_per_floor":["M","?","?","T","M","R","M","R","T","T","M","R","$","M","R","B",null,"M","M","?","M","M","R","M","R","T","M","R","M","$","M","R","B",null,"M","?","M","?","M","?","M","M","T","?","R","M","$","M","R","B",null],"character_chosen":"IRONCLAD","items_purchased":["Inflame","Brimstone","Warcry","Oddly Smooth Stone","Enlightenment"],"campfire_rested":1,"item_purchase_floors":[13,13,30,47,47],"current_hp_per_floor":[80,80,69,69,74,74,79,79,79,79,70,70,70,76,76,74,80,80,76,76,69,73,73,76,76,76,80,80,77,77,67,67,30,86,89,89,89,89,84,80,86,81,81,67,67,45,45,46,81,55],"gold":74,"neow_bonus":"REMOVE_CARD","is_prod":false,"is_daily":false,"chose_seed":false,"campfire_upgraded":9,"win_rate":0,"timestamp":1542599695,"path_taken":["M","?","?","?","?","R","M","R","T","?","M","R","?","M","R","BOSS","M","M","?","M","M","R","M","R","T","M","R","M","$","M","R","BOSS","M","?","M","?","M","?","M","M","T","?","R","?","$","M","R","BOSS"],"build_version":"2018-11-15","purchased_purges":2,"victory":true,"max_hp_per_floor":[80,80,80,80,80,80,80,80,80,80,80,80,80,80,80,80,80,80,80,80,80,80,80,80,80,80,80,80,80,80,83,83,86,86,89,89,89,89,92,109,109,112,112,112,112,115,115,118,118,118],"card_choices":[{"not_picked":["Body Slam","Clash"],"picked":"Flex","floor":1},{"not_picked":["Reckless Charge","Sword Boomerang"],"picked":"Body Slam","floor":5},{"not_picked":["Anger","Clash"],"picked":"Shrug It Off","floor":7},{"not_picked":["Thunderclap","Pommel Strike"],"picked":"Headbutt","floor":11},{"not_picked":["Uppercut","Iron Wave"],"picked":"Shockwave","floor":14},{"not_picked":["Offering","Fiend Fire"],"picked":"Juggernaut","floor":16},{"not_picked":["Iron Wave+1","Shockwave"],"picked":"Rage","floor":18},{"not_picked":["Iron Wave","Cleave","Corruption"],"picked":"SKIP","floor":19},{"not_picked":["Sword Boomerang","Clothesline+1"],"picked":"Shrug It Off","floor":21},{"not_picked":["Spot Weakness","Cleave+1"],"picked":"True Grit","floor":22},{"not_picked":["Havoc","Anger+1","Power Through"],"picked":"SKIP","floor":24},{"not_picked":["Spot Weakness+1","Fire Breathing+1"],"picked":"Intimidate+1","floor":27},{"not_picked":["Perfected Strike","Havoc+1"],"picked":"Feed","floor":29},{"not_picked":["Iron Wave","Anger"],"picked":"Rampage+1","floor":31},{"not_picked":["Berserk","Impervious"],"picked":"Barricade","floor":33},{"not_picked":["Cleave","Anger"],"picked":"Entrench","floor":35},{"not_picked":["Metamorphosis","Flash of Steel"],"picked":"Panacea","floor":36},{"not_picked":["Cleave+1","True Grit","Iron Wave+1"],"picked":"SKIP","floor":37},{"not_picked":["Iron Wave","Inflame+1"],"picked":"Pummel+1","floor":39},{"not_picked":["Sword Boomerang","Wild Strike+1","Perfected Strike"],"picked":"SKIP","floor":41},{"not_picked":["Cleave+1","Feel No Pain"],"picked":"Metallicize+1","floor":42},{"not_picked":["Rupture+1","Havoc"],"picked":"Ghostly Armor+1","floor":46},{"not_picked":["Battle Trance","Clash"],"picked":"Pummel+1","floor":48}],"player_experience":326921,"relics_obtained":[{"floor":4,"key":"Darkstone Periapt"},{"floor":9,"key":"Pantograph"},{"floor":10,"key":"Self Forming Clay"},{"floor":26,"key":"Charon\u0027s Ashes"},{"floor":40,"key":"Mango"},{"floor":43,"key":"Paper Frog"}],"event_choices":[{"cards_removed":["Strike_R"],"damage_healed":0,"gold_gain":0,"player_choice":"Forget","damage_taken":0,"max_hp_gain":0,"max_hp_loss":0,"event_name":"Living Wall","floor":2,"gold_loss":0},{"damage_healed":0,"gold_gain":75,"player_choice":"Gather Gold","damage_taken":11,"max_hp_gain":0,"max_hp_loss":0,"event_name":"World of Goop","floor":3,"gold_loss":0},{"damage_healed":0,"gold_gain":0,"player_choice":"Read","damage_taken":0,"max_hp_gain":0,"max_hp_loss":0,"event_name":"The Library","floor":20,"gold_loss":0,"cards_obtained":["Shrug It Off"]},{"damage_healed":0,"gold_gain":0,"player_choice":"Memory 1","damage_taken":0,"max_hp_gain":0,"max_hp_loss":0,"event_name":"SensoryStone","floor":36,"gold_loss":0},{"cards_removed":["Defend_R"],"damage_healed":0,"gold_gain":0,"player_choice":"Removed Skill","damage_taken":0,"max_hp_gain":0,"max_hp_loss":0,"event_name":"Falling","floor":38,"gold_loss":0},{"damage_healed":0,"gold_gain":0,"player_choice":"Fight","damage_taken":0,"max_hp_gain":0,"max_hp_loss":0,"event_name":"Mysterious Sphere","floor":40,"gold_loss":0},{"damage_healed":0,"gold_gain":0,"player_choice":"Embrace Madness","damage_taken":14,"max_hp_gain":0,"max_hp_loss":0,"event_name":"Winding Halls","floor":44,"gold_loss":0,"cards_obtained":["Madness","Madness"]}],"is_beta":false,"boss_relics":[{"not_picked":["Coffee Dripper","Runic Dome"],"picked":"Sozu"},{"not_picked":["Busted Crown","Lizard Tail"],"picked":"Philosopher\u0027s Stone"}],"items_purged_floors":[30,47],"is_endless":false,"potions_floor_spawned":[5,18,22,29,35,39,42,46],"ascension_level":0}