{"gold_per_floor":[116,127,127,137,8,8,38,16,16,41,55,55,55,2,2,105,105,122,122,122,136,149,149,165,165,191,191,191,211,231,241,241,241],"floor_reached":33,"playtime":1507,"items_purged":[],"score":461,"play_id":"da9c47ba-59d7-4010-b7b0-0011cbaa1bf8","local_time":"20190117162649","is_ascension_mode":true,"campfire_choices":[{"data":"Zap","floor":6,"key":"SMITH"},{"floor":13,"key":"REST"},{"data":"Coolheaded","floor":15,"key":"SMITH"},{"data":"Machine Learning","floor":23,"key":"SMITH"},{"floor":32,"key":"REST"}],"neow_cost":"NONE","seed_source_timestamp":1983214666427351,"circlet_count":0,"master_deck":["AscendersBane","Defend_B+1","Defend_B+1","Defend_B+1","Defend_B+1","Zap+1","Dualcast","Meteor Strike","Steam","Defragment","Gash","FTL","Compile Driver","Steam","Coolheaded+1","Turbo","Conserve Battery","Gash","Turbo","Machine Learning+1","Tempest","Necronomicurse","Gash","Gash","Coolheaded","Decay","Bite","Bite","Bite","Bite","Bite","Compile Driver","Stack+1","Compile Driver"],"relics":["Cracked Core","Singing Bowl","Bottled Flame","Incense Burner","Runic Pyramid","Necronomicon","Bronze Scales","Matryoshka"],"potions_floor_usage":[10,16,33],"damage_taken":[{"damage":4,"enemies":"Small Slimes","floor":1,"turns":3},{"damage":6,"enemies":"Cultist","floor":2,"turns":3},{"damage":3,"enemies":"Jaw Worm","floor":4,"turns":5},{"damage":20,"enemies":"Gremlin Nob","floor":7,"turns":4},{"damage":8,"enemies":"3 Sentries","floor":10,"turns":6},{"damage":9,"enemies":"Red Slaver","floor":11,"turns":3},{"damage":14,"enemies":"Hexaghost","floor":16,"turns":11},{"damage":6,"enemies":"Shell Parasite","floor":18,"turns":6},{"damage":6,"enemies":"Chosen","floor":21,"turns":4},{"damage":0,"enemies":"Sentry and Sphere","floor":22,"turns":3},{"damage":24,"enemies":"Snake Plant","floor":24,"turns":3},{"damage":2,"enemies":"Centurion and Healer","floor":29,"turns":5},{"damage":1,"enemies":"Shelled Parasite and Fungi","floor":30,"turns":4},{"damage":24,"enemies":"Snake Plant","floor":31,"turns":3},{"damage":33,"enemies":"Collector","floor":33,"turns":7}],"seed_played":"-3360783178511412208","potions_obtained":[{"floor":2,"key":"FearPotion"},{"floor":3,"key":"Energy Potion"},{"floor":3,"key":"Swift Potion"},{"floor":10,"key":"Poison Potion"},{"floor":24,"key":"Strength Potion"},{"floor":31,"key":"SpeedPotion"}],"is_trial":false,"path_per_floor":["M","M","?","M","$","R","E","$","T","E","M","?","R","$","R","B",null,"M","?","?","M","M","R","M","?","T","?","T","M","M","M","R","B"],"character_chosen":"DEFECT","items_purchased":["FTL","Compile Driver","Coolheaded","Turbo"],"campfire_rested":2,"item_purchase_floors":[5,5,8,14],"current_hp_per_floor":[64,58,58,55,55,55,35,35,35,27,18,18,40,40,40,26,63,57,41,41,35,35,35,11,11,11,11,11,17,24,6,21,0],"gold":241,"neow_bonus":"ONE_RANDOM_RARE_CARD","is_prod":false,"is_daily":false,"chose_seed":false,"campfire_upgraded":3,"win_rate":0,"timestamp":1547742409,"path_taken":["M","M","?","M","$","R","E","?","T","E","M","?","R","$","R","BOSS","M","?","?","M","M","R","M","?","T","?","?","?","M","M","R","BOSS"],"build_version":"2019-01-10","purchased_purges":0,"victory":false,"max_hp_per_floor":[75,75,75,75,75,75,75,75,75,75,75,75,75,75,75,75,75,75,75,75,75,75,75,75,75,75,52,52,52,52,52,52,52],"card_choices":[{"not_picked":["Streamline","Redo"],"picked":"Steam","floor":1},{"not_picked":["Stack","Glacier"],"picked":"Defragment","floor":2},{"not_picked":["Coolheaded","Streamline"],"picked":"Gash","floor":4},{"not_picked":["Stack","Coolheaded"],"picked":"Steam","floor":7},{"not_picked":["Barrage","Undo"],"picked":"Turbo","floor":10},{"not_picked":["Skim","Streamline"],"picked":"Conserve Battery","floor":11},{"not_picked":["Electrodynamics","Seek"],"picked":"Machine Learning","floor":16},{"not_picked":["Stack","Steam"],"picked":"Tempest","floor":18},{"not_picked":["Force Field","Redo"],"picked":"Gash","floor":21},{"not_picked":["Stack+1","Recycle"],"picked":"Gash","floor":22},{"not_picked":["Fusion","Rebound"],"picked":"Coolheaded","floor":24},{"not_picked":["Gash","Reinforced Body"],"picked":"Compile Driver","floor":29},{"not_picked":["Chill","Steam Power+1"],"picked":"Stack+1","floor":30},{"not_picked":["Steam","Hologram"],"picked":"Compile Driver","floor":31}],"player_experience":387766,"relics_obtained":[{"floor":7,"key":"Singing Bowl"},{"floor":9,"key":"Bottled Flame"},{"floor":10,"key":"Incense Burner"},{"floor":19,"key":"Necronomicon"},{"floor":26,"key":"Bronze Scales"},{"floor":28,"key":"Matryoshka"}],"event_choices":[{"damage_healed":0,"gold_gain":0,"player_choice":"Got Potions","damage_taken":0,"max_hp_gain":0,"max_hp_loss":0,"event_name":"Lab","floor":3,"gold_loss":0},{"damage_healed":0,"gold_gain":0,"player_choice":"1 cards matched","damage_taken":0,"max_hp_gain":0,"max_hp_loss":0,"event_name":"Match and Keep!","floor":12,"gold_loss":0,"cards_obtained":["Gash"]},{"damage_healed":0,"gold_gain":0,"player_choice":"Obtained Book","damage_taken":16,"max_hp_gain":0,"max_hp_loss":0,"event_name":"Cursed Tome","floor":19,"gold_loss":0},{"damage_healed":0,"gold_gain":0,"player_choice":"Simplicity","damage_taken":0,"max_hp_gain":0,"max_hp_loss":0,"event_name":"Back to Basics","floor":20,"gold_loss":0,"cards_upgraded":["Strike_B","Strike_B","Strike_B","Strike_B","Defend_B","Defend_B","Defend_B","Defend_B"]},{"damage_healed":0,"gold_gain":0,"player_choice":"Smashed Altar","damage_taken":0,"max_hp_gain":0,"max_hp_loss":0,"event_name":"Forgotten Altar","floor":25,"gold_loss":0,"cards_obtained":["Decay"]},{"damage_healed":0,"gold_gain":0,"player_choice":"Became a vampire","damage_taken":0,"max_hp_gain":0,"max_hp_loss":23,"event_name":"Vampires","floor":27,"gold_loss":0,"cards_obtained":["Bite","Bite","Bite","Bite","Bite"]}],"is_beta":false,"boss_relics":[{"not_picked":["Busted Crown","White Beast Statue"],"picked":"Runic Pyramid"}],"items_purged_floors":[],"is_endless":false,"potions_floor_spawned":[2,10,24,31],"killed_by":"Collector","ascension_level":12}