{"gold_per_floor":[144,189,234,38,83,173,173,218,268,313,370,427,484,586,598,910,922,979,1036,1093,1150,1207,1219,1321,1378,1390,1492,1504,1516,964,1009,1009,1309,1309,1354,1399,1399,1444,1519,1519,1609,1654,1679,1769,1814,19,19,64,64,64],"floor_reached":51,"playtime":2110,"items_purged":["Reaper","Reaper"],"score":996,"play_id":"90ee3d54-53b4-4abe-adb6-e73a65f3d375","local_time":"20180824123656","daily_mods":["Specialized","Midas","Vintage"],"is_ascension_mode":false,"campfire_choices":[{"floor":7,"key":"DIG"},{"floor":15,"key":"DIG"},{"floor":23,"key":"DIG"},{"floor":29,"key":"DIG"},{"floor":32,"key":"DIG"},{"floor":40,"key":"DIG"},{"floor":49,"key":"DIG"}],"neow_cost":"","seed_source_timestamp":0,"circlet_count":0,"master_deck":["Strike_R+1","Strike_R+1","Strike_R+1","Strike_R+1","Strike_R+1","Defend_R+1","Defend_R+1","Defend_R+1","Bash+1","Reaper+1","Reaper+1","Reaper+1","Clash+1","Clash+1","Feed+1","Feed+1","Inflame+1","Perfected Strike+1","Perfected Strike+1","Dramatic Entrance+1","Anger+1","Rage+1","Offering+1","Rage+1","Clash+1","Warcry+1","Intimidate+1","Pommel Strike+1","Anger+1","Clash+1","Flex+1","Trip+1","Violence+1"],"special_seed":17767,"relics":["Burning Blood","Bronze Scales","Unceasing Top","Orichalcum","Oddly Smooth Stone","Strawberry","Shovel","Omamori","Self Forming Clay","Whetstone","MawBank","Matryoshka","Red Skull","Torii","War Paint","Bag of Preparation","Ornamental Fan","Cursed Key","Pen Nib","Dream Catcher","Juzu Bracelet","Potion Belt","Vajra","Gremlin Horn","Blood Vial","Anchor","Boot","Ancient Tea Set","Molten Egg 2","Meat on the Bone","Medical Kit","Bag of Marbles","Lantern","Regal Pillow","Orrery","Art of War","Happy Flower","Bottled Tornado","Tiny Chest","Peace Pipe","Mummified Hand","Toxic Egg 2","Pantograph","The Courier","Singing Bowl","Bottled Lightning","Toolbox","Kunai","Shuriken","Gambling Chip","Bottled Flame","Paper Frog","Mark of the Bloom","Frozen Egg 2","Blue Candle"],"potions_floor_usage":[6,6,16,16,19,19,27,33,33,33,44,50,50,50,50,50],"damage_taken":[{"damage":11,"enemies":"Cultist","floor":1,"turns":5},{"damage":3,"enemies":"Small Slimes","floor":2,"turns":5},{"damage":11,"enemies":"Jaw Worm","floor":3,"turns":3},{"damage":4,"enemies":"Looter","floor":5,"turns":3},{"damage":9,"enemies":"3 Sentries","floor":6,"turns":9},{"damage":0,"enemies":"3 Louse","floor":8,"turns":4},{"damage":1,"enemies":"Exordium Wildlife","floor":10,"turns":3},{"damage":5,"enemies":"Exordium Thugs","floor":11,"turns":3},{"damage":1,"enemies":"3 Louse","floor":12,"turns":2},{"damage":5,"enemies":"Large Slime","floor":13,"turns":4},{"damage":26,"enemies":"Lagavulin","floor":14,"turns":8},{"damage":14,"enemies":"The Guardian","floor":16,"turns":11},{"damage":10,"enemies":"Spheric Guardian","floor":18,"turns":4},{"damage":6,"enemies":"2 Thieves","floor":19,"turns":3},{"damage":7,"enemies":"Centurion and Healer","floor":20,"turns":6},{"damage":20,"enemies":"Shelled Parasite and Fungi","floor":21,"turns":4},{"damage":22,"enemies":"Chosen and Byrds","floor":22,"turns":5},{"damage":31,"enemies":"Gremlin Leader","floor":24,"turns":8},{"damage":7,"enemies":"Cultist and Chosen","floor":25,"turns":4},{"damage":7,"enemies":"Book of Stabbing","floor":27,"turns":3},{"damage":0,"enemies":"Shelled Parasite and Fungi","floor":31,"turns":2},{"damage":7,"enemies":"Champ","floor":33,"turns":7},{"damage":0,"enemies":"Orb Walker","floor":35,"turns":1},{"damage":6,"enemies":"Flame Bruiser 1 Orb","floor":36,"turns":1},{"damage":0,"enemies":"Spire Growth","floor":38,"turns":2},{"damage":0,"enemies":"Sphere and 2 Shapes","floor":39,"turns":2},{"damage":13,"enemies":"Nemesis","floor":41,"turns":3},{"damage":0,"enemies":"3 Darklings","floor":42,"turns":2},{"damage":0,"enemies":"2 Orb Walkers","floor":44,"turns":2},{"damage":6,"enemies":"Maw","floor":45,"turns":4},{"damage":6,"enemies":"Transient","floor":48,"turns":5},{"damage":6,"enemies":"Time Eater","floor":50,"turns":6}],"seed_played":"-2736081404112847193","potions_obtained":[{"floor":2,"key":"Block Potion"},{"floor":3,"key":"Strength Potion"},{"floor":8,"key":"SpeedPotion"},{"floor":11,"key":"SpeedPotion"},{"floor":16,"key":"SteroidPotion"},{"floor":18,"key":"Explosive Potion"},{"floor":19,"key":"Ancient Potion"},{"floor":25,"key":"PowerPotion"},{"floor":31,"key":"Dexterity Potion"},{"floor":33,"key":"Dexterity Potion"},{"floor":38,"key":"Fire Potion"},{"floor":41,"key":"Ancient Potion"},{"floor":42,"key":"EssenceOfSteel"},{"floor":45,"key":"Weak Potion"},{"floor":48,"key":"Ancient Potion"}],"is_trial":false,"path_per_floor":["M","M","M","$","M","E","R","M","T","M","M","M","M","E","R","B",null,"M","M","M","M","M","R","E","M","T","E","?","R","$","M","R","B",null,"M","M","?","M","M","R","E","M","T","E","M","$","?","M","R","B"],"character_chosen":"IRONCLAD","items_purchased":["Clash","Oddly Smooth Stone","Dramatic Entrance+1","Anger+1","Rage","Medical Kit","EssenceOfSteel","Clash+1","Flex+1","Trip+1","Toolbox","Kunai","Shuriken","Gambling Chip","Bottled Flame","Paper Frog","Violence+1"],"campfire_rested":0,"item_purchase_floors":[4,4,30,30,30,30,30,46,46,46,46,46,46,46,46,46,46],"current_hp_per_floor":[75,80,78,78,87,84,84,87,87,87,87,87,87,74,74,71,87,86,93,93,95,87,87,71,96,96,98,98,98,98,99,99,99,99,99,99,99,99,99,99,95,102,102,107,107,107,107,101,101,95],"gold":64,"neow_bonus":"","is_prod":false,"is_daily":true,"chose_seed":false,"campfire_upgraded":0,"win_rate":0,"timestamp":1535135816,"path_taken":["M","M","M","$","M","E","R","M","T","M","M","M","M","E","R","BOSS","M","M","M","M","M","R","E","M","T","E","?","R","$","M","R","BOSS","M","M","?","M","M","R","E","M","T","E","M","$","?","M","R","BOSS"],"build_version":"2018-08-21","purchased_purges":2,"victory":true,"max_hp_per_floor":[80,80,80,80,87,87,87,87,87,87,87,87,87,87,87,87,87,90,93,93,96,96,96,96,96,96,99,99,99,99,99,99,99,99,99,99,99,99,99,99,102,102,102,107,107,107,107,107,107,107],"card_choices":[{"not_picked":["Iron Wave","Seeing Red"],"picked":"Clash","floor":6},{"not_picked":["Entrench","Body Slam"],"picked":"Feed","floor":14},{"not_picked":["Fiend Fire","Berserk"],"picked":"Feed","floor":16},{"not_picked":["Sword Boomerang","Wild Strike"],"picked":"Inflame","floor":24},{"not_picked":["Thunderclap","Havoc"],"picked":"Perfected Strike+1","floor":27},{"not_picked":["Demon Form","Feed+1"],"picked":"Offering","floor":33},{"not_picked":["Dual Wield","Havoc"],"picked":"Rage+1","floor":34},{"not_picked":["Havoc","Headbutt+1"],"picked":"Clash+1","floor":34},{"not_picked":["Headbutt+1","Pommel Strike+1"],"picked":"Warcry+1","floor":34},{"not_picked":["Thunderclap+1","Havoc"],"picked":"Intimidate","floor":34},{"not_picked":["Flame Barrier+1","Dropkick+1"],"picked":"Pommel Strike+1","floor":34},{"not_picked":["Clothesline+1","Havoc+1"],"picked":"Anger+1","floor":41},{"not_picked":["Spot Weakness+1","Feed+1","Dropkick+1"],"picked":"Singing Bowl","floor":44}],"player_experience":509384,"relics_obtained":[{"floor":1,"key":"Bronze Scales"},{"floor":2,"key":"Unceasing Top"},{"floor":3,"key":"Orichalcum"},{"floor":5,"key":"Strawberry"},{"floor":6,"key":"Shovel"},{"floor":7,"key":"Omamori"},{"floor":8,"key":"Self Forming Clay"},{"floor":9,"key":"Whetstone"},{"floor":10,"key":"MawBank"},{"floor":11,"key":"Matryoshka"},{"floor":12,"key":"Red Skull"},{"floor":13,"key":"Torii"},{"floor":14,"key":"War Paint"},{"floor":15,"key":"Bag of Preparation"},{"floor":16,"key":"Ornamental Fan"},{"floor":18,"key":"Pen Nib"},{"floor":19,"key":"Dream Catcher"},{"floor":20,"key":"Juzu Bracelet"},{"floor":21,"key":"Potion Belt"},{"floor":22,"key":"Vajra"},{"floor":23,"key":"Gremlin Horn"},{"floor":24,"key":"Blood Vial"},{"floor":25,"key":"Anchor"},{"floor":26,"key":"Boot"},{"floor":26,"key":"Ancient Tea Set"},{"floor":27,"key":"Molten Egg 2"},{"floor":29,"key":"Meat on the Bone"},{"floor":31,"key":"Bag of Marbles"},{"floor":32,"key":"Lantern"},{"floor":33,"key":"Regal Pillow"},{"floor":35,"key":"Art of War"},{"floor":36,"key":"Happy Flower"},{"floor":38,"key":"Bottled Tornado"},{"floor":39,"key":"Tiny Chest"},{"floor":40,"key":"Peace Pipe"},{"floor":41,"key":"Mummified Hand"},{"floor":42,"key":"Toxic Egg 2"},{"floor":43,"key":"Pantograph"},{"floor":43,"key":"The Courier"},{"floor":44,"key":"Singing Bowl"},{"floor":45,"key":"Bottled Lightning"},{"floor":48,"key":"Frozen Egg 2"},{"floor":49,"key":"Blue Candle"}],"event_choices":[{"event_name":"Duplicator","player_choice":"One dupe","floor":28,"damage_taken":0},{"event_name":"Falling","player_choice":"Removed Skill","floor":37,"damage_taken":0},{"event_name":"MindBloom","player_choice":"Upgrade","floor":47,"damage_taken":0}],"is_beta":true,"boss_relics":[{"not_picked":["Astrolabe","White Beast Statue"],"picked":"Cursed Key"},{"not_picked":["Runic Pyramid","Runic Cube"],"picked":"Orrery"}],"items_purged_floors":[30,46],"is_endless":false,"potions_floor_spawned":[2,3,8,11,16,18,19,25,31,33,38,41,42,45,48],"ascension_level":0}