{"gold_per_floor":[118,68,81,81,100,100,134,134,134,160,160,172,172,188,188,292,292,306,306,306,128,148,148,183,183,183,193,193,220,236,261,261,360,360,376,389,389,215,215,243,30,60,85,85,114,114,134,146,146,146,146,146,26,60,60],"floor_reached":56,"playtime":4860,"items_purged":["Strike_G","Strike_G","Defend_G"],"score":1756,"play_id":"de711356-5256-41b8-9731-a04a3051eb71","local_time":"20190413034951","is_ascension_mode":true,"campfire_choices":[{"data":"Survivor","floor":6.0,"key":"SMITH"},{"data":"Adrenaline","floor":8.0,"key":"SMITH"},{"data":"Quick Slash","floor":11.0,"key":"SMITH"},{"floor":15.0,"key":"REST"},{"data":"Crippling Poison","floor":23.0,"key":"SMITH"},{"data":"Footwork","floor":25.0,"key":"SMITH"},{"floor":28.0,"key":"REST"},{"floor":32.0,"key":"REST"},{"data":"After Image","floor":44,"key":"SMITH"},{"floor":46,"key":"RECALL"},{"data":"Cloak And Dagger","floor":49,"key":"SMITH"},{"data":"Cloak And Dagger","floor":52,"key":"SMITH"}],"neow_cost":"NONE","seed_source_timestamp":0,"circlet_count":0,"master_deck":["Defend_G","Defend_G","Defend_G","Defend_G","Strike_G+1","Survivor+1","Neutralize+1","Quick Slash+1","Predator+1","Adrenaline+1","Infinite Blades","Escape Plan","Corpse Explosion","Dagger Throw+1","Crippling Poison+1","Footwork+1","PiercingWail","Escape Plan+1","Calculated Gamble","Cloak And Dagger+1","Cloak And Dagger+1","After Image+1","Backflip","Well Laid Plans","Footwork","Poisoned Stab+1","Noxious Fumes"],"special_seed":0,"relics":["Ring of the Snake","Dodecahedron","Mummified Hand","Du-Vu Doll","Lizard Tail","Smiling Mask","Snake Skull","Kunai","Centennial Puzzle","Bird Faced Urn","Busted Crown","Omamori","Whetstone","Anchor","Nunchaku","StoneCalendar"],"potions_floor_usage":[55,55],"damage_taken":[{"damage":1.0,"enemies":"Jaw Worm","floor":1.0,"turns":5.0},{"damage":0.0,"enemies":"2 Louse","floor":3.0,"turns":3.0},{"damage":0.0,"enemies":"Cultist","floor":5.0,"turns":2.0},{"damage":28.0,"enemies":"Lagavulin","floor":7.0,"turns":8.0},{"damage":0.0,"enemies":"Gremlin Nob","floor":10.0,"turns":3.0},{"damage":0.0,"enemies":"2 Fungi Beasts","floor":12.0,"turns":2.0},{"damage":0.0,"enemies":"3 Louse","floor":14.0,"turns":2.0},{"damage":29.0,"enemies":"Slime Boss","floor":16.0,"turns":10.0},{"damage":7.0,"enemies":"3 Byrds","floor":18.0,"turns":4.0},{"damage":0.0,"enemies":"Chosen","floor":22.0,"turns":4.0},{"damage":15.0,"enemies":"Gremlin Leader","floor":24.0,"turns":6.0},{"damage":0.0,"enemies":"Sentry and Sphere","floor":27.0,"turns":4.0},{"damage":9.0,"enemies":"Book of Stabbing","floor":29.0,"turns":7.0},{"damage":3.0,"enemies":"Shelled Parasite and Fungi","floor":30.0,"turns":5.0},{"damage":18.0,"enemies":"Gremlin Leader","floor":31.0,"turns":7.0},{"damage":31.0,"enemies":"Automaton","floor":33.0,"turns":12.0},{"damage":12.0,"enemies":"3 Darklings","floor":35.0,"turns":3.0},{"damage":5.0,"enemies":"Orb Walker","floor":36.0,"turns":4.0},{"damage":15.0,"enemies":"Giant Head","floor":40.0,"turns":10.0},{"damage":0,"enemies":"Nemesis","floor":42,"turns":9},{"damage":23,"enemies":"Reptomancer","floor":45,"turns":8},{"damage":0,"enemies":"Spire Growth","floor":47,"turns":5},{"damage":0,"enemies":"Maw","floor":48,"turns":7},{"damage":21,"enemies":"Donu and Deca","floor":50,"turns":10},{"damage":0,"enemies":"Shield and Spear","floor":54,"turns":6},{"damage":27,"enemies":"The Heart","floor":55,"turns":11}],"seed_played":"2904526443939175549","potions_obtained":[{"floor":1.0,"key":"Strength Potion"},{"floor":3.0,"key":"Regen Potion"},{"floor":10.0,"key":"Explosive Potion"},{"floor":14.0,"key":"GhostInAJar"},{"floor":16.0,"key":"Strength Potion"},{"floor":18.0,"key":"SkillPotion"},{"floor":36.0,"key":"SteroidPotion"},{"floor":42,"key":"GamblersBrew"},{"floor":45,"key":"Block Potion"},{"floor":48,"key":"LiquidBronze"}],"is_trial":false,"path_per_floor":["M","?","M","?","M","R","E","R","T","E","R","M","?","M","R","B",null,"M","?","?","$","M","R","E","R","T","M","R","E","M","E","R","B",null,"M","M","?","$","?","E","$","E","T","R","E","R","M","M","R","B",null,"R","$","E","B",null],"character_chosen":"THE_SILENT","items_purchased":["Footwork","PiercingWail","Backflip","Well Laid Plans","Footwork","Whetstone","Noxious Fumes"],"campfire_rested":3,"item_purchase_floors":[21,21,38,38,41,41,53],"current_hp_per_floor":[62,62,62,62,62,62,34,34,34,43,43,43,43,43,64,35,61,54,54,54,54,54,54,39,39,39,39,60,51,48,30,51,24,59,51,52,42,42,42,35,35,45,45,45,32,32,42,52,52,41,60,60,60,66,41],"gold":60,"neow_bonus":"UPGRADE_CARD","is_prod":false,"is_daily":false,"chose_seed":false,"campfire_upgraded":8,"win_rate":0,"timestamp":1555145391,"path_taken":["M","?","M","?","M","R","E","R","T","E","R","?","?","M","R","BOSS","M","?","?","$","?","R","E","R","T","M","R","E","M","E","R","BOSS","M","M","?","$","?","E","$","E","T","R","E","R","M","?","R","BOSS","R","$","E","BOSS"],"build_version":"2019-01-23","purchased_purges":3,"victory":true,"max_hp_per_floor":[70,70,70,70,70,70,70,70,70,70,70,70,70,70,70,70,70,70,70,70,70,70,70,70,70,70,70,70,70,70,70,70,70,70,70,70,70,70,66,66,66,66,66,66,66,66,66,66,66,66,66,66,66,66,66],"card_choices":[{"not_picked":["Finisher","Dodge and Roll"],"picked":"Quick Slash","floor":1.0},{"not_picked":["Prepared","Bane"],"picked":"Predator","floor":3.0},{"not_picked":["Concentrate","Terror","Predator"],"picked":"SKIP","floor":5.0},{"not_picked":["Deflect","Well Laid Plans"],"picked":"Adrenaline","floor":7.0},{"not_picked":["PiercingWail","Poisoned Stab"],"picked":"Infinite Blades","floor":12.0},{"not_picked":["Slice","Quick Slash"],"picked":"Escape Plan","floor":14.0},{"not_picked":["Burst","Wraith Form v2"],"picked":"Corpse Explosion","floor":16.0},{"not_picked":["Expertise","Heel Hook+1"],"picked":"Dagger Throw","floor":18.0},{"not_picked":["Infinite Blades+1","Acrobatics","Dagger Spray"],"picked":"SKIP","floor":22.0},{"not_picked":["All Out Attack","Concentrate+1"],"picked":"Escape Plan+1","floor":24.0},{"not_picked":["Poisoned Stab","Bane"],"picked":"Calculated Gamble","floor":27.0},{"not_picked":["Escape Plan","Prepared"],"picked":"Cloak And Dagger","floor":29.0},{"not_picked":["Escape Plan","Storm of Steel"],"picked":"Cloak And Dagger","floor":30.0},{"not_picked":["Backstab","Flying Knee","Sucker Punch"],"picked":"SKIP","floor":31.0},{"not_picked":["Doppelganger","A Thousand Cuts"],"picked":"After Image","floor":33.0},{"not_picked":["All Out Attack"],"picked":"SKIP","floor":35.0},{"not_picked":["Distraction+1"],"picked":"SKIP","floor":36.0},{"not_picked":["Choke"],"picked":"SKIP","floor":40.0},{"not_picked":["Outmaneuver+1"],"picked":"SKIP","floor":42},{"not_picked":[],"picked":"Poisoned Stab+1","floor":45},{"not_picked":["Cloak And Dagger"],"picked":"SKIP","floor":47},{"not_picked":["Riddle With Holes+1"],"picked":"SKIP","floor":48},{"not_picked":["Prepared"],"picked":"SKIP","floor":54}],"player_experience":596262,"relics_obtained":[{"floor":7.0,"key":"Dodecahedron"},{"floor":9.0,"key":"Mummified Hand"},{"floor":10.0,"key":"Du-Vu Doll"},{"floor":20.0,"key":"Smiling Mask"},{"floor":24.0,"key":"Snake Skull"},{"floor":26.0,"key":"Kunai"},{"floor":29.0,"key":"Centennial Puzzle"},{"floor":31.0,"key":"Bird Faced Urn"},{"floor":40.0,"key":"Omamori"},{"floor":42,"key":"Anchor"},{"floor":45,"key":"Nunchaku"},{"floor":54,"key":"StoneCalendar"}],"event_choices":[{"cards_removed":["Strike_G"],"damage_healed":0.0,"max_hp_gain":0.0,"max_hp_loss":0.0,"gold_gain":0.0,"event_name":"The Cleric","player_choice":"Card Removal","floor":2.0,"gold_loss":50.0,"damage_taken":0.0},{"damage_healed":0.0,"max_hp_gain":0.0,"max_hp_loss":0.0,"gold_gain":0.0,"event_name":"Accursed Blacksmith","player_choice":"Forge","floor":4.0,"gold_loss":0.0,"damage_taken":0.0,"cards_upgraded":["Predator"]},{"cards_removed":["Strike_G"],"damage_healed":0.0,"max_hp_gain":0.0,"max_hp_loss":0.0,"gold_gain":0.0,"event_name":"Living Wall","player_choice":"Forget","floor":13.0,"gold_loss":0.0,"damage_taken":0.0},{"damage_healed":0.0,"max_hp_gain":0.0,"max_hp_loss":0.0,"gold_gain":0.0,"event_name":"The Library","player_choice":"Read","floor":19.0,"gold_loss":0.0,"damage_taken":0.0,"cards_obtained":["Crippling Poison"]},{"damage_healed":0.0,"max_hp_gain":0.0,"max_hp_loss":0.0,"gold_gain":0.0,"event_name":"Wheel of Change","player_choice":"Relic","floor":20.0,"gold_loss":0.0,"damage_taken":0.0},{"damage_healed":0.0,"max_hp_gain":0.0,"max_hp_loss":0.0,"gold_gain":0.0,"event_name":"SensoryStone","player_choice":"Memory 3","floor":37.0,"gold_loss":0.0,"damage_taken":10.0},{"damage_healed":0.0,"max_hp_gain":0.0,"max_hp_loss":4.0,"gold_gain":0.0,"event_name":"Winding Halls","player_choice":"Max HP","floor":39.0,"gold_loss":0.0,"damage_taken":0.0}],"is_beta":false,"boss_relics":[{"not_picked":["Velvet Choker","WristBlade"],"picked":"Lizard Tail"},{"not_picked":["Orrery","Calling Bell"],"picked":"Busted Crown"}],"items_purged_floors":[21,38,53],"is_endless":false,"potions_floor_spawned":[1,3,10,14,16,18,22,27,36,42,45,48],"ascension_level":8}