{"gold_per_floor":[109,127,97,117,137,137,168,184,211,222,222,235,268,268,268,268],"floor_reached":16,"playtime":537,"items_purged":[],"score":171,"play_id":"903e3cf0-473b-4a53-b079-1785206e7b2f","local_time":"20190430180715","is_ascension_mode":true,"campfire_choices":[{"data":"Searing Blow","floor":6,"key":"SMITH"},{"floor":11,"key":"RECALL"},{"data":"Searing Blow+1","floor":15,"key":"SMITH"}],"neow_cost":"NONE","seed_source_timestamp":554862293782732,"circlet_count":0,"master_deck":["AscendersBane","Strike_R+1","Strike_R","Strike_R","Strike_R+1","Strike_R","Defend_R","Defend_R","Defend_R","Defend_R","Bash","Searing Blow+2","Headbutt","Armaments","Battle Trance","Rampage"],"relics":["Burning Blood","Whetstone","Centennial Puzzle","Dream Catcher","PreservedInsect"],"potions_floor_usage":[7,7,7,13],"damage_taken":[{"damage":10,"enemies":"2 Louse","floor":1,"turns":3},{"damage":1,"enemies":"Cultist","floor":2,"turns":3},{"damage":10,"enemies":"Small Slimes","floor":4,"turns":3},{"damage":11,"enemies":"Looter","floor":5,"turns":2},{"damage":30,"enemies":"Lagavulin","floor":7,"turns":8},{"damage":11,"enemies":"Blue Slaver","floor":8,"turns":3},{"damage":1,"enemies":"Exordium Thugs","floor":10,"turns":4},{"damage":13,"enemies":"2 Fungi Beasts","floor":12,"turns":3},{"damage":20,"enemies":"3 Sentries","floor":13,"turns":6},{"damage":27,"enemies":"Hexaghost","floor":16,"turns":9}],"seed_played":"7199208455088843880","potions_obtained":[{"floor":1,"key":"Weak Potion"},{"floor":3,"key":"Dexterity Potion"},{"floor":3,"key":"BloodPotion"},{"floor":7,"key":"Explosive Potion"}],"is_trial":false,"path_per_floor":["M","M","?","M","M","R","E","M","T","M","R","M","E","?","R","B"],"character_chosen":"IRONCLAD","items_purchased":[],"campfire_rested":0,"item_purchase_floors":[],"current_hp_per_floor":[68,73,73,69,64,64,48,43,43,48,48,41,27,27,27,0],"gold":268,"neow_bonus":"RANDOM_COMMON_RELIC","is_prod":false,"is_daily":false,"chose_seed":false,"campfire_upgraded":2,"win_rate":0,"timestamp":1556669235,"path_taken":["M","M","?","?","M","R","E","M","T","M","R","M","E","?","R","BOSS"],"build_version":"2019-04-23","purchased_purges":0,"victory":false,"max_hp_per_floor":[80,80,80,80,80,80,80,80,80,80,80,80,80,80,80,80],"card_choices":[{"not_picked":["Sentinel","Rupture"],"picked":"Searing Blow","floor":1},{"not_picked":["Bloodletting","True Grit","Headbutt"],"picked":"SKIP","floor":2},{"not_picked":["Bloodletting","True Grit"],"picked":"Headbutt","floor":2},{"not_picked":["Reckless Charge","Sword Boomerang","Havoc"],"picked":"SKIP","floor":4},{"not_picked":["Intimidate","Havoc"],"picked":"Armaments","floor":5},{"not_picked":["Rage","Heavy Blade","Blood for Blood"],"picked":"SKIP","floor":7},{"not_picked":["Pummel","Iron Wave"],"picked":"Battle Trance","floor":8},{"not_picked":["Wild Strike","Fire Breathing"],"picked":"Rampage","floor":10},{"not_picked":["Thunderclap","Seeing Red","Flex"],"picked":"SKIP","floor":12},{"not_picked":["Fire Breathing","Corruption","Reaper"],"picked":"SKIP","floor":13}],"player_experience":580156,"relics_obtained":[{"floor":7,"key":"Centennial Puzzle"},{"floor":9,"key":"Dream Catcher"},{"floor":13,"key":"PreservedInsect"}],"event_choices":[{"damage_healed":0,"gold_gain":0,"player_choice":"Bought 2 Potions","damage_taken":0,"max_hp_gain":0,"max_hp_loss":0,"event_name":"The Woman in Blue","floor":3,"gold_loss":0},{"damage_healed":0,"gold_gain":0,"player_choice":"Ignored","damage_taken":0,"max_hp_gain":0,"max_hp_loss":0,"event_name":"Liars Game","floor":14,"gold_loss":0}],"is_beta":true,"boss_relics":[],"items_purged_floors":[],"is_endless":false,"potions_floor_spawned":[1,4,7],"killed_by":"Hexaghost","ascension_level":10}