{"gold_per_floor":[116,266,285,285,295,295,20,20,20,40,60,79,4,4,4,4],"floor_reached":16,"playtime":368,"items_purged":["Doubt"],"score":179,"play_id":"343354e6-c0d3-493b-bc30-3c1f6456a657","local_time":"20190429143631","is_ascension_mode":true,"campfire_choices":[{"data":"Dark Embrace","floor":6,"key":"SMITH"},{"data":"Clothesline","floor":8,"key":"SMITH"},{"data":"Metallicize","floor":15,"key":"SMITH"}],"neow_cost":"NONE","seed_source_timestamp":3635371083358722,"circlet_count":0,"master_deck":["AscendersBane","Strike_R","Strike_R","Strike_R","Strike_R","Defend_R","Defend_R","Defend_R","Defend_R","Bash","Pommel Strike","Clothesline+1","Dark Embrace+1","Battle Trance","Offering","Metallicize+1"],"relics":["Burning Blood","NeowsBlessing","Dodecahedron","Boot"],"potions_floor_usage":[16,16],"damage_taken":[{"damage":0,"enemies":"Jaw Worm","floor":1,"turns":1},{"damage":0,"enemies":"Cultist","floor":3,"turns":1},{"damage":0,"enemies":"2 Louse","floor":5,"turns":2},{"damage":41,"enemies":"Large Slime","floor":10,"turns":7},{"damage":27,"enemies":"3 Louse","floor":11,"turns":4},{"damage":6,"enemies":"Looter","floor":12,"turns":3},{"damage":20,"enemies":"Hexaghost","floor":16,"turns":9}],"seed_played":"-4614356340878017837","potions_obtained":[{"floor":5,"key":"Poison Potion"},{"floor":10,"key":"PowerPotion"},{"floor":12,"key":"Block Potion"}],"is_trial":false,"path_per_floor":["M","?","M","?","M","R","$","R","T","M","M","M","$","?","R","B"],"character_chosen":"IRONCLAD","items_purchased":["Dodecahedron"],"campfire_rested":0,"item_purchase_floors":[7],"current_hp_per_floor":[74,74,75,75,75,75,75,75,75,40,19,19,19,19,19,0],"gold":4,"neow_bonus":"THREE_ENEMY_KILL","is_prod":false,"is_daily":false,"chose_seed":false,"campfire_upgraded":3,"win_rate":0,"timestamp":1556544991,"path_taken":["M","?","M","?","?","R","?","R","T","M","M","?","$","?","R","BOSS"],"build_version":"2019-01-23","purchased_purges":1,"victory":false,"max_hp_per_floor":[75,75,75,75,75,75,75,75,75,75,75,75,75,75,75,75],"card_choices":[{"not_picked":["Headbutt","Intimidate"],"picked":"Pommel Strike","floor":1},{"not_picked":["Anger","Iron Wave"],"picked":"Clothesline","floor":3},{"not_picked":["Perfected Strike","Anger"],"picked":"Battle Trance","floor":5},{"not_picked":["Seeing Red","Combust"],"picked":"Offering","floor":10},{"not_picked":["Fire Breathing","Clothesline","Bloodletting"],"picked":"SKIP","floor":11},{"not_picked":["Thunderclap","Body Slam"],"picked":"Metallicize","floor":12}],"player_experience":725778,"relics_obtained":[{"floor":9,"key":"Boot"}],"event_choices":[{"damage_healed":0,"gold_gain":150,"player_choice":"AGREE","damage_taken":0,"max_hp_gain":0,"max_hp_loss":0,"event_name":"Liars Game","floor":2,"gold_loss":0,"cards_obtained":["Doubt"]},{"damage_healed":0,"gold_gain":0,"cards_transformed":["Strike_R"],"player_choice":"Transformed","damage_taken":0,"max_hp_gain":0,"max_hp_loss":0,"event_name":"Transmorgrifier","floor":4,"gold_loss":0,"cards_obtained":["Dark Embrace"]},{"damage_healed":0,"gold_gain":0,"player_choice":"Leave","damage_taken":0,"max_hp_gain":0,"max_hp_loss":0,"event_name":"The Cleric","floor":14,"gold_loss":0}],"is_beta":false,"boss_relics":[],"items_purged_floors":[13],"is_endless":false,"potions_floor_spawned":[5,10,12],"killed_by":"Hexaghost","ascension_level":19}