{"gold_per_floor":[11,11,31,331,349,380,392,404],"floor_reached":8,"playtime":293,"items_purged":[],"score":78,"play_id":"e1cec9a5-2690-4f63-a838-281673daa37f","local_time":"20190114154954","is_ascension_mode":true,"campfire_choices":[{"data":"Skewer","floor":7,"key":"SMITH"}],"neow_cost":"NO_GOLD","seed_source_timestamp":763402727740059,"circlet_count":0,"master_deck":["Defend_G","Defend_G","Defend_G","Defend_G","Defend_G","Strike_G","Strike_G","Strike_G","Strike_G","Strike_G","Survivor","Neutralize","Unload","Slice","Skewer+1","Calculated Gamble"],"relics":["Ring of the Snake","Old Coin","MawBank"],"potions_floor_usage":[3],"damage_taken":[{"damage":0,"enemies":"Jaw Worm","floor":1,"turns":4},{"damage":0,"enemies":"Small Slimes","floor":3,"turns":2},{"damage":0,"enemies":"Cultist","floor":5,"turns":3},{"damage":33,"enemies":"Lagavulin","floor":6,"turns":6},{"damage":28,"enemies":"3 Sentries","floor":8,"turns":5}],"seed_played":"4538874881026648395","potions_obtained":[{"floor":1,"key":"SkillPotion"},{"floor":6,"key":"Dexterity Potion"}],"is_trial":false,"path_per_floor":["M","?","M","?","M","E","R","E"],"character_chosen":"THE_SILENT","items_purchased":[],"campfire_rested":0,"item_purchase_floors":[],"current_hp_per_floor":[63,68,68,61,61,28,28,0],"gold":404,"neow_bonus":"THREE_RARE_CARDS","is_prod":false,"is_daily":false,"chose_seed":false,"campfire_upgraded":1,"win_rate":0,"timestamp":1547480994,"path_taken":["M","?","M","?","M","E","R","E"],"build_version":"2019-01-10","purchased_purges":0,"victory":false,"max_hp_per_floor":[70,75,75,75,75,75,75,75],"card_choices":[{"not_picked":["Wraith Form v2","Bullet Time"],"picked":"Unload","floor":0},{"not_picked":["Dagger Throw","Choke"],"picked":"Slice","floor":1},{"not_picked":["Bane","Flechettes","Reflex"],"picked":"SKIP","floor":3},{"not_picked":["Flying Knee","Calculated Gamble"],"picked":"Skewer","floor":5},{"not_picked":["Underhanded Strike","Eviscerate"],"picked":"Calculated Gamble","floor":6}],"player_experience":82085,"relics_obtained":[{"floor":6,"key":"MawBank"}],"event_choices":[{"damage_healed":0,"gold_gain":0,"player_choice":"Donut","damage_taken":0,"max_hp_gain":5,"max_hp_loss":0,"event_name":"Big Fish","floor":2,"gold_loss":0},{"damage_healed":0,"gold_gain":0,"player_choice":"Success","damage_taken":7,"relics_obtained":["Old Coin"],"max_hp_gain":0,"max_hp_loss":0,"event_name":"Scrap Ooze","floor":4,"gold_loss":0}],"is_beta":false,"boss_relics":[],"items_purged_floors":[],"is_endless":false,"potions_floor_spawned":[1,6],"killed_by":"3 Sentries","ascension_level":8}