{"path_per_floor":["M","?","?","M","$","E","R","M","T","R","$","?","R","$","R","B",null,"M","M","?","M","$","R","T","E","T","M","T","R","M","M","R","B",null,"M","?","$","?","M","M","R","M","T","?","?","E","M","?","R","B"],"character_chosen":"THE_SILENT","items_purchased":["Footwork","Finisher","Infinite Blades","Mummified Hand"],"gold_per_floor":[113,113,113,124,49,78,78,92,116,116,44,131,131,55,55,158,158,173,184,84,104,29,29,83,108,108,127,201,201,212,226,226,326,326,343,343,2,2,18,31,31,45,91,0,0,25,44,91,91,91],"floor_reached":51,"campfire_rested":2,"playtime":7210,"current_hp_per_floor":[35,58,51,51,51,38,38,38,38,38,38,27,48,48,69,56,70,70,58,58,55,55,55,55,39,39,46,46,46,53,53,53,50,70,70,70,70,60,70,70,70,70,70,70,70,70,70,70,70,45],"items_purged":["Defend_G","Strike_G"],"gold":91,"play_id":"146711bb-89b6-48ce-b1bb-01ba37accd36","is_prod":false,"is_daily":false,"campfire_rituals":0,"campfire_upgraded":7,"is_hardmode":false,"path_taken":["M","?","?","M","$","E","R","M","T","R","?","?","R","$","R","BOSS","M","M","?","?","?","R","?","E","T","?","?","R","M","M","R","BOSS","M","?","$","?","M","M","R","M","T","?","?","E","M","?","R","BOSS"],"build_version":"2018-01-11-PROD2","purchased_purges":2,"victory":true,"master_deck":["Defend_G","Defend_G","Defend_G","Defend_G","Strike_G","Strike_G","Survivor","Neutralize","After Image","Cloak And Dagger","Blur","Burst","Footwork","Finisher","After Image","Footwork","J.A.X.","Escape Plan","Infinite Blades","Skewer","Night Terror","Dash","Footwork","Madness","Madness","Accuracy","Cloak And Dagger"],"max_hp_per_floor":[70,70,70,70,70,70,70,70,70,70,70,70,70,70,70,70,70,70,70,70,70,70,70,70,70,70,70,70,70,70,70,70,70,70,70,70,70,70,70,70,70,70,70,70,70,70,70,70,70,70],"relics":["Ring of the Snake","Omamori","Vajra","Tiny Chest","Runic Dome","Lantern","Unceasing Top","Bird Faced Urn","Centennial Puzzle","Black Star","Mummified Hand","Orichalcum","Red Mask","Juzu Bracelet","Frozen Egg","Torii"],"campfire_meditates":0,"card_choices":[{"not_picked":["Storm of Steel","Die Die Die"],"picked":"After Image"},{"not_picked":["Flechettes","Deadly Poison"],"picked":"Cloak And Dagger"},{"not_picked":["Bouncing Flask","Acrobatics"],"picked":"Blur"},{"not_picked":["Flechettes","Skewer"],"picked":"Burst"},{"not_picked":["Storm of Steel","Tools of the Trade"],"picked":"After Image"},{"not_picked":["Bane","Distraction"],"picked":"Footwork"},{"not_picked":["Underhanded Strike","Skewer"],"picked":"Escape Plan"},{"not_picked":["Deadly Poison","Concentrate"],"picked":"Backflip"},{"not_picked":["Sucker Punch","Heel Hook"],"picked":"Skewer"},{"not_picked":["Tools of the Trade","A Thousand Cuts"],"picked":"Night Terror"},{"not_picked":["Predator","Quick Slash"],"picked":"Dash"},{"not_picked":["Caltrops","Outmaneuver"],"picked":"Accuracy"},{"not_picked":["Malaise","Underhanded Strike"],"picked":"Cloak And Dagger"}],"player_experience":250330,"potions_floor_usage":[6,33,50,50,50],"damage_taken":[{"damage":0,"enemies":"2 Louse","floor":1,"turns":4},{"damage":0,"enemies":"Jaw Worm","floor":4,"turns":5},{"damage":13,"enemies":"3 Sentries","floor":6,"turns":14},{"damage":0,"enemies":"Cultist","floor":8,"turns":6},{"damage":11,"enemies":"Lagavulin Event","floor":12,"turns":15},{"damage":13,"enemies":"The Guardian","floor":16,"turns":15},{"damage":0,"enemies":"2 Thieves","floor":18,"turns":4},{"damage":12,"enemies":"Spheric Guardian","floor":19,"turns":10},{"damage":3,"enemies":"3 Cultists","floor":21,"turns":9},{"damage":16,"enemies":"Slavers","floor":25,"turns":10},{"damage":3,"enemies":"Centurion and Healer","floor":27,"turns":6},{"damage":3,"enemies":"Snake Plant","floor":30,"turns":6},{"damage":10,"enemies":"Chosen and Byrds","floor":31,"turns":7},{"damage":13,"enemies":"Collector","floor":33,"turns":9},{"damage":3,"enemies":"3 Shapes","floor":35,"turns":7},{"damage":3,"enemies":"Orb Walker","floor":39,"turns":3},{"damage":3,"enemies":"4 Shapes","floor":40,"turns":7},{"damage":3,"enemies":"Maw","floor":42,"turns":9},{"damage":3,"enemies":"Giant Head","floor":46,"turns":10},{"damage":3,"enemies":"3 Darklings","floor":47,"turns":4},{"damage":3,"enemies":"Mysterious Sphere","floor":48,"turns":4},{"damage":27,"enemies":"Donu and Deca","floor":50,"turns":10}],"event_choices":[{"event_name":"Big Fish","player_choice":"Banana","floor":2,"damage_taken":0},{"event_name":"Golden Wing","player_choice":"Card Removal","floor":3,"damage_taken":0},{"event_name":"Dead Adventurer","player_choice":"Searched \u00272\u0027 times","floor":12,"damage_taken":0},{"event_name":"Drug Dealer","player_choice":"Got JAXXED","floor":20,"damage_taken":0},{"event_name":"Transmorgrifier","player_choice":"Transform","floor":36,"damage_taken":0},{"event_name":"Winding Halls","player_choice":"Embrace Madness","floor":38,"damage_taken":0},{"event_name":"Tomb of Lord Red Mask","player_choice":"Paid","floor":44,"damage_taken":0},{"event_name":"Mysterious Sphere","player_choice":"Fight","floor":48,"damage_taken":0}],"boss_relics":[{"not_picked":["Orrery","Snecko Eye"],"picked":"Runic Dome"},{"not_picked":["Runic Pyramid","White Beast Statue"],"picked":"Black Star"}],"potions_floor_spawned":[1,8,25,27,30,31,40,46,47],"seed_played":"5677839277874047627","is_trial":false}