{"gold_per_floor":[110,185,185,33,53,53,14,14,14,53,53,66,66,82,82,213,213,229,229,229,6,6,6,20,20,20,20,32,32,7,22,22,22],"floor_reached":33,"playtime":766,"items_purged":["Shame"],"score":241,"play_id":"5b6b7858-069d-4e73-a170-fec0e0a5d993","local_time":"20190426092522","is_ascension_mode":false,"campfire_choices":[{"data":"Neutralize","floor":6,"key":"SMITH"},{"data":"Infinite Blades","floor":8,"key":"SMITH"},{"data":"Cloak And Dagger","floor":13,"key":"SMITH"},{"data":"Infinite Blades","floor":15,"key":"SMITH"},{"data":"Adrenaline","floor":23,"key":"SMITH"},{"data":"Riddle With Holes","floor":25,"key":"SMITH"},{"data":"Infinite Blades","floor":29,"key":"SMITH"},{"floor":32,"key":"REST"}],"neow_cost":"CURSE","seed_source_timestamp":16790771620502,"circlet_count":0,"master_deck":["Defend_G","Defend_G","Defend_G","Defend_G","Strike_G","Strike_G","Strike_G","Strike_G","Survivor","Neutralize+1","Slice","Infinite Blades+1","Backflip","Cloak And Dagger+1","Riddle With Holes+1","All Out Attack","Infinite Blades+1","Infinite Blades+1","Adrenaline+1","Poisoned Stab+1","Writhe","Cloak And Dagger","Bane+1","Slice+1","Tools of the Trade"],"relics":["Ring of the Snake","Juzu Bracelet","Ice Cream","Meat on the Bone","Snake Skull","Busted Crown","Nloth\u0027s Gift","Gremlin Horn","Oddly Smooth Stone","Molten Egg 2"],"potions_floor_usage":[16,16,18,31,31,33],"damage_taken":[{"damage":0,"enemies":"Jaw Worm","floor":1,"turns":4},{"damage":2,"enemies":"Small Slimes","floor":5,"turns":4},{"damage":30,"enemies":"3 Sentries","floor":10,"turns":11},{"damage":0,"enemies":"Cultist","floor":12,"turns":3},{"damage":0,"enemies":"Looter","floor":14,"turns":3},{"damage":18,"enemies":"Hexaghost","floor":16,"turns":10},{"damage":10,"enemies":"2 Thieves","floor":18,"turns":4},{"damage":12,"enemies":"Spheric Guardian","floor":24,"turns":4},{"damage":9,"enemies":"Centurion and Healer","floor":28,"turns":5},{"damage":21,"enemies":"Snake Plant","floor":31,"turns":4},{"damage":60,"enemies":"Automaton","floor":33,"turns":10}],"seed_played":"2025935781841319891","potions_obtained":[{"floor":5,"key":"Dexterity Potion"},{"floor":10,"key":"GhostInAJar"},{"floor":12,"key":"SkillPotion"},{"floor":16,"key":"EssenceOfSteel"},{"floor":18,"key":"PowerPotion"},{"floor":28,"key":"Poison Potion"}],"is_trial":false,"path_per_floor":["M","?","?","$","M","R","$","R","T","E","?","M","R","M","R","B",null,"M","?","?","$","?","R","M","R","T","$","M","R","$","M","R","B"],"character_chosen":"THE_SILENT","items_purchased":["Juzu Bracelet","Riddle With Holes","Oddly Smooth Stone","Slice+1"],"campfire_rested":1,"item_purchase_floors":[4,7,21,30],"current_hp_per_floor":[70,59,59,59,57,57,57,57,57,27,24,36,36,36,36,30,65,55,55,55,55,44,44,44,44,44,44,47,47,47,38,59,0],"gold":22,"neow_bonus":"TRANSFORM_TWO_CARDS","is_prod":false,"is_daily":false,"chose_seed":false,"campfire_upgraded":7,"win_rate":0,"timestamp":1556292322,"path_taken":["M","?","?","$","M","R","$","R","T","E","?","M","R","M","R","BOSS","M","?","?","$","?","R","M","R","T","$","M","R","$","M","R","BOSS"],"build_version":"2019-01-23","purchased_purges":1,"victory":false,"max_hp_per_floor":[70,70,65,65,65,65,65,65,65,65,65,65,65,65,65,65,65,65,65,65,65,70,70,70,70,70,70,70,70,70,70,70,70],"card_choices":[{"not_picked":["Flying Knee","Poisoned Stab"],"picked":"Backflip","floor":1},{"not_picked":["Quick Slash","Dash"],"picked":"Cloak And Dagger","floor":5},{"not_picked":["Poisoned Stab","Dodge and Roll"],"picked":"All Out Attack","floor":10},{"not_picked":["Backflip","Sucker Punch"],"picked":"Infinite Blades","floor":12},{"not_picked":["Acrobatics","Phantasmal Killer"],"picked":"Infinite Blades","floor":14},{"not_picked":["Die Die Die","Night Terror"],"picked":"Adrenaline","floor":16},{"not_picked":[],"picked":"Poisoned Stab+1","floor":18},{"not_picked":[],"picked":"Cloak And Dagger","floor":24},{"not_picked":[],"picked":"Bane+1","floor":28},{"not_picked":[],"picked":"Tools of the Trade","floor":31}],"player_experience":1318450,"relics_obtained":[{"floor":9,"key":"Ice Cream"},{"floor":10,"key":"Meat on the Bone"},{"floor":26,"key":"Molten Egg 2"}],"event_choices":[{"damage_healed":0,"gold_gain":75,"player_choice":"Gather Gold","damage_taken":11,"max_hp_gain":0,"max_hp_loss":0,"event_name":"World of Goop","floor":2,"gold_loss":0},{"damage_healed":0,"gold_gain":0,"player_choice":"Lose Max HP","damage_taken":0,"relics_obtained":["Golden Idol"],"max_hp_gain":0,"max_hp_loss":5,"event_name":"Golden Idol","floor":3,"gold_loss":0},{"damage_healed":0,"gold_gain":0,"player_choice":"Success","damage_taken":3,"relics_obtained":["Snake Skull"],"max_hp_gain":0,"max_hp_loss":0,"event_name":"Scrap Ooze","floor":11,"gold_loss":0},{"damage_healed":0,"gold_gain":0,"player_choice":"Traded Relic","damage_taken":0,"relics_obtained":["Nloth\u0027s Gift"],"max_hp_gain":0,"max_hp_loss":0,"event_name":"N\u0027loth","floor":19,"relics_lost":["Golden Idol"],"gold_loss":0},{"damage_healed":0,"gold_gain":0,"player_choice":"Opened","damage_taken":0,"relics_obtained":["Gremlin Horn"],"max_hp_gain":0,"max_hp_loss":0,"event_name":"The Mausoleum","floor":20,"gold_loss":0,"cards_obtained":["Writhe"]},{"damage_healed":0,"gold_gain":0,"player_choice":"Shed Blood","damage_taken":16,"max_hp_gain":5,"max_hp_loss":0,"event_name":"Forgotten Altar","floor":22,"gold_loss":0}],"is_beta":false,"boss_relics":[{"not_picked":["Ectoplasm","Lizard Tail"],"picked":"Busted Crown"}],"items_purged_floors":[21],"is_endless":false,"potions_floor_spawned":[5,10,12,16,18,28],"killed_by":"Automaton","ascension_level":0}