{"path_per_floor":["M","M","?","?","M","E","R","E","T","E","?","E","$","E","R","B",null,"M","?","?","M","M","R","M","E","T","E","?","R","E","M","R","B",null,"M","M","M","?","?","E","T","E","T","R","E","M","E","?","R","B"],"character_chosen":"THE_SILENT","items_purchased":["Kunai"],"gold_per_floor":[114,129,129,129,144,174,174,204,204,234,184,214,14,44,44,144,144,144,144,144,144,144,144,144,144,144,144,144,144,144,144,144,144,144,144,144,144,144,144,144,144,144,144,144,144,144,144,144,144,144],"floor_reached":51,"campfire_rested":1,"playtime":2353,"current_hp_per_floor":[69,69,62,48,48,60,60,44,44,46,46,45,45,47,47,49,70,70,70,70,53,42,42,49,37,37,39,39,60,58,50,50,52,70,70,70,70,70,61,63,63,65,65,65,70,70,70,66,66,70],"items_purged":[],"gold":144,"score":1359,"play_id":"f281ba0f-0aa6-4097-889c-a31e7262f056","local_time":"20180420220715","daily_mods":["Shiny","Time Dilation","Elite Swarm"],"is_prod":false,"is_daily":true,"chose_seed":false,"is_ascension_mode":false,"campfire_upgraded":3,"timestamp":1524283635,"path_taken":["M","M","?","?","M","E","R","E","T","E","?","E","$","E","R","BOSS","M","?","?","M","M","R","M","E","T","E","?","R","E","?","R","BOSS","M","M","M","?","?","E","?","E","T","R","E","?","E","?","R","BOSS"],"build_version":"2018-04-19","seed_source_timestamp":0,"purchased_purges":0,"victory":true,"master_deck":["Adrenaline+1","Envenom","Doppelganger","Burst","Wraith Form v2","Venomology","Tools of the Trade","Night Terror","Phantasmal Killer","Unload+1","After Image+1","Tactician","Bullet Time+1","Glass Knife+1","Die Die Die+1","Eviscerate","Finisher","Adrenaline+1","Glass Knife","Tactician","Adrenaline+1","Flying Knee","Eviscerate","Dagger Throw","Glass Knife+1","After Image","Prepared","Acrobatics","Die Die Die+1","Malaise+1","Underhanded Strike+1","PiercingWail","Crippling Poison+1","Dagger Throw+1","Acrobatics+1","Madness","Madness","Backstab+1","Backflip+1"],"max_hp_per_floor":[70,70,70,70,70,70,70,70,70,70,70,70,70,70,70,70,70,70,70,70,70,70,70,70,70,70,70,70,70,70,70,70,70,70,70,70,70,70,70,70,70,70,70,70,70,70,70,70,70,70],"relics":["Ring of the Snake","Calipers","Paper Crane","Blood Vial","The Courier","Peace Pipe","Kunai","Bottled Lightning","Ectoplasm","Vajra","Molten Egg 2","Snake Skull","Matryoshka","Dead Branch","Orrery","Centennial Puzzle","Blue Candle","Shovel","Art of War","Bag of Preparation","Ornamental Fan","Bird Faced Urn","Shuriken","Whetstone","Gambling Chip","Lantern"],"card_choices":[{"not_picked":["Deadly Poison","Underhanded Strike"],"picked":"Eviscerate","floor":1},{"not_picked":["Bane","Backflip"],"picked":"Finisher","floor":5},{"not_picked":["Tools of the Trade","After Image"],"picked":"Adrenaline","floor":8},{"not_picked":["Storm of Steel","Tools of the Trade"],"picked":"Glass Knife","floor":14},{"not_picked":["Unload","Burst"],"picked":"Tactician","floor":16},{"not_picked":["Dagger Spray","Riddle With Holes"],"picked":"Flying Knee","floor":21},{"not_picked":["Sucker Punch","Bane"],"picked":"Eviscerate","floor":22},{"not_picked":["Dash","Skewer"],"picked":"Dagger Throw","floor":24},{"not_picked":["Phantasmal Killer","After Image"],"picked":"Glass Knife","floor":25},{"not_picked":["A Thousand Cuts","Tools of the Trade"],"picked":"After Image","floor":30},{"not_picked":["Bane","Sucker Punch"],"picked":"Prepared","floor":31},{"not_picked":["Underhanded Strike","Cloak And Dagger"],"picked":"Acrobatics","floor":34},{"not_picked":["Deflect","Noxious Fumes"],"picked":"Die Die Die","floor":34},{"not_picked":["Accuracy","Backflip"],"picked":"Malaise","floor":34},{"not_picked":["Noxious Fumes","Flechettes"],"picked":"Underhanded Strike","floor":34},{"not_picked":["Riddle With Holes","Outmaneuver"],"picked":"PiercingWail","floor":34},{"not_picked":["Poisoned Stab","Sucker Punch"],"picked":"Crippling Poison","floor":35},{"not_picked":["Outmaneuver","Flying Knee"],"picked":"Dagger Throw","floor":36},{"not_picked":["PiercingWail","Flechettes"],"picked":"Acrobatics","floor":37},{"not_picked":["Deflect","All Out Attack"],"picked":"Backstab","floor":46},{"not_picked":["Flying Knee","Noxious Fumes"],"picked":"Backflip","floor":48}],"player_experience":316499,"potions_floor_usage":[6,8,8,10,12,16,21,21,22,24,24,25,25,25,30,40,42,46,50,50,50,50],"damage_taken":[{"damage":1,"enemies":"Small Slimes","floor":1,"turns":3},{"damage":0,"enemies":"Cultist","floor":2,"turns":2},{"damage":0,"enemies":"Jaw Worm","floor":5,"turns":1},{"damage":0,"enemies":"Gremlin Nob","floor":6,"turns":4},{"damage":16,"enemies":"Lagavulin","floor":8,"turns":3},{"damage":0,"enemies":"Gremlin Nob","floor":10,"turns":2},{"damage":3,"enemies":"3 Sentries","floor":12,"turns":2},{"damage":0,"enemies":"Gremlin Nob","floor":14,"turns":2},{"damage":0,"enemies":"Slime Boss","floor":16,"turns":2},{"damage":0,"enemies":"Spheric Guardian","floor":18,"turns":2},{"damage":17,"enemies":"Shell Parasite","floor":21,"turns":3},{"damage":19,"enemies":"Snake Plant","floor":22,"turns":3},{"damage":4,"enemies":"Centurion and Healer","floor":24,"turns":4},{"damage":14,"enemies":"Slavers","floor":25,"turns":2},{"damage":0,"enemies":"Gremlin Leader","floor":27,"turns":3},{"damage":4,"enemies":"Book of Stabbing","floor":30,"turns":3},{"damage":10,"enemies":"Cultist and Chosen","floor":31,"turns":3},{"damage":0,"enemies":"Automaton","floor":33,"turns":5},{"damage":0,"enemies":"Orb Walker","floor":35,"turns":2},{"damage":0,"enemies":"3 Darklings","floor":36,"turns":1},{"damage":0,"enemies":"4 Shapes","floor":37,"turns":3},{"damage":0,"enemies":"Nemesis","floor":40,"turns":1},{"damage":0,"enemies":"Giant Head","floor":42,"turns":5},{"damage":0,"enemies":"Nemesis","floor":45,"turns":3},{"damage":0,"enemies":"Flame Bruiser 2 Orb","floor":46,"turns":1},{"damage":0,"enemies":"Giant Head","floor":47,"turns":2},{"damage":4,"enemies":"Mysterious Sphere","floor":48,"turns":2},{"damage":0,"enemies":"Time Eater","floor":50,"turns":7}],"event_choices":[{"event_name":"Golden Wing","player_choice":"Card Removal","floor":3,"damage_taken":0},{"event_name":"Shining Light","player_choice":"Entered Light","floor":4,"damage_taken":0},{"event_name":"The Cleric","player_choice":"Card Removal","floor":11,"damage_taken":0},{"event_name":"Accursed Blacksmith","player_choice":"Rummage","floor":19,"damage_taken":0},{"event_name":"Duplicator","player_choice":"One dupe","floor":20,"damage_taken":0},{"event_name":"Purifier","player_choice":"One Purge","floor":28,"damage_taken":0},{"event_name":"Winding Halls","player_choice":"Embrace Madness","floor":39,"damage_taken":0},{"event_name":"Mysterious Sphere","player_choice":"Fight","floor":48,"damage_taken":0}],"boss_relics":[{"not_picked":["Snecko Eye","Tiny House"],"picked":"Ectoplasm"},{"not_picked":["Cursed Key","Calling Bell"],"picked":"Orrery"}],"potions_floor_spawned":[6,8,10,16,21,25,33,37,40,42],"seed_played":"1252752020569541507","ascension_level":0,"is_trial":false}