{"gold_per_floor":[119,5,5,21,21,55,55,85,110,125,141,141,241,261,261,364,364,383,403,6,25,25,89,89,89,89,89,103,117,146,163,163,163],"floor_reached":33,"playtime":2284,"items_purged":["Shame","Strike_R"],"score":381,"play_id":"3288d575-9dd2-452b-84e0-268afbbd75a5","local_time":"20190110203232","is_ascension_mode":true,"campfire_choices":[{"floor":7.0,"key":"REST"},{"data":"Shrug It Off","floor":12,"key":"SMITH"},{"data":"Pommel Strike","floor":15,"key":"SMITH"},{"data":"Bite","floor":24,"key":"SMITH"},{"data":"Bite","floor":27,"key":"SMITH"},{"data":"Bite","floor":32,"key":"SMITH"}],"neow_cost":"CURSE","seed_source_timestamp":1392245275866145,"circlet_count":0,"master_deck":["Defend_R+1","Defend_R","Defend_R+1","Defend_R","Bash","Anger+1","Battle Trance","Thunderclap","Pommel Strike+1","Shrug It Off+1","Bite","Bite","Bite+1","Bite+1","Bite+1","Shrug It Off","Headbutt+1","Warcry+1"],"special_seed":0,"relics":["Burning Blood","Pocketwatch","Art of War","Centennial Puzzle","Anchor","Busted Crown","War Paint","Tiny Chest","Bottled Lightning","Torii"],"potions_floor_usage":[11,18,30,31],"damage_taken":[{"damage":6.0,"enemies":"Cultist","floor":1.0,"turns":3.0},{"damage":6.0,"enemies":"2 Louse","floor":4.0,"turns":2.0},{"damage":40.0,"enemies":"Lagavulin","floor":6.0,"turns":4.0},{"damage":30.0,"enemies":"3 Sentries","floor":8.0,"turns":7.0},{"damage":0.0,"enemies":"Small Slimes","floor":10.0,"turns":2.0},{"damage":0,"enemies":"Gremlin Gang","floor":11,"turns":3},{"damage":4,"enemies":"3 Louse","floor":14,"turns":2},{"damage":46,"enemies":"Slime Boss","floor":16,"turns":8},{"damage":6,"enemies":"Spheric Guardian","floor":18,"turns":3},{"damage":7,"enemies":"2 Thieves","floor":19,"turns":3},{"damage":12,"enemies":"Centurion and Healer","floor":21,"turns":6},{"damage":46,"enemies":"Gremlin Leader","floor":23,"turns":7},{"damage":10,"enemies":"Shelled Parasite and Fungi","floor":28,"turns":3},{"damage":24,"enemies":"Sentry and Sphere","floor":29,"turns":5},{"damage":37,"enemies":"Slavers","floor":30,"turns":5},{"damage":10,"enemies":"Centurion and Healer","floor":31,"turns":6},{"damage":109,"enemies":"Collector","floor":33,"turns":7}],"seed_played":"-4258354388139420625","potions_obtained":[{"floor":4.0,"key":"Ancient Potion"},{"floor":8.0,"key":"Ancient Potion"},{"floor":10,"key":"Explosive Potion"},{"floor":14,"key":"Strength Potion"},{"floor":29,"key":"PowerPotion"},{"floor":30,"key":"EssenceOfSteel"}],"is_trial":false,"path_per_floor":["M","$","?","M","?","E","R","E","T","M","M","R","?","M","R","B",null,"M","M","$","M","?","E","R","?","T","R","M","M","E","M","R","B"],"character_chosen":"IRONCLAD","items_purchased":["Battle Trance","War Paint","Blood Vial"],"campfire_rested":1,"item_purchase_floors":[2,20,20],"current_hp_per_floor":[80,80,80,80,85,51,76,52,52,58,64,64,64,66,66,26,85,85,84,84,79,79,49,49,49,49,49,59,70,56,78,78,0],"gold":163,"neow_bonus":"ONE_RARE_RELIC","is_prod":false,"is_daily":false,"chose_seed":false,"campfire_upgraded":5,"win_rate":0,"timestamp":1547152352,"path_taken":["M","?","?","M","?","E","R","E","T","M","M","R","?","M","R","BOSS","M","M","$","?","?","E","R","?","T","R","M","M","E","M","R","BOSS"],"build_version":"2019-01-03v4","purchased_purges":2,"victory":false,"max_hp_per_floor":[80,80,80,80,85,85,85,85,85,85,85,85,85,85,85,85,85,85,85,85,85,85,85,85,85,85,85,85,85,85,85,85,85],"card_choices":[{"not_picked":["Rampage","Headbutt"],"picked":"Anger","floor":1.0},{"not_picked":["Sentinel","Rupture","Thunderclap"],"picked":"SKIP","floor":4.0},{"not_picked":["Feel No Pain","Wild Strike","Blood for Blood"],"picked":"SKIP","floor":6.0},{"not_picked":["Feel No Pain","Wild Strike","Blood for Blood"],"picked":"SKIP","floor":6.0},{"not_picked":["Feel No Pain","Wild Strike","Blood for Blood"],"picked":"SKIP","floor":6.0},{"not_picked":["Barricade","Bloodletting"],"picked":"Thunderclap","floor":8.0},{"not_picked":["Body Slam","Anger"],"picked":"Pommel Strike","floor":10},{"not_picked":["Sword Boomerang","Dark Embrace"],"picked":"Shrug It Off","floor":11},{"not_picked":["Body Slam","Reckless Charge","Flex"],"picked":"SKIP","floor":14},{"not_picked":["Blood for Blood"],"picked":"SKIP","floor":18},{"not_picked":["True Grit"],"picked":"SKIP","floor":19},{"not_picked":["Sever Soul+1"],"picked":"SKIP","floor":21},{"not_picked":["Sentinel"],"picked":"SKIP","floor":23},{"not_picked":[],"picked":"Shrug It Off","floor":28},{"not_picked":["True Grit"],"picked":"SKIP","floor":29},{"not_picked":[],"picked":"Headbutt+1","floor":30},{"not_picked":[],"picked":"Warcry+1","floor":31}],"player_experience":165954,"relics_obtained":[{"floor":6.0,"key":"Art of War"},{"floor":8.0,"key":"Centennial Puzzle"},{"floor":9.0,"key":"Anchor"},{"floor":23,"key":"Tiny Chest"},{"floor":26,"key":"Bottled Lightning"},{"floor":30,"key":"Torii"}],"event_choices":[{"damage_healed":0.0,"max_hp_gain":0.0,"max_hp_loss":0.0,"gold_gain":0.0,"event_name":"Living Wall","player_choice":"Grow","floor":3.0,"gold_loss":0.0,"damage_taken":0.0,"cards_upgraded":["Anger"]},{"damage_healed":0.0,"max_hp_gain":5.0,"max_hp_loss":0.0,"gold_gain":0.0,"event_name":"Big Fish","player_choice":"Donut","floor":5.0,"gold_loss":0.0,"damage_taken":0.0},{"damage_healed":0,"gold_gain":100,"player_choice":"Pray","damage_taken":0,"max_hp_gain":0,"max_hp_loss":0,"event_name":"Golden Shrine","floor":13,"gold_loss":0},{"damage_healed":0,"gold_gain":0,"player_choice":"Became a vampire (Vial)","damage_taken":0,"max_hp_gain":0,"max_hp_loss":0,"event_name":"Vampires","floor":22,"relics_lost":["Blood Vial"],"gold_loss":0,"cards_obtained":["Bite","Bite","Bite","Bite","Bite"]},{"damage_healed":0,"gold_gain":0,"player_choice":"Ignored","damage_taken":0,"max_hp_gain":0,"max_hp_loss":0,"event_name":"N\u0027loth","floor":25,"gold_loss":0}],"is_beta":false,"boss_relics":[{"not_picked":["Philosopher\u0027s Stone","White Beast Statue"],"picked":"Busted Crown"}],"items_purged_floors":[2,20],"is_endless":false,"potions_floor_spawned":[4,8,10,14,29,30],"killed_by":"Collector","ascension_level":4}