{"path_per_floor":["M","M","M","M","M","E","M","R","T","?","?","E","M","M","R","B",null,"M","$","M","$","M","E","R","M","T","M","M","E","R","?","R","B",null,"M","M","?","$","M","R","M","M","T","M","E","M","M","M","R","B"],"character_chosen":"THE_SILENT","items_purchased":["Backflip","Prepared","Panache","Riddle With Holes","Footwork","Cloak And Dagger","Thinking Ahead"],"gold_per_floor":[114,129,144,159,174,204,219,219,219,219,219,249,264,309,309,409,409,424,115,130,12,27,57,57,72,97,112,127,157,157,157,157,257,257,272,287,287,26,41,41,56,71,71,86,116,131,146,161,161,161],"floor_reached":51,"campfire_rested":4,"playtime":1720,"current_hp_per_floor":[70,69,58,58,58,42,42,63,63,63,63,63,63,63,63,45,70,70,70,70,70,70,43,64,64,64,73,75,77,77,77,77,77,77,77,77,67,67,71,77,77,77,77,77,77,77,77,77,77,77],"items_purged":[],"gold":161,"score":966,"play_id":"bc28b2b9-7696-411b-b1cb-58521ae3964d","local_time":"20180508192922","daily_mods":["Heirloom","Binary","Vintage"],"is_prod":false,"is_daily":true,"chose_seed":false,"is_ascension_mode":false,"campfire_upgraded":3,"timestamp":1525829362,"path_taken":["M","M","M","M","M","E","M","R","T","?","?","E","M","M","R","BOSS","M","$","M","$","M","E","R","M","T","M","M","E","R","?","R","BOSS","M","M","?","$","M","R","M","M","T","M","E","M","M","M","R","BOSS"],"build_version":"2018-05-03","seed_source_timestamp":0,"purchased_purges":0,"victory":true,"master_deck":["Defend_G+1","Defend_G","Defend_G","Defend_G","Defend_G","Strike_G","Strike_G","Strike_G+1","Strike_G","Strike_G","Survivor","Neutralize+1","Tactician","Quick Slash+1","Die Die Die","Backflip","Prepared+1","Panache+1","Riddle With Holes","Footwork","Calculated Gamble+1","Sucker Punch","Unload+1","Thinking Ahead","Panache","Flash of Steel+1","Cloak And Dagger","Thinking Ahead","Choke+1","Dagger Spray+1","Malaise+1"],"max_hp_per_floor":[70,70,70,70,70,70,70,70,70,70,70,70,70,70,70,70,70,70,70,70,70,70,70,70,70,70,77,77,77,77,77,77,77,77,77,77,77,77,77,77,77,77,77,77,77,77,77,77,77,77],"relics":["Ring of the Snake","Torii","Shuriken","Ninja Scroll","Bag of Marbles","Bird Faced Urn","Tough Bandages","Ginger","Pen Nib","Happy Flower","Ancient Tea Set","Whetstone","Tiny Chest","Letter Opener","Philosopher\u0027s Stone","Dream Catcher","Darkstone Periapt","Juzu Bracelet","Centennial Puzzle","Gambling Chip","Art of War","Strawberry","Molten Egg 2","Mercury Hourglass","Calipers","Runic Dome","Paper Crane","Pantograph","Singing Bowl","Tingsha","Anchor","Blue Candle","War Paint","Prayer Wheel","Dead Branch","Oddly Smooth Stone","Lantern"],"card_choices":[{"not_picked":["Crippling Poison"],"picked":"Tactician","floor":6},{"not_picked":["Dash"],"picked":"Quick Slash","floor":12},{"not_picked":["Bullet Time"],"picked":"Die Die Die","floor":16},{"not_picked":["Dodge and Roll"],"picked":"Calculated Gamble","floor":23},{"not_picked":["Flechettes"],"picked":"Sucker Punch","floor":24},{"not_picked":["Burst"],"picked":"Unload","floor":33},{"not_picked":["Trip"],"picked":"Thinking Ahead","floor":37},{"not_picked":["Trip"],"picked":"Panache","floor":37},{"not_picked":["Deep Breath"],"picked":"Flash of Steel","floor":37},{"not_picked":["Deadly Poison"],"picked":"Choke","floor":40},{"not_picked":["Deflect"],"picked":"Dagger Spray","floor":45},{"not_picked":["PiercingWail"],"picked":"Malaise","floor":49}],"player_experience":362034,"potions_floor_usage":[6,12,12,16,16,22,33,33,50,50,50],"damage_taken":[{"damage":0,"enemies":"Small Slimes","floor":1,"turns":4},{"damage":1,"enemies":"Cultist","floor":2,"turns":5},{"damage":11,"enemies":"Jaw Worm","floor":3,"turns":2},{"damage":0,"enemies":"2 Fungi Beasts","floor":4,"turns":1},{"damage":0,"enemies":"Gremlin Gang","floor":5,"turns":3},{"damage":16,"enemies":"Lagavulin","floor":6,"turns":5},{"damage":0,"enemies":"Exordium Wildlife","floor":7,"turns":3},{"damage":0,"enemies":"3 Sentries","floor":12,"turns":4},{"damage":0,"enemies":"3 Louse","floor":13,"turns":2},{"damage":0,"enemies":"Blue Slaver","floor":14,"turns":1},{"damage":18,"enemies":"The Guardian","floor":16,"turns":10},{"damage":0,"enemies":"Spheric Guardian","floor":18,"turns":1},{"damage":0,"enemies":"Shell Parasite","floor":20,"turns":1},{"damage":0,"enemies":"Centurion and Healer","floor":22,"turns":2},{"damage":29,"enemies":"Book of Stabbing","floor":23,"turns":4},{"damage":0,"enemies":"Snecko","floor":25,"turns":2},{"damage":0,"enemies":"Sentry and Sphere","floor":27,"turns":3},{"damage":0,"enemies":"Snake Plant","floor":28,"turns":2},{"damage":0,"enemies":"Gremlin Leader","floor":29,"turns":4},{"damage":0,"enemies":"Automaton","floor":33,"turns":6},{"damage":0,"enemies":"3 Shapes","floor":35,"turns":1},{"damage":0,"enemies":"Orb Walker","floor":36,"turns":2},{"damage":0,"enemies":"Sphere and 2 Shapes","floor":39,"turns":2},{"damage":0,"enemies":"3 Darklings","floor":41,"turns":2},{"damage":0,"enemies":"4 Shapes","floor":42,"turns":1},{"damage":0,"enemies":"Sphere and 2 Shapes","floor":44,"turns":2},{"damage":0,"enemies":"Giant Head","floor":45,"turns":4},{"damage":0,"enemies":"3 Darklings","floor":46,"turns":1},{"damage":0,"enemies":"4 Shapes","floor":47,"turns":1},{"damage":0,"enemies":"Maw","floor":48,"turns":3},{"damage":0,"enemies":"Awakened One","floor":50,"turns":9}],"event_choices":[{"event_name":"The Lab","player_choice":"Got Potions","floor":10,"damage_taken":0},{"event_name":"The Woman in Blue","player_choice":"Bought 0 Potions","floor":11,"damage_taken":0},{"event_name":"Drug Dealer","player_choice":"Ignored","floor":31,"damage_taken":0},{"event_name":"SensoryStone","player_choice":"Memory 3","floor":37,"damage_taken":0}],"boss_relics":[{"not_picked":["Runic Pyramid","White Beast Statue"],"picked":"Philosopher\u0027s Stone"},{"not_picked":["Lizard Tail","Black Star"],"picked":"Runic Dome"}],"potions_floor_spawned":[1,2,6,12,14,16,23,25,27,33,36,42,46,47],"seed_played":"-2911517459115267466","ascension_level":0,"is_trial":false}