{"gold_per_floor":[118,118,133,151,76,104,104,114,140,140,140,173,173,173],"floor_reached":14,"playtime":427,"items_purged":[],"score":196,"play_id":"132b7745-8da6-4174-816d-68228af67de9","local_time":"20190311201405","is_ascension_mode":true,"campfire_choices":[{"data":"Corruption","floor":7,"key":"SMITH"},{"floor":10,"key":"REST"}],"neow_cost":"NONE","seed_source_timestamp":425944640480200,"circlet_count":0,"master_deck":["AscendersBane","Strike_R","Strike_R","Strike_R","Strike_R","Defend_R","Defend_R","Defend_R","Bash","Heavy Blade","Rupture","Shrug It Off","Corruption+1","Dark Embrace"],"relics":["Burning Blood","NeowsBlessing","Bag of Preparation","Omamori","Anchor"],"potions_floor_usage":[6,12],"damage_taken":[{"damage":0,"enemies":"Jaw Worm","floor":1,"turns":1},{"damage":0,"enemies":"Cultist","floor":3,"turns":1},{"damage":0,"enemies":"Small Slimes","floor":4,"turns":1},{"damage":52,"enemies":"Gremlin Nob","floor":6,"turns":5},{"damage":1,"enemies":"Looter","floor":8,"turns":4},{"damage":52,"enemies":"Lagavulin","floor":12,"turns":9},{"damage":6,"enemies":"Exordium Wildlife","floor":14,"turns":3}],"seed_played":"-198551653481513754","potions_obtained":[{"floor":3,"key":"FearPotion"},{"floor":4,"key":"Weak Potion"}],"is_trial":false,"path_per_floor":["M","?","M","M","?","E","R","M","T","R","$","E","?","M"],"character_chosen":"IRONCLAD","items_purchased":[],"campfire_rested":1,"item_purchase_floors":[],"current_hp_per_floor":[74,74,75,75,75,29,29,34,34,56,56,10,5,0],"gold":173,"neow_bonus":"THREE_ENEMY_KILL","is_prod":false,"is_daily":false,"chose_seed":false,"campfire_upgraded":1,"win_rate":0,"timestamp":1552335245,"path_taken":["M","?","?","M","?","E","R","M","T","R","$","E","?","M"],"build_version":"2019-01-23","purchased_purges":0,"victory":false,"max_hp_per_floor":[75,75,75,75,75,75,75,75,75,75,75,75,75,75],"card_choices":[{"not_picked":["Clash","Perfected Strike"],"picked":"Heavy Blade","floor":1},{"not_picked":["Sword Boomerang","Thunderclap"],"picked":"Rupture","floor":3},{"not_picked":["Dual Wield","Clash"],"picked":"Shrug It Off","floor":4},{"not_picked":["Sword Boomerang","Pommel Strike"],"picked":"Corruption","floor":6},{"not_picked":["Disarm","Pummel","Battle Trance"],"picked":"SKIP","floor":8},{"not_picked":["Anger","Perfected Strike"],"picked":"Dark Embrace","floor":12}],"player_experience":397833,"relics_obtained":[{"floor":6,"key":"Bag of Preparation"},{"floor":9,"key":"Omamori"},{"floor":12,"key":"Anchor"}],"event_choices":[{"cards_removed":["Strike_R"],"damage_healed":0,"gold_gain":0,"player_choice":"Card Removal","damage_taken":0,"max_hp_gain":0,"max_hp_loss":0,"event_name":"Wheel of Change","floor":2,"gold_loss":0},{"cards_removed":["Defend_R"],"damage_healed":0,"gold_gain":0,"player_choice":"Card Removal","damage_taken":0,"max_hp_gain":0,"max_hp_loss":0,"event_name":"The Cleric","floor":5,"gold_loss":75},{"damage_healed":0,"gold_gain":0,"player_choice":"Fled","damage_taken":5,"max_hp_gain":0,"max_hp_loss":0,"event_name":"Scrap Ooze","floor":13,"gold_loss":0}],"is_beta":false,"boss_relics":[],"items_purged_floors":[],"is_endless":false,"potions_floor_spawned":[3,4],"killed_by":"Exordium Wildlife","ascension_level":20}