{"gold_per_floor":[17,17,17,17,37,37,56,56,56,75,85,105,118,131,131,131],"floor_reached":16,"playtime":493,"items_purged":[],"score":154,"play_id":"6947c5e2-ea2d-4efc-8182-0ce3d19f4a89","local_time":"20190117221656","is_ascension_mode":true,"campfire_choices":[{"data":"Madness","floor":6,"key":"SMITH"},{"data":"Panacea","floor":8,"key":"SMITH"},{"data":"Dark Embrace","floor":15,"key":"SMITH"}],"neow_cost":"NO_GOLD","seed_source_timestamp":2005234010796664,"circlet_count":0,"master_deck":["AscendersBane","Strike_R","Strike_R","Strike_R","Strike_R","Strike_R","Defend_R","Defend_R","Defend_R","Defend_R","Bash","Panacea+1","Madness+1","Battle Trance","Shrug It Off","Ghostly Armor","Flex","Cleave","Heavy Blade","Dark Embrace+1"],"relics":["Burning Blood","Mummified Hand"],"potions_floor_usage":[11,16],"damage_taken":[{"damage":13,"enemies":"Jaw Worm","floor":1,"turns":4},{"damage":6,"enemies":"2 Louse","floor":5,"turns":4},{"damage":1,"enemies":"Small Slimes","floor":7,"turns":4},{"damage":13,"enemies":"Blue Slaver","floor":10,"turns":3},{"damage":46,"enemies":"Exordium Thugs","floor":11,"turns":7},{"damage":10,"enemies":"Looter","floor":12,"turns":4},{"damage":6,"enemies":"Blue Slaver","floor":13,"turns":5},{"damage":6,"enemies":"Exordium Wildlife","floor":14,"turns":4},{"damage":40,"enemies":"Hexaghost","floor":16,"turns":9}],"seed_played":"-4170623554300641950","potions_obtained":[{"floor":10,"key":"Regen Potion"},{"floor":11,"key":"AttackPotion"},{"floor":12,"key":"SmokeBomb"}],"is_trial":false,"path_per_floor":["M","?","?","?","M","R","M","R","T","M","M","M","M","M","R","B"],"character_chosen":"IRONCLAD","items_purchased":[],"campfire_rested":0,"item_purchase_floors":[],"current_hp_per_floor":[65,65,65,70,70,70,75,75,75,68,43,39,39,39,39,0],"gold":131,"neow_bonus":"RANDOM_COLORLESS_2","is_prod":false,"is_daily":false,"chose_seed":false,"campfire_upgraded":3,"win_rate":0,"timestamp":1547763416,"path_taken":["M","?","?","?","M","R","M","R","T","M","M","M","M","M","R","BOSS"],"build_version":"2019-01-10","purchased_purges":0,"victory":false,"max_hp_per_floor":[80,80,80,85,85,85,85,85,85,85,85,85,85,85,85,85],"card_choices":[{"not_picked":["True Grit","Thunderclap"],"picked":"Battle Trance","floor":1},{"not_picked":["Bloodletting","Heavy Blade","Warcry"],"picked":"SKIP","floor":5},{"not_picked":["Power Through","Havoc"],"picked":"Shrug It Off","floor":7},{"not_picked":["Thunderclap","Shrug It Off"],"picked":"Ghostly Armor","floor":10},{"not_picked":["Heavy Blade","Clothesline"],"picked":"Flex","floor":11},{"not_picked":["Bloodletting","Entrench"],"picked":"Cleave","floor":12},{"not_picked":["Iron Wave","Sword Boomerang"],"picked":"Heavy Blade","floor":13},{"not_picked":["Sword Boomerang","Burning Pact"],"picked":"Dark Embrace","floor":14}],"player_experience":403064,"relics_obtained":[{"floor":9,"key":"Mummified Hand"}],"event_choices":[{"damage_healed":0,"gold_gain":0,"player_choice":"Ignored","damage_taken":0,"max_hp_gain":0,"max_hp_loss":0,"event_name":"Liars Game","floor":2,"gold_loss":0},{"damage_healed":0,"gold_gain":0,"player_choice":"Leave","damage_taken":0,"max_hp_gain":0,"max_hp_loss":0,"event_name":"The Cleric","floor":3,"gold_loss":0},{"damage_healed":0,"gold_gain":0,"player_choice":"Donut","damage_taken":0,"max_hp_gain":5,"max_hp_loss":0,"event_name":"Big Fish","floor":4,"gold_loss":0}],"is_beta":false,"boss_relics":[],"items_purged_floors":[],"is_endless":false,"potions_floor_spawned":[10,11,12],"killed_by":"Hexaghost","ascension_level":12}