{"gold_per_floor":[119,129,140,140,90,90,124,124,193,229,229,229,248,271,271,391,391,382,398,398,413,413],"floor_reached":22,"playtime":2139,"items_purged":[],"score":270,"play_id":"f9da34cd-914f-4bf0-9091-2ee662b1d59e","local_time":"20190427004933","is_ascension_mode":true,"campfire_choices":[{"data":"Bash","floor":6,"key":"SMITH"},{"floor":8,"key":"REST"},{"floor":12,"key":"REST"},{"data":"True Grit","floor":15,"key":"SMITH"}],"neow_cost":"PERCENT_DAMAGE","seed_source_timestamp":2858957164796615,"circlet_count":0,"master_deck":["Strike_R","Strike_R","Defend_R","Defend_R","Defend_R+1","Defend_R","Bash+1","Clothesline","Pommel Strike+1","Sword Boomerang","Demon Form","True Grit+1","Headbutt","Dark Embrace","Flame Barrier+1","Body Slam+1"],"relics":["Burning Blood","Golden Idol","Ancient Tea Set","Pantograph","Smiling Mask","Empty Cage"],"potions_floor_usage":[14,16,16],"damage_taken":[{"damage":1,"enemies":"Cultist","floor":1,"turns":3},{"damage":0,"enemies":"Small Slimes","floor":2,"turns":3},{"damage":6,"enemies":"2 Louse","floor":3,"turns":3},{"damage":50,"enemies":"3 Sentries","floor":7,"turns":13},{"damage":14,"enemies":"Gremlin Nob","floor":10,"turns":4},{"damage":5,"enemies":"Red Slaver","floor":13,"turns":3},{"damage":11,"enemies":"3 Louse","floor":14,"turns":3},{"damage":55,"enemies":"Slime Boss","floor":16,"turns":11},{"damage":26,"enemies":"2 Thieves","floor":18,"turns":4},{"damage":23,"enemies":"Spheric Guardian","floor":19,"turns":8},{"damage":17,"enemies":"Cultist and Chosen","floor":21,"turns":8},{"damage":29,"enemies":"Shelled Parasite and Fungi","floor":22,"turns":5}],"seed_played":"6069813166265462873","potions_obtained":[{"floor":7,"key":"LiquidBronze"},{"floor":10,"key":"PowerPotion"},{"floor":13,"key":"Ancient Potion"},{"floor":21,"key":"Strength Potion"}],"is_trial":false,"path_per_floor":["M","M","M","?","?","R","E","R","T","E","?","R","M","M","R","B",null,"M","M","?","M","M"],"character_chosen":"IRONCLAD","items_purchased":[],"campfire_rested":2,"item_purchase_floors":[],"current_hp_per_floor":[77,83,83,59,59,59,15,43,43,35,16,44,45,40,40,16,76,56,39,39,28,0],"gold":413,"neow_bonus":"TWENTY_PERCENT_HP_BONUS","is_prod":false,"is_daily":false,"chose_seed":false,"campfire_upgraded":2,"win_rate":0,"timestamp":1556344173,"path_taken":["M","M","M","?","?","R","E","R","T","E","?","R","M","M","R","BOSS","M","M","?","?","M"],"build_version":"2019-01-23","purchased_purges":0,"victory":false,"max_hp_per_floor":[96,96,96,96,96,96,96,96,96,96,96,96,96,96,96,96,96,96,96,96,96,96],"card_choices":[{"not_picked":["Anger","Heavy Blade"],"picked":"Clothesline","floor":1},{"not_picked":["Heavy Blade","Dropkick","Blood for Blood"],"picked":"SKIP","floor":2},{"not_picked":["Flex","Rage"],"picked":"Pommel Strike","floor":3},{"not_picked":["Exhume","Perfected Strike"],"picked":"Sword Boomerang","floor":7},{"not_picked":["Flex","Heavy Blade"],"picked":"Demon Form","floor":10},{"not_picked":["Sever Soul","Flame Barrier"],"picked":"True Grit","floor":13},{"not_picked":["True Grit","Havoc"],"picked":"Headbutt","floor":14},{"not_picked":["Double Tap","Barricade"],"picked":"Dark Embrace","floor":16},{"not_picked":["Flex","Iron Wave"],"picked":"Flame Barrier+1","floor":18},{"not_picked":["Ghostly Armor","Iron Wave"],"picked":"Body Slam+1","floor":19},{"not_picked":["Iron Wave","Sword Boomerang+1","Twin Strike"],"picked":"SKIP","floor":21}],"player_experience":240529,"relics_obtained":[{"floor":7,"key":"Ancient Tea Set"},{"floor":9,"key":"Pantograph"},{"floor":10,"key":"Smiling Mask"}],"event_choices":[{"damage_healed":0,"gold_gain":0,"player_choice":"Take Damage","damage_taken":24,"relics_obtained":["Golden Idol"],"max_hp_gain":0,"max_hp_loss":0,"event_name":"Golden Idol","floor":4,"gold_loss":0},{"cards_removed":["Strike_R"],"damage_healed":0,"gold_gain":0,"player_choice":"Card Removal","damage_taken":0,"max_hp_gain":0,"max_hp_loss":0,"event_name":"The Cleric","floor":5,"gold_loss":50},{"damage_healed":0,"gold_gain":0,"player_choice":"Entered Light","damage_taken":19,"max_hp_gain":0,"max_hp_loss":0,"event_name":"Shining Light","floor":11,"gold_loss":0,"cards_upgraded":["Defend_R","Pommel Strike"]},{"damage_healed":0,"gold_gain":0,"player_choice":"0 cards matched","damage_taken":0,"max_hp_gain":0,"max_hp_loss":0,"event_name":"Match and Keep!","floor":20,"gold_loss":0,"cards_obtained":[]}],"is_beta":false,"boss_relics":[{"not_picked":["Fusion Hammer","Busted Crown"],"picked":"Empty Cage"}],"items_purged_floors":[],"is_endless":false,"potions_floor_spawned":[7,10,13,21],"killed_by":"Shelled Parasite and Fungi","ascension_level":5}