{"gold_per_floor":[111,61,7,26,45,79,106,139,139,171,200,231,264,5,5,103,103,123,3,3,3,3,35,35,64,132,160,68,95,95,20,20,122,122,142,142,92,92,92,119,148,177,177,203,271,303,338,358,358,358],"floor_reached":51,"playtime":2669,"items_purged":["Barricade","Infernal Blade","Strike_G","Strike_B"],"score":1572,"play_id":"d4eb39c7-1087-4248-bcee-a7babe76f71c","local_time":"20190128212059","daily_mods":["SealedDeck","Chimera","Flight","Elite Swarm"],"is_ascension_mode":false,"campfire_choices":[{"floor":15,"key":"REST"},{"data":"Corruption","floor":24,"key":"SMITH"},{"data":"Sentinel","floor":32,"key":"SMITH"},{"data":"Barricade","floor":49,"key":"SMITH"}],"neow_cost":"","seed_source_timestamp":0,"circlet_count":0,"master_deck":["Survivor+1","Zap+1","Defend_R+1","Defend_G+1","Defend_B+1","Anger+1","True Grit+1","Ghostly Armor+1","Clash+1","Flex+1","Bloodletting+1","Rage+1","Sentinel+1","Corruption+1","Ghostly Armor+1","Feel No Pain+1","Exhume+1","Impervious+1","Clash+1","Anger+1","Swift Strike+1","Double Tap+1","Berserk+1","True Grit+1","Impervious+1","Impervious","Barricade+1"],"relics":["Unceasing Top","Dream Catcher","The Courier","Shovel","Pen Nib","Champion Belt","Bottled Tornado","Mercury Hourglass","Turnip","Smiling Mask","Shuriken","Sozu","Bird Faced Urn","Centennial Puzzle","Pantograph","Mango","Happy Flower","MutagenicStrength","Runic Dome","Mark of the Bloom","Thread and Needle","Vajra","Self Forming Clay","Meat on the Bone","Blood Vial","Singing Bowl","Potion Belt","Ice Cream"],"potions_floor_usage":[],"damage_taken":[{"damage":3,"enemies":"Small Slimes","floor":1,"turns":2},{"damage":3,"enemies":"Cultist","floor":4,"turns":4},{"damage":0,"enemies":"Jaw Worm","floor":5,"turns":4},{"damage":3,"enemies":"Lagavulin","floor":6,"turns":2},{"damage":3,"enemies":"Gremlin Nob","floor":7,"turns":2},{"damage":6,"enemies":"3 Sentries","floor":8,"turns":13},{"damage":3,"enemies":"Gremlin Nob","floor":10,"turns":4},{"damage":3,"enemies":"Lagavulin","floor":11,"turns":3},{"damage":0,"enemies":"Gremlin Nob","floor":12,"turns":4},{"damage":3,"enemies":"3 Sentries","floor":13,"turns":4},{"damage":24,"enemies":"The Guardian","floor":16,"turns":3},{"damage":3,"enemies":"Shell Parasite","floor":18,"turns":2},{"damage":3,"enemies":"Slavers","floor":23,"turns":3},{"damage":3,"enemies":"Gremlin Leader","floor":25,"turns":2},{"damage":6,"enemies":"Slavers","floor":27,"turns":1},{"damage":3,"enemies":"Gremlin Leader","floor":29,"turns":1},{"damage":3,"enemies":"Champ","floor":33,"turns":1},{"damage":3,"enemies":"3 Darklings","floor":35,"turns":1},{"damage":3,"enemies":"Reptomancer","floor":40,"turns":1},{"damage":6,"enemies":"Giant Head","floor":41,"turns":1},{"damage":3,"enemies":"Nemesis","floor":42,"turns":1},{"damage":3,"enemies":"Reptomancer","floor":44,"turns":1},{"damage":3,"enemies":"Giant Head","floor":46,"turns":1},{"damage":0,"enemies":"Reptomancer","floor":47,"turns":1},{"damage":3,"enemies":"3 Shapes","floor":48,"turns":1},{"damage":6,"enemies":"Time Eater","floor":50,"turns":6}],"seed_played":"2202216743043851617","potions_obtained":[{"floor":4,"key":"Strength Potion"},{"floor":5,"key":"SteroidPotion"},{"floor":6,"key":"Block Potion"}],"is_trial":true,"path_per_floor":["M","?","?","M","M","E","E","E","T","E","E","E","E","$","R","B",null,"M","$","?","?","$","E","R","E","T","E","$","E","?","?","R","B",null,"M","?","$","?","?","E","E","E","T","E","T","E","E","M","R","B",null],"character_chosen":"IRONCLAD","items_purchased":["Shuriken","Swift Strike","True Grit"],"campfire_rested":1,"item_purchase_floors":[14,19,28],"current_hp_per_floor":[77,77,77,74,74,71,68,62,62,59,56,56,53,53,77,53,80,77,77,77,77,77,74,74,75,75,89,89,92,92,92,92,91,94,91,91,91,89,89,86,80,77,77,74,74,71,71,68,68,62],"gold":358,"neow_bonus":"","is_prod":false,"is_daily":false,"chose_seed":true,"campfire_upgraded":3,"win_rate":0,"timestamp":1548710459,"path_taken":["M","?","?","?","?","E","E","E","T","E","E","E","E","$","R","BOSS","M","$","?","?","?","E","R","E","T","E","$","E","?","?","R","BOSS","M","?","$","?","?","E","E","E","T","E","?","E","E","M","R","BOSS"],"build_version":"2019-01-23","purchased_purges":4,"victory":true,"max_hp_per_floor":[80,80,80,80,80,80,80,80,80,80,80,80,80,80,80,80,80,80,80,80,80,80,80,80,80,80,94,94,94,94,94,94,94,94,94,94,94,89,89,89,89,89,89,89,89,91,93,95,95,95],"card_choices":[{"not_picked":["Iron Wave","Sword Boomerang","Heavy Blade"],"picked":"SKIP","floor":1},{"not_picked":["Headbutt","Blood for Blood"],"picked":"Ghostly Armor","floor":4},{"not_picked":["Reckless Charge","Infernal Blade"],"picked":"Feel No Pain","floor":5},{"not_picked":["Barricade","Brutality"],"picked":"Fiend Fire","floor":6},{"not_picked":["Demon Form","Impervious"],"picked":"Exhume","floor":7},{"not_picked":["Brutality","Reaper","Demon Form"],"picked":"SKIP","floor":8},{"not_picked":["Offering","Limit Break"],"picked":"Impervious","floor":10},{"not_picked":["Brutality","Reaper"],"picked":"Barricade","floor":11},{"not_picked":["Brutality","Bludgeon","Limit Break"],"picked":"SKIP","floor":12},{"not_picked":["Limit Break","Double Tap","Demon Form"],"picked":"SKIP","floor":13},{"not_picked":["Sword Boomerang","Spot Weakness"],"picked":"Clash","floor":15},{"not_picked":["Seeing Red","Hemokinesis"],"picked":"Anger","floor":18},{"not_picked":["Barricade","Juggernaut"],"picked":"Double Tap","floor":23},{"not_picked":["Dark Embrace","Limit Break"],"picked":"Berserk","floor":25},{"not_picked":["Double Tap","Dark Embrace","Limit Break"],"picked":"SKIP","floor":27},{"not_picked":["Reaper","Demon Form","Dark Embrace"],"picked":"SKIP","floor":29},{"not_picked":["Brutality","Barricade"],"picked":"Impervious","floor":33},{"not_picked":["Dual Wield+1","Evolve+1","Fire Breathing"],"picked":"SKIP","floor":35},{"not_picked":["Dark Embrace","Fiend Fire"],"picked":"Impervious","floor":40},{"not_picked":["Berserk","Brutality","Impervious"],"picked":"SKIP","floor":41},{"not_picked":["Exhume","Feed"],"picked":"Barricade","floor":42},{"not_picked":["Immolate","Dark Embrace","Reaper"],"picked":"SKIP","floor":44},{"not_picked":["Exhume","Fiend Fire","Immolate"],"picked":"Singing Bowl","floor":46},{"not_picked":["Bludgeon","Berserk","Exhume"],"picked":"Singing Bowl","floor":47},{"not_picked":["Reckless Charge+1","Warcry+1","Wild Strike"],"picked":"Singing Bowl","floor":48}],"player_experience":484782,"relics_obtained":[{"floor":6,"key":"The Courier"},{"floor":7,"key":"Shovel"},{"floor":8,"key":"Pen Nib"},{"floor":9,"key":"Champion Belt"},{"floor":10,"key":"Bottled Tornado"},{"floor":11,"key":"Mercury Hourglass"},{"floor":12,"key":"Turnip"},{"floor":13,"key":"Smiling Mask"},{"floor":23,"key":"Bird Faced Urn"},{"floor":25,"key":"Centennial Puzzle"},{"floor":26,"key":"Pantograph"},{"floor":27,"key":"Mango"},{"floor":29,"key":"Happy Flower"},{"floor":40,"key":"Thread and Needle"},{"floor":41,"key":"Vajra"},{"floor":42,"key":"Self Forming Clay"},{"floor":43,"key":"Meat on the Bone"},{"floor":44,"key":"Blood Vial"},{"floor":45,"key":"Singing Bowl"},{"floor":46,"key":"Potion Belt"},{"floor":47,"key":"Ice Cream"}],"event_choices":[{"cards_removed":["Bash"],"damage_healed":0,"gold_gain":0,"player_choice":"Card Removal","damage_taken":0,"max_hp_gain":0,"max_hp_loss":0,"event_name":"The Cleric","floor":2,"gold_loss":50},{"damage_healed":0,"gold_gain":0,"player_choice":"Paid Gold","damage_taken":0,"relics_obtained":["Dream Catcher"],"max_hp_gain":0,"max_hp_loss":0,"event_name":"WeMeetAgain","floor":3,"gold_loss":54},{"cards_removed":["Fiend Fire"],"damage_healed":0,"gold_gain":0,"player_choice":"Elegance","damage_taken":0,"max_hp_gain":0,"max_hp_loss":0,"event_name":"Back to Basics","floor":20,"gold_loss":0},{"damage_healed":0,"gold_gain":0,"player_choice":"Ignored","damage_taken":0,"max_hp_gain":0,"max_hp_loss":0,"event_name":"Ghosts","floor":21,"gold_loss":0},{"damage_healed":0,"gold_gain":0,"player_choice":"Inject Mutagens","damage_taken":0,"relics_obtained":["MutagenicStrength"],"max_hp_gain":0,"max_hp_loss":0,"event_name":"Drug Dealer","floor":30,"gold_loss":0},{"cards_removed":["Strike_R"],"damage_healed":0,"gold_gain":0,"player_choice":"Gave Gold","damage_taken":0,"max_hp_gain":0,"max_hp_loss":0,"event_name":"Beggar","floor":31,"gold_loss":75},{"damage_healed":0,"gold_gain":0,"player_choice":"Ignored","damage_taken":0,"max_hp_gain":0,"max_hp_loss":0,"event_name":"Tomb of Lord Red Mask","floor":36,"gold_loss":0},{"damage_healed":0,"gold_gain":0,"player_choice":"Max HP","damage_taken":0,"max_hp_gain":0,"max_hp_loss":5,"event_name":"Winding Halls","floor":38,"gold_loss":0},{"damage_healed":0,"gold_gain":0,"player_choice":"Upgrade","damage_taken":0,"relics_obtained":["Mark of the Bloom"],"max_hp_gain":0,"max_hp_loss":0,"event_name":"MindBloom","floor":39,"gold_loss":0,"cards_upgraded":["Survivor","Zap","Defend_R","Defend_G","Defend_B","Anger","True Grit","Ghostly Armor","Clash","Flex","Bloodletting","Rage","Ghostly Armor","Feel No Pain","Exhume","Impervious","Clash","Anger","Swift Strike","Double Tap","Berserk","True Grit","Impervious"]}],"is_beta":false,"boss_relics":[{"not_picked":["Eternal Feather","Cursed Key"],"picked":"Sozu"},{"not_picked":["Mark of Pain","Fusion Hammer"],"picked":"Runic Dome"}],"items_purged_floors":[14,19,28,37],"is_endless":false,"potions_floor_spawned":[4,5,6,8,11,13,18,25,41,42,46,47,48],"ascension_level":0}