{"path_per_floor":["M","?","M","M","M","R","E","R","T","?","R","M","R","$","R","B",null,"M","T","M","?","M","R","M","?","T","$","M","M","M","M","R","B",null,"M","?","M","M","$","R","M","E","T","?","R","?","?","M","R","B"],"character_chosen":"THE_SILENT","items_purchased":["Outmaneuver","Wraith Form","Apotheosis","Burst","Bottled Lightning"],"gold_per_floor":[116,116,132,152,176,176,217,217,217,217,217,235,235,70,70,198,198,216,216,241,241,257,257,271,471,471,68,80,95,113,132,132,234,234,250,250,263,277,38,38,50,84,84,0,0,0,0,17,17,17],"floor_reached":51,"campfire_rested":1,"playtime":6679,"current_hp_per_floor":[70,65,65,65,62,62,50,50,50,50,50,50,50,50,50,34,65,54,54,54,54,59,59,52,57,57,57,61,44,12,16,35,39,65,65,57,62,51,51,51,56,61,61,61,61,61,61,65,65,65],"items_purged":["Strike_G"],"gold":17,"score":584,"play_id":"9b5c9178-1cc8-48b9-ba81-2b71f5517286","local_time":"20180309215921","is_prod":false,"is_daily":false,"is_ascension_mode":true,"campfire_upgraded":9,"timestamp":1520629161,"path_taken":["M","?","M","M","M","R","E","R","T","?","R","M","R","?","R","BOSS","M","?","M","?","M","R","M","?","T","$","M","M","?","?","R","BOSS","M","?","M","M","$","R","M","E","T","?","R","?","?","?","R","BOSS"],"build_version":"2018-03-01-PROD1","purchased_purges":1,"victory":true,"master_deck":["Survivor+1","Neutralize+1","Dagger Throw","Dagger Throw+1","Calculated Gamble+1","Quick Slash+1","Acrobatics+1","Outmaneuver","Wraith Form+1","A Thousand Cuts+1","Noxious Fumes+1","Dodge and Roll+1","Backflip","Prepared","Apotheosis+1","Burst","Prepared+1","Deadly Poison+1","Backflip","Acrobatics","After Image+1","Dagger Throw","Underhanded Strike","Acrobatics","Prepared","Dodge and Roll","Flying Knee","Choke","Deflect","Leg Sweep+1","Madness+1","Madness","Blur+1"],"max_hp_per_floor":[70,65,65,65,65,65,65,65,65,65,65,65,65,65,65,65,65,65,65,65,65,65,65,65,65,65,65,65,65,65,65,65,65,65,65,65,65,65,65,65,65,65,65,65,65,65,65,65,65,65],"relics":["Ring of the Snake","Bloody Idol","Mercury Hourglass","Matryoshka","Sozu","Happy Flower","Paper Crane","Torii","Whetstone","Pandora\u0027s Box","Bottled Lightning","Blood Vial","Thread and Needle","Red Mask"],"card_choices":[{"not_picked":["Underhanded Strike","Bane"],"picked":"Dagger Throw"},{"not_picked":["Flying Knee","Reflex"],"picked":"Dagger Throw"},{"not_picked":["Flying Knee","Deadly Poison"],"picked":"Calculated Gamble"},{"not_picked":["Masterful Stab","Dagger Spray"],"picked":"Quick Slash"},{"not_picked":["Flying Knee","Bane"],"picked":"Acrobatics"},{"not_picked":["Corpse Explosion","Unload"],"picked":"A Thousand Cuts"},{"not_picked":["Outmaneuver","Deadly Poison"],"picked":"Noxious Fumes"},{"not_picked":["PiercingWail","Bane"],"picked":"Dodge and Roll"},{"not_picked":["Poisoned Stab","Predator"],"picked":"Backflip"},{"not_picked":["Underhanded Strike","Poisoned Stab"],"picked":"Prepared"},{"not_picked":["Endless Agony","Calculated Gamble"],"picked":"Prepared"},{"not_picked":["PiercingWail","Dodge and Roll"],"picked":"Deadly Poison"},{"not_picked":["Slice","Outmaneuver"],"picked":"Backflip"},{"not_picked":["Poisoned Stab","PiercingWail"],"picked":"Acrobatics"},{"not_picked":["A Thousand Cuts","Corpse Explosion"],"picked":"After Image"},{"not_picked":["Sucker Punch","Predator"],"picked":"Leg Sweep"},{"not_picked":["Backflip","Blade Dance"],"picked":"Blur"}],"player_experience":135951,"potions_floor_usage":[50,50],"damage_taken":[{"damage":0.0,"enemies":"2 Louse","floor":1.0,"turns":4.0},{"damage":0.0,"enemies":"Small Slimes","floor":3.0,"turns":4.0},{"damage":0.0,"enemies":"Cultist","floor":4.0,"turns":3.0},{"damage":3.0,"enemies":"Large Slime","floor":5.0,"turns":6.0},{"damage":12.0,"enemies":"Lagavulin","floor":7.0,"turns":8.0},{"damage":0.0,"enemies":"Exordium Wildlife","floor":12.0,"turns":2.0},{"damage":16.0,"enemies":"Hexaghost","floor":16.0,"turns":10.0},{"damage":11.0,"enemies":"Shell Parasite","floor":18.0,"turns":6.0},{"damage":0.0,"enemies":"Chosen","floor":20.0,"turns":5.0},{"damage":0.0,"enemies":"Centurion and Healer","floor":22.0,"turns":5.0},{"damage":12.0,"enemies":"3 Cultists","floor":24.0,"turns":5.0},{"damage":1.0,"enemies":"Sentry and Sphere","floor":28.0,"turns":5.0},{"damage":22,"enemies":"Snecko","floor":29,"turns":5},{"damage":37,"enemies":"Cultist and Chosen","floor":30,"turns":7},{"damage":1,"enemies":"Centurion and Healer","floor":31,"turns":5},{"damage":1,"enemies":"Champ","floor":33,"turns":8},{"damage":1,"enemies":"3 Darklings","floor":35,"turns":6},{"damage":0,"enemies":"3 Shapes","floor":37,"turns":5},{"damage":16,"enemies":"Sphere and 2 Shapes","floor":38,"turns":5},{"damage":0,"enemies":"Maw","floor":41,"turns":5},{"damage":0,"enemies":"Giant Head","floor":42,"turns":8},{"damage":0,"enemies":"4 Shapes","floor":48,"turns":5},{"damage":0,"enemies":"Time Eater","floor":50,"turns":13}],"event_choices":[{"event_name":"Golden Idol","player_choice":"Lose Max HP","floor":2.0,"damage_taken":0.0},{"event_name":"The Lab","player_choice":"Got Potions","floor":10.0,"damage_taken":0.0},{"event_name":"Forgotten Altar","player_choice":"Gave Idol","floor":21.0,"damage_taken":0.0},{"event_name":"Wheel of Change","player_choice":"Gold","floor":25.0,"damage_taken":0.0},{"event_name":"Winding Halls","player_choice":"Embrace Madness","floor":36,"damage_taken":0},{"event_name":"Tomb of Lord Red Mask","player_choice":"Paid","floor":44,"damage_taken":0},{"event_name":"Upgrade Shrine","player_choice":"Upgraded","floor":46,"damage_taken":0}],"boss_relics":[{"not_picked":["Question Card","The Specimen"],"picked":"Pandora\u0027s Box"}],"potions_floor_spawned":[3,7,12,20,28,30,35,41,48],"seed_played":"8498704063700488737","ascension_level":1,"is_trial":false}