{"path_per_floor":["M","?","?","?","$","E","M","M","T","R","E","M","M","E","R","B",null,"M","$","?","?","M","R","E","R","T","?","E","M","M","M","R","B",null,"M","M","?","?","$","E","R","M","T","R","M","E","M","M","R","B"],"character_chosen":"THE_SILENT","items_purchased":["Panache","Infinite Blades","Mind Blast","Caltrops"],"gold_per_floor":[112,112,112,287,2,29,48,58,83,83,113,131,145,172,172,276,276,286,106,21,21,31,31,64,64,119,119,150,169,184,194,194,290,290,304,314,314,314,12,44,44,57,57,57,77,110,124,136,136,136],"floor_reached":51,"campfire_rested":2,"playtime":5695,"current_hp_per_floor":[70,70,56,56,56,36,32,32,32,53,48,48,48,46,46,46,70,67,67,67,67,67,67,64,64,64,64,62,62,56,56,56,56,70,70,69,59,59,59,59,59,57,57,57,49,47,43,43,64,47],"items_purged":["Doubt","Strike_G","Strike_G"],"gold":136,"play_id":"ce667627-f1fb-44b7-b7b7-c13d33ea5710","is_prod":false,"is_daily":false,"campfire_rituals":0,"campfire_upgraded":6,"is_hardmode":false,"path_taken":["M","?","?","?","$","E","M","M","T","R","E","M","?","E","R","BOSS","M","$","?","?","M","R","E","R","T","?","E","M","M","?","R","BOSS","M","M","?","?","$","E","R","M","T","R","M","E","?","?","R","BOSS"],"build_version":"2018-01-04-PROD1","purchased_purges":3,"victory":true,"master_deck":["Defend_G","Defend_G","Defend_G","Strike_G","Strike_G","Survivor","Neutralize","Caltrops","Adrenaline","Panache","Well Laid Plans","Sucker Punch","Infinite Blades","Cloak And Dagger","Dagger Throw","After Image","Infinite Blades","Cloak And Dagger","Endless Agony","Blur","Caltrops","Infinite Blades","Backflip","Wraith Form","Prepared","Endless Agony","Madness","Mind Blast","Caltrops","Finisher","Storm of Steel","Cloak And Dagger","Finisher"],"max_hp_per_floor":[70,70,70,70,70,70,70,70,70,70,70,70,70,70,70,70,70,70,70,70,70,70,70,70,70,70,70,70,70,70,70,70,70,70,70,70,70,70,70,70,70,70,70,70,70,70,70,70,70,70],"relics":["Ring of the Snake","Dream Catcher","Bag of Preparation","War Paint","Sundial","Black Star","Oddly Smooth Stone","Lantern","Art of War","Ancient Tea Set","Tough Bandages","Shuriken","Question Card","Orichalcum","Molten Egg","Ornamental Fan","Kunai","Ninja Scroll"],"campfire_meditates":0,"card_choices":[{"not_picked":["Backflip","Slice"],"picked":"Caltrops"},{"not_picked":["Dagger Spray","Skewer"],"picked":"Well Laid Plans"},{"not_picked":["Crippling Poison","Poisoned Stab"],"picked":"Sucker Punch"},{"not_picked":["Acrobatics","Bouncing Flask"],"picked":"Infinite Blades"},{"not_picked":["Quick Slash","Outmaneuver"],"picked":"Cloak And Dagger"},{"not_picked":["Dodge and Roll","Dash"],"picked":"Dagger Throw"},{"not_picked":["Escape Plan","Deflect"],"picked":"After Image"},{"not_picked":["Bane","Noxious Fumes"],"picked":"Endless Agony"},{"not_picked":["Blur","Cloak And Dagger"],"picked":"Caltrops"},{"not_picked":["Quick Slash","Predator"],"picked":"Infinite Blades"},{"not_picked":["Underhanded Strike","Outmaneuver"],"picked":"Backflip"},{"not_picked":["Venomology","Tools of the Trade"],"picked":"Wraith Form"},{"not_picked":["Slice","Dagger Throw","Masterful Stab"],"picked":"Prepared"},{"not_picked":["Leg Sweep","Backstab","Poisoned Stab"],"picked":"Endless Agony"},{"not_picked":["Bouncing Flask","Caltrops","Prepared"],"picked":"Finisher"},{"not_picked":["Crippling Poison","Poisoned Stab","Dagger Spray"],"picked":"Storm of Steel"},{"not_picked":["Bane","Poisoned Stab","Catalyst"],"picked":"Cloak And Dagger"},{"not_picked":["Outmaneuver","A Thousand Cuts","Dagger Throw"],"picked":"Finisher"}],"player_experience":142684,"potions_floor_usage":[11,24,30,33,40,45,46,46],"damage_taken":[{"damage":0,"enemies":"Small Slimes","floor":1,"turns":7},{"damage":20,"enemies":"Lagavulin","floor":6,"turns":9},{"damage":4,"enemies":"Blue Slaver","floor":7,"turns":3},{"damage":0,"enemies":"Cultist","floor":8,"turns":2},{"damage":5,"enemies":"3 Sentries","floor":11,"turns":6},{"damage":0,"enemies":"2 Fungi Beasts","floor":12,"turns":3},{"damage":0,"enemies":"Looter","floor":13,"turns":2},{"damage":2,"enemies":"Lagavulin","floor":14,"turns":5},{"damage":0,"enemies":"Slime Boss","floor":16,"turns":9},{"damage":3,"enemies":"Spheric Guardian","floor":18,"turns":5},{"damage":0,"enemies":"Shell Parasite","floor":22,"turns":5},{"damage":3,"enemies":"Gremlin Leader","floor":24,"turns":6},{"damage":2,"enemies":"Slavers","floor":28,"turns":3},{"damage":0,"enemies":"Snake Plant","floor":29,"turns":3},{"damage":6,"enemies":"Chosen and Byrds","floor":30,"turns":5},{"damage":0,"enemies":"Centurion and Healer","floor":31,"turns":4},{"damage":0,"enemies":"Collector","floor":33,"turns":8},{"damage":0,"enemies":"3 Darklings","floor":35,"turns":5},{"damage":1,"enemies":"3 Shapes","floor":36,"turns":3},{"damage":0,"enemies":"Giant Head","floor":40,"turns":6},{"damage":2,"enemies":"3 Darklings","floor":42,"turns":4},{"damage":8,"enemies":"Sphere and 2 Shapes","floor":45,"turns":3},{"damage":2,"enemies":"2 Orb Walkers","floor":46,"turns":4},{"damage":4,"enemies":"4 Shapes","floor":47,"turns":11},{"damage":0,"enemies":"3 Darklings","floor":48,"turns":3},{"damage":17,"enemies":"Donu and Deca","floor":50,"turns":6}],"event_choices":[{"event_name":"Transmorgrifier","player_choice":"Transform","floor":2,"damage_taken":0},{"event_name":"Shining Light","player_choice":"Entered Light","floor":3,"damage_taken":0},{"event_name":"Liars Game","player_choice":"agreed","floor":4,"damage_taken":0},{"event_name":"Addict","player_choice":"Obtained Relic","floor":20,"damage_taken":0},{"event_name":"The Library","player_choice":"Read","floor":21,"damage_taken":0},{"event_name":"Transmorgrifier","player_choice":"Transform","floor":27,"damage_taken":0},{"event_name":"Winding Halls","player_choice":"Embrace Madness","floor":37,"damage_taken":0},{"event_name":"Purifier","player_choice":"One Purge","floor":38,"damage_taken":0}],"boss_relics":[{"not_picked":["White Beast Statue","Ectoplasm"],"picked":"Black Star"},{"not_picked":["The Specimen","Philosopher\u0027s Stone"],"picked":"Question Card"}],"potions_floor_spawned":[1,12,13,14,22,28,29,30,36,40,48],"seed_played":"-2119268942804078488","is_trial":false}