{"gold_per_floor":[113,113,113,128,128,153,172,187,211,228,245,245,263,110,110,214,214,227,227,27,47,47,47,63,95,167,167,182,182,31,46,46,143,143,161,180,35,35,35,35,47,59,59,59,71,71,71,106,106,106],"floor_reached":51,"playtime":2840,"items_purged":["Defend_B","Defend_B"],"score":1027,"play_id":"c2eed7d0-b3e9-4c9b-b148-f26be0e5d9cb","local_time":"20190114194903","is_ascension_mode":true,"campfire_choices":[{"floor":12,"key":"REST"},{"data":"Defragment","floor":15,"key":"SMITH"},{"data":"Capacitor","floor":23,"key":"SMITH"},{"data":"Conserve Battery","floor":27,"key":"SMITH"},{"data":"Cold Snap","floor":29,"key":"SMITH"},{"floor":32,"key":"REST"},{"floor":40,"key":"REST"},{"data":"Conserve Battery","floor":49,"key":"SMITH"}],"neow_cost":"NONE","seed_source_timestamp":1734785964526287,"circlet_count":0,"master_deck":["Defend_B","Zap","Dualcast","Cold Snap+1","Chill+1","Genetic Algorithm","Blizzard+1","Defragment+1","Conserve Battery+1","Steam Power","Cold Snap","Reboot","Double Energy+1","Recycle+1","Reboot+1","Capacitor+1","Conserve Battery","Barrage","Leap+1","Cold Snap","Conserve Battery","Conserve Battery+1","Redo","Redo","Compile Driver","Defragment+1","Stack+1","Reinforced Body+1"],"relics":["Runic Dome","Happy Flower","Lantern","Anchor","Astrolabe","ClockworkSouvenir","Dream Catcher","Bottled Lightning","Busted Crown","Shuriken","Unceasing Top"],"potions_floor_usage":[7,16,16,33,50],"damage_taken":[{"damage":1,"enemies":"Jaw Worm","floor":1,"turns":4},{"damage":5,"enemies":"Small Slimes","floor":4,"turns":4},{"damage":21,"enemies":"Gremlin Nob","floor":6,"turns":5},{"damage":0,"enemies":"Cultist","floor":7,"turns":4},{"damage":1,"enemies":"2 Fungi Beasts","floor":8,"turns":4},{"damage":10,"enemies":"Red Slaver","floor":10,"turns":4},{"damage":0,"enemies":"Exordium Wildlife","floor":11,"turns":4},{"damage":3,"enemies":"2 Fungi Beasts","floor":13,"turns":4},{"damage":15,"enemies":"Hexaghost","floor":16,"turns":12},{"damage":0,"enemies":"Shell Parasite","floor":18,"turns":5},{"damage":11,"enemies":"Spheric Guardian","floor":21,"turns":6},{"damage":7,"enemies":"Snake Plant","floor":24,"turns":7},{"damage":9,"enemies":"Gremlin Leader","floor":25,"turns":7},{"damage":0,"enemies":"Chosen and Byrds","floor":28,"turns":7},{"damage":5,"enemies":"Snecko","floor":31,"turns":7},{"damage":54,"enemies":"Automaton","floor":33,"turns":16},{"damage":18,"enemies":"3 Darklings","floor":35,"turns":5},{"damage":23,"enemies":"Orb Walker","floor":36,"turns":5},{"damage":0,"enemies":"Sphere and 2 Shapes","floor":41,"turns":5},{"damage":30,"enemies":"Transient","floor":42,"turns":5},{"damage":0,"enemies":"3 Darklings","floor":45,"turns":8},{"damage":0,"enemies":"Reptomancer","floor":48,"turns":11},{"damage":49,"enemies":"Time Eater","floor":50,"turns":28}],"seed_played":"7169561137103290564","potions_obtained":[{"floor":1,"key":"SmokeBomb"},{"floor":7,"key":"Fruit Juice"},{"floor":10,"key":"AttackPotion"},{"floor":11,"key":"Block Potion"},{"floor":18,"key":"SteroidPotion"},{"floor":24,"key":"Explosive Potion"},{"floor":31,"key":"SkillPotion"},{"floor":33,"key":"SpeedPotion"},{"floor":45,"key":"SkillPotion"}],"is_trial":false,"path_per_floor":["M","?","?","M","?","E","M","M","T","M","M","R","M","$","R","B",null,"M","?","$","M","?","R","M","E","T","R","M","R","$","M","R","B",null,"M","M","$","?","?","R","M","M","T","?","M","?","?","E","R","B",null],"character_chosen":"DEFECT","items_purchased":["Anchor","ClockworkSouvenir","Cold Snap","Conserve Battery","Compile Driver"],"campfire_rested":3,"item_purchase_floors":[14,20,30,30,37],"current_hp_per_floor":[67,60,60,55,40,19,24,23,23,13,13,37,34,34,34,19,65,65,65,65,54,80,80,73,64,64,64,64,64,64,59,80,26,67,49,26,26,26,26,50,50,20,20,70,70,70,70,70,70,21],"gold":106,"neow_bonus":"BOSS_RELIC","is_prod":false,"is_daily":false,"chose_seed":false,"campfire_upgraded":5,"win_rate":0,"timestamp":1547495343,"path_taken":["M","?","?","M","?","E","M","M","T","M","M","R","M","$","R","BOSS","M","?","?","M","?","R","?","E","T","R","M","R","$","M","R","BOSS","M","M","$","?","?","R","M","?","T","?","M","?","?","E","R","BOSS"],"build_version":"2019-01-10","purchased_purges":2,"victory":true,"max_hp_per_floor":[75,75,75,75,75,75,80,80,80,80,80,80,80,80,80,80,80,80,80,80,80,80,80,80,80,80,80,80,80,80,80,80,80,80,80,80,80,80,80,80,80,80,80,70,70,70,70,70,70,70],"card_choices":[{"not_picked":["Doom and Gloom","Beam Cell"],"picked":"Cold Snap","floor":1},{"not_picked":["Ball Lightning","Loop"],"picked":"Chill","floor":4},{"not_picked":["Chill","Loop"],"picked":"Genetic Algorithm","floor":6},{"not_picked":["Streamline","Double Energy"],"picked":"Blizzard","floor":7},{"not_picked":["Conserve Battery","Streamline"],"picked":"Defragment","floor":8},{"not_picked":["Gash","Loop"],"picked":"Conserve Battery","floor":10},{"not_picked":["Sweeping Beam","Beam Cell"],"picked":"Steam Power","floor":11},{"not_picked":["Melter","Compile Driver"],"picked":"Cold Snap","floor":13},{"not_picked":["Fission","Biased Cognition"],"picked":"Reboot","floor":16},{"not_picked":["Steam","Gash+1"],"picked":"Capacitor","floor":18},{"not_picked":["Sunder","Steam"],"picked":"Conserve Battery","floor":21},{"not_picked":["Fusion+1","Undo"],"picked":"Barrage","floor":24},{"not_picked":["Recycle+1","Go for the Eyes","Chaos"],"picked":"SKIP","floor":25},{"not_picked":["Hologram","Scrape"],"picked":"Leap+1","floor":28},{"not_picked":["Hello World","Leap"],"picked":"Conserve Battery","floor":31},{"not_picked":["Ball Lightning+1","Steam"],"picked":"Redo","floor":32},{"not_picked":[],"picked":"Redo","floor":35},{"not_picked":["Steam"],"picked":"SKIP","floor":36},{"not_picked":[],"picked":"Stack+1","floor":40},{"not_picked":["Hologram+1"],"picked":"SKIP","floor":41},{"not_picked":["Sweeping Beam+1"],"picked":"SKIP","floor":42},{"not_picked":[],"picked":"Reinforced Body+1","floor":45},{"not_picked":["Self Repair"],"picked":"SKIP","floor":48}],"player_experience":300087,"relics_obtained":[{"floor":6,"key":"Happy Flower"},{"floor":9,"key":"Lantern"},{"floor":25,"key":"Dream Catcher"},{"floor":26,"key":"Bottled Lightning"},{"floor":43,"key":"Shuriken"},{"floor":48,"key":"Unceasing Top"}],"event_choices":[{"cards_removed":["Strike_B"],"damage_healed":0,"gold_gain":0,"player_choice":"Card Removal","damage_taken":7,"max_hp_gain":0,"max_hp_loss":0,"event_name":"Golden Wing","floor":2,"gold_loss":0},{"damage_healed":0,"gold_gain":0,"player_choice":"Ignored","damage_taken":0,"max_hp_gain":0,"max_hp_loss":0,"event_name":"Liars Game","floor":3,"gold_loss":0},{"damage_healed":0,"gold_gain":0,"player_choice":"Entered Light","damage_taken":15,"max_hp_gain":0,"max_hp_loss":0,"event_name":"Shining Light","floor":5,"gold_loss":0,"cards_upgraded":["Chill","Strike_B"]},{"damage_healed":0,"gold_gain":0,"player_choice":"Forge","damage_taken":0,"max_hp_gain":0,"max_hp_loss":0,"event_name":"Accursed Blacksmith","floor":19,"gold_loss":0,"cards_upgraded":["Blizzard"]},{"damage_healed":26,"gold_gain":0,"player_choice":"Full Heal","damage_taken":0,"max_hp_gain":0,"max_hp_loss":0,"event_name":"Wheel of Change","floor":22,"gold_loss":0},{"damage_healed":0,"gold_gain":0,"player_choice":"Memory 1","damage_taken":0,"max_hp_gain":0,"max_hp_loss":0,"event_name":"SensoryStone","floor":38,"gold_loss":0},{"damage_healed":0,"gold_gain":0,"player_choice":"Copied","damage_taken":0,"max_hp_gain":0,"max_hp_loss":0,"event_name":"Duplicator","floor":39,"gold_loss":0,"cards_obtained":["Defragment"]},{"damage_healed":70,"gold_gain":0,"player_choice":"Heal","damage_taken":0,"max_hp_gain":0,"max_hp_loss":10,"event_name":"The Moai Head","floor":44,"gold_loss":0},{"cards_removed":["Strike_B"],"damage_healed":0,"gold_gain":0,"player_choice":"Removed Attack","damage_taken":0,"max_hp_gain":0,"max_hp_loss":0,"event_name":"Falling","floor":46,"gold_loss":0},{"damage_healed":0,"gold_gain":0,"player_choice":"Ignored","damage_taken":0,"max_hp_gain":0,"max_hp_loss":0,"event_name":"Mysterious Sphere","floor":47,"gold_loss":0}],"is_beta":false,"boss_relics":[{"not_picked":["Cursed Key","Runic Pyramid"],"picked":"Astrolabe"},{"not_picked":["Coffee Dripper","Philosopher\u0027s Stone"],"picked":"Busted Crown"}],"items_purged_floors":[30,37],"is_endless":false,"potions_floor_spawned":[1,7,10,11,18,24,31,33,35,45],"ascension_level":9}