{"path_per_floor":["M","$","?","?","M","R","E","?","T","$","?","M","M","M","R","B",null,"M","M","M","?","?"],"character_chosen":"THE_SILENT","items_purchased":["Prepared","Infinite Blades","Eviscerate","Panache"],"gold_per_floor":[117,67,67,67,85,85,124,374,374,9,9,22,35,53,53,176,176,176,176,176,101,101],"floor_reached":23,"campfire_rested":1,"playtime":1024,"current_hp_per_floor":[70,70,53,53,53,53,27,27,27,27,27,29,25,28,49,7,70,51,55,37,37,21],"items_purged":["Regret"],"gold":101,"score":220,"play_id":"9982827d-6c32-4170-b24b-6c602dc6c37d","is_prod":false,"is_daily":false,"is_ascension_mode":true,"campfire_upgraded":1,"path_taken":["M","$","?","?","M","R","E","?","T","$","?","M","M","M","R","BOSS","M","M","M","?","?","E"],"build_version":"2018-02-23-BETA1","purchased_purges":1,"victory":false,"master_deck":["Survivor","Neutralize","Masterful Stab","Underhanded Strike","Slice","Endless Agony","Finisher","Calculated Gamble+1","Heel Hook","Flying Knee","Quick Slash","Prepared","Riddle With Holes","Prepared","Infinite Blades","Eviscerate","Panache","Blur","Backflip"],"max_hp_per_floor":[70,70,70,70,70,70,70,70,70,70,70,70,70,70,70,70,70,70,70,70,70,70],"relics":["Pandora\u0027s Box","Golden Idol","Thread and Needle","Bird Faced Urn","Ectoplasm","Enchiridion"],"card_choices":[{"not_picked":["Caltrops","Deflect"],"picked":"Prepared"},{"not_picked":["Crippling Poison","Bane"],"picked":"Blur"},{"not_picked":["Quick Slash","Flying Knee"],"picked":"Concentrate"},{"not_picked":["Predator","Dagger Spray"],"picked":"Backflip"}],"player_experience":172044,"potions_floor_usage":[7,14,16,19,19,20],"damage_taken":[{"damage":0,"enemies":"Small Slimes","floor":1,"turns":2},{"damage":0,"enemies":"2 Louse","floor":5,"turns":1},{"damage":35,"enemies":"Lagavulin","floor":7,"turns":4},{"damage":0,"enemies":"Jaw Worm","floor":12,"turns":2},{"damage":6,"enemies":"Looter","floor":13,"turns":2},{"damage":1,"enemies":"Red Slaver","floor":14,"turns":3},{"damage":46,"enemies":"The Guardian","floor":16,"turns":8},{"damage":19,"enemies":"3 Byrds","floor":18,"turns":4},{"damage":0,"enemies":"Spheric Guardian","floor":19,"turns":3},{"damage":22,"enemies":"Snecko","floor":20,"turns":4},{"damage":32,"enemies":"Slavers","floor":23,"turns":2}],"event_choices":[{"event_name":"Golden Idol","player_choice":"Take Damage","floor":3,"damage_taken":0},{"event_name":"Transmorgrifier","player_choice":"Transform","floor":4,"damage_taken":0},{"event_name":"Golden Shrine","player_choice":"Desecrate","floor":8,"damage_taken":0},{"event_name":"The Cleric","player_choice":"Leave","floor":11,"damage_taken":0},{"event_name":"Beggar","player_choice":"Gave Gold","floor":21,"damage_taken":0},{"event_name":"Cursed Tome","player_choice":"Obtained Book","floor":22,"damage_taken":0}],"boss_relics":[{"not_picked":["Philosopher\u0027s Stone","Velvet Choker"],"picked":"Ectoplasm"}],"potions_floor_spawned":[5,7,14,16,18,19],"seed_played":"6853589685555880299","killed_by":"Slavers","ascension_level":3,"is_trial":false}