{"path_per_floor":["M","?","$","M","M","R","E","R","T","$","?","M","M","?","R","B",null,"M","M","?","M"],"character_chosen":"THE_SILENT","items_purchased":["Leg Sweep"],"gold_per_floor":[111,111,36,48,62,62,95,95,163,83,83,93,110,60,60,155,155,166,176,176,192,192],"floor_reached":22,"campfire_rested":0,"playtime":787,"current_hp_per_floor":[63,63,63,61,55,55,31,31,31,31,52,52,52,52,52,20,52,29,11,11,3,0],"items_purged":["Strike_G"],"gold":192,"score":270,"play_id":"11dc0989-787f-4d7e-9bc0-86848a36d6b4","local_time":"20180424114306","is_prod":false,"is_daily":false,"chose_seed":false,"is_ascension_mode":true,"campfire_upgraded":1,"timestamp":1524591786,"path_taken":["M","?","$","M","M","R","E","R","T","$","?","?","M","?","R","BOSS","M","M","?","M","M"],"build_version":"2018-04-19","seed_source_timestamp":13554117501581,"purchased_purges":1,"victory":false,"master_deck":["Defend_G","Defend_G","Defend_G","Defend_G","Strike_G","Strike_G","Strike_G","Survivor","Neutralize","Quick Slash","Infinite Blades+1","Madness","Dagger Spray","Infinite Blades","Backflip","Leg Sweep","Flying Knee","Adrenaline","Endless Agony","Blur","Leg Sweep","Riddle With Holes","Infinite Blades","Dodge and Roll+1"],"max_hp_per_floor":[63,63,63,63,63,63,63,63,63,63,63,63,63,63,63,63,63,63,63,63,63,63],"relics":["Ring of the Snake","Shovel","Ancient Tea Set","Centennial Puzzle","Mercury Hourglass","Ornamental Fan","Orrery"],"card_choices":[{"not_picked":["Acrobatics","Masterful Stab"],"picked":"Quick Slash","floor":1},{"not_picked":["Quick Slash","Underhanded Strike"],"picked":"Dagger Spray","floor":4},{"not_picked":["Underhanded Strike","Bane"],"picked":"Infinite Blades","floor":5},{"not_picked":["Concentrate","Phantasmal Killer"],"picked":"Backflip","floor":7},{"not_picked":["Quick Slash","Dodge and Roll"],"picked":"Flying Knee","floor":12},{"not_picked":["Doppelganger","Grand Finale"],"picked":"Adrenaline","floor":16},{"not_picked":["Outmaneuver","Bane"],"picked":"Endless Agony","floor":17},{"not_picked":["Deflect","Dash"],"picked":"Blur","floor":17},{"not_picked":["Malaise","Sucker Punch"],"picked":"Leg Sweep","floor":17},{"not_picked":["Flechettes","Reflex"],"picked":"Riddle With Holes","floor":17},{"not_picked":["Outmaneuver","Flying Knee"],"picked":"Infinite Blades","floor":19},{"not_picked":["Bane","Slice"],"picked":"Dodge and Roll","floor":21}],"player_experience":326290,"potions_floor_usage":[7,16,18,21],"damage_taken":[{"damage":0,"enemies":"Jaw Worm","floor":1,"turns":6},{"damage":2,"enemies":"Cultist","floor":4,"turns":4},{"damage":6,"enemies":"2 Louse","floor":5,"turns":3},{"damage":24,"enemies":"Gremlin Nob","floor":7,"turns":4},{"damage":0,"enemies":"2 Fungi Beasts","floor":12,"turns":2},{"damage":0,"enemies":"Looter","floor":13,"turns":3},{"damage":32,"enemies":"The Guardian","floor":16,"turns":14},{"damage":23,"enemies":"2 Thieves","floor":18,"turns":4},{"damage":18,"enemies":"Chosen","floor":19,"turns":6},{"damage":8,"enemies":"Centurion and Healer","floor":21,"turns":7},{"damage":7,"enemies":"Snake Plant","floor":22,"turns":5}],"event_choices":[{"event_name":"Match and Keep!","player_choice":"2 cards matched","floor":2,"damage_taken":0},{"event_name":"Big Fish","player_choice":"Banana","floor":11,"damage_taken":0},{"event_name":"The Cleric","player_choice":"Card Removal","floor":14,"damage_taken":0},{"event_name":"Back to Basics","player_choice":"Elegance","floor":20,"damage_taken":0}],"boss_relics":[{"not_picked":["White Beast Statue","Philosopher\u0027s Stone"],"picked":"Orrery"}],"potions_floor_spawned":[5,13,16,19],"seed_played":"-1067510557198837905","killed_by":"Snake Plant","ascension_level":9,"is_trial":false}