{"gold_per_floor":[215,233,246,40,40,40,69,69,69,109,128,28,28,68,68,198,261,284,304,229,229,248,248,17,32,83,83,103,103,146,159,159,159],"floor_reached":33,"playtime":1271,"items_purged":["Strike_R","Strike_R"],"score":442,"play_id":"a3e3191d-68a8-43c2-8292-d5315da1a9c9","local_time":"20190115232853","is_ascension_mode":true,"campfire_choices":[{"data":"Carnage","floor":6,"key":"SMITH"},{"floor":15,"key":"REST"},{"floor":23,"key":"REST"},{"floor":32,"key":"REST"}],"neow_cost":"NONE","seed_source_timestamp":1835966731888192,"circlet_count":0,"master_deck":["AscendersBane","Strike_R","Strike_R","Defend_R","Defend_R","Defend_R","Defend_R","Bash","Carnage+1","Cleave","Finesse","Dropkick","Anger","Shrug It Off","Carnage","Impervious","Armaments","Sentinel+1","Wild Strike+1","Necronomicurse","Reaper","Dark Shackles","Reaper","Flame Barrier+1"],"relics":["Burning Blood","Gremlin Horn","Golden Idol","Ancient Tea Set","Paper Frog","Tiny House","Necronomicon","Anchor","Magic Flower"],"potions_floor_usage":[7,14,18,31],"damage_taken":[{"damage":8,"enemies":"2 Louse","floor":1,"turns":4},{"damage":2,"enemies":"Jaw Worm","floor":2,"turns":3},{"damage":3,"enemies":"Small Slimes","floor":3,"turns":3},{"damage":20,"enemies":"Lagavulin","floor":7,"turns":3},{"damage":32,"enemies":"Gremlin Nob","floor":10,"turns":4},{"damage":3,"enemies":"Gremlin Gang","floor":11,"turns":4},{"damage":30,"enemies":"Lagavulin","floor":14,"turns":5},{"damage":55,"enemies":"Slime Boss","floor":16,"turns":9},{"damage":28,"enemies":"Chosen","floor":18,"turns":6},{"damage":15,"enemies":"2 Thieves","floor":19,"turns":5},{"damage":19,"enemies":"Snake Plant","floor":22,"turns":2},{"damage":0,"enemies":"Shelled Parasite and Fungi","floor":25,"turns":3},{"damage":0,"enemies":"Sentry and Sphere","floor":28,"turns":2},{"damage":15,"enemies":"Book of Stabbing","floor":30,"turns":5},{"damage":0,"enemies":"Snecko","floor":31,"turns":4},{"damage":156,"enemies":"Automaton","floor":33,"turns":12}],"seed_played":"-482374772588118966","potions_obtained":[{"floor":1,"key":"SteroidPotion"},{"floor":2,"key":"LiquidBronze"},{"floor":11,"key":"Regen Potion"},{"floor":17,"key":"SpeedPotion"},{"floor":22,"key":"Fire Potion"}],"is_trial":false,"path_per_floor":["M","M","M","$","?","R","E","?","T","E","M","$","?","E","R","B",null,"M","M","?","?","M","R","$","M","T","?","M","?","E","M","R","B"],"character_chosen":"IRONCLAD","items_purchased":["Finesse","Dropkick","Reaper","Dark Shackles"],"campfire_rested":3,"item_purchase_floors":[4,4,24,24],"current_hp_per_floor":[70,74,77,77,82,82,68,68,68,42,45,45,45,35,58,9,67,45,36,36,20,7,32,32,38,38,38,44,44,43,58,83,0],"gold":159,"neow_bonus":"HUNDRED_GOLD","is_prod":false,"is_daily":false,"chose_seed":false,"campfire_upgraded":1,"win_rate":0,"timestamp":1547594933,"path_taken":["M","M","M","$","?","R","E","?","T","E","M","?","?","E","R","BOSS","M","?","?","?","M","R","$","M","T","?","?","?","E","M","R","BOSS"],"build_version":"2019-01-10","purchased_purges":2,"victory":false,"max_hp_per_floor":[80,80,80,80,85,85,85,79,79,79,79,79,79,79,79,79,84,84,84,84,84,84,84,84,84,84,84,84,84,84,84,84,84],"card_choices":[{"not_picked":["Sword Boomerang","Hemokinesis"],"picked":"Carnage","floor":1},{"not_picked":["Perfected Strike","Clothesline"],"picked":"Cleave","floor":2},{"not_picked":["Disarm","Thunderclap","Pummel"],"picked":"SKIP","floor":3},{"not_picked":["Hemokinesis","Perfected Strike","Sword Boomerang"],"picked":"SKIP","floor":7},{"not_picked":["Rupture","Body Slam"],"picked":"Anger","floor":10},{"not_picked":["Dropkick","Blood for Blood","Flex"],"picked":"SKIP","floor":11},{"not_picked":["Warcry","Flex"],"picked":"Clash","floor":14},{"not_picked":["Exhume","Limit Break"],"picked":"Impervious","floor":16},{"not_picked":["Havoc","Dropkick"],"picked":"Armaments","floor":17},{"not_picked":["Dual Wield","Cleave+1"],"picked":"Sentinel+1","floor":18},{"not_picked":["Carnage","Headbutt"],"picked":"Wild Strike+1","floor":19},{"not_picked":["Twin Strike","Warcry","Clothesline"],"picked":"SKIP","floor":22},{"not_picked":["Thunderclap","Cleave+1"],"picked":"Reaper","floor":25},{"not_picked":["Infernal Blade","Iron Wave"],"picked":"Flame Barrier+1","floor":28},{"not_picked":["Rage","Searing Blow","Feed"],"picked":"SKIP","floor":30},{"not_picked":["Sword Boomerang","Second Wind","Wild Strike"],"picked":"SKIP","floor":31}],"player_experience":349374,"relics_obtained":[{"floor":7,"key":"Gremlin Horn"},{"floor":10,"key":"Ancient Tea Set"},{"floor":14,"key":"Paper Frog"},{"floor":21,"key":"Necronomicon"},{"floor":26,"key":"Anchor"},{"floor":30,"key":"Magic Flower"}],"event_choices":[{"damage_healed":0,"gold_gain":0,"player_choice":"Donut","damage_taken":0,"max_hp_gain":5,"max_hp_loss":0,"event_name":"Big Fish","floor":5,"gold_loss":0},{"damage_healed":0,"gold_gain":0,"player_choice":"Lose Max HP","damage_taken":0,"relics_obtained":["Golden Idol"],"max_hp_gain":0,"max_hp_loss":6,"event_name":"Golden Idol","floor":8,"gold_loss":0},{"damage_healed":0,"gold_gain":0,"player_choice":"2 cards matched","damage_taken":0,"max_hp_gain":0,"max_hp_loss":0,"event_name":"Match and Keep!","floor":13,"gold_loss":0,"cards_obtained":["Shrug It Off","Carnage"]},{"cards_removed":["Clash"],"damage_healed":0,"gold_gain":0,"player_choice":"Gave Gold","damage_taken":0,"max_hp_gain":0,"max_hp_loss":0,"event_name":"Beggar","floor":20,"gold_loss":75},{"damage_healed":0,"gold_gain":0,"player_choice":"Obtained Book","damage_taken":16,"max_hp_gain":0,"max_hp_loss":0,"event_name":"Cursed Tome","floor":21,"gold_loss":0},{"cards_removed":["Strike_R"],"damage_healed":0,"gold_gain":0,"player_choice":"Card Removal","damage_taken":0,"max_hp_gain":0,"max_hp_loss":0,"event_name":"Wheel of Change","floor":27,"gold_loss":0},{"damage_healed":0,"gold_gain":0,"player_choice":"Ignored","damage_taken":0,"max_hp_gain":0,"max_hp_loss":0,"event_name":"Ghosts","floor":29,"gold_loss":0}],"is_beta":false,"boss_relics":[{"not_picked":["Calling Bell","Coffee Dripper"],"picked":"Tiny House"}],"items_purged_floors":[4,12],"is_endless":false,"potions_floor_spawned":[1,2,3,11,22,28,30],"killed_by":"Automaton","ascension_level":11}