{"path_per_floor":["M","M","T","M","?","R","$","?","T","M","R","$","?","E","R","B",null,"M","?","?","$","?","R","M","R","T","R","M","?","?","E","R","B",null,"M","?","$","?","?","?","E","R","T","R","M","R","M","?","R","B"],"character_chosen":"IRONCLAD","items_purchased":["Pen Nib"],"gold_per_floor":[17,33,33,46,46,46,46,46,70,84,84,9,109,143,143,240,240,260,185,185,34,34,34,48,48,48,48,64,64,14,42,42,145,145,155,155,55,55,55,55,81,81,81,81,99,99,113,113,113,113],"floor_reached":51,"campfire_rested":1,"playtime":851,"current_hp_per_floor":[80,75,75,76,69,69,69,69,69,75,75,75,75,66,66,31,80,80,80,72,72,72,72,69,69,69,69,78,78,78,72,72,64,80,80,80,80,80,80,70,57,57,57,57,47,47,56,56,80,80],"items_purged":["Strike_R","Writhe"],"gold":113,"score":785,"play_id":"0351b40d-7d54-42ce-ba28-b09bc2bee990","local_time":"20180316140328","is_prod":false,"is_daily":false,"is_ascension_mode":false,"campfire_upgraded":10,"timestamp":1521230608,"path_taken":["M","M","?","M","?","R","$","?","T","M","R","$","?","E","R","BOSS","M","?","?","$","?","R","M","R","T","R","?","?","?","E","R","BOSS","M","?","$","?","?","?","E","R","T","R","M","R","M","?","R","BOSS"],"build_version":"2018-03-16","purchased_purges":2,"victory":true,"master_deck":["Strike_R","Strike_R","Defend_R+1","Defend_R","Defend_R+1","Bash","Body Slam","Searing Blow+12","Battle Trance","Rampage+1","Headbutt","Warcry+1","Double Tap","Madness","Madness","Dual Wield+1","Headbutt"],"max_hp_per_floor":[80,80,80,80,80,80,80,80,80,80,80,80,80,80,80,80,80,80,80,80,80,80,80,80,80,80,80,80,80,80,80,80,80,80,80,80,80,80,80,80,80,80,80,80,80,80,80,80,80,80],"relics":["Burning Blood","Champion Belt","War Paint","Dream Catcher","Magic Flower","Mark of Pain","Pen Nib","Charon\u0027s Ashes","Bag of Marbles","Frozen Egg 2","Runic Dome","Bag of Preparation","Juzu Bracelet"],"card_choices":[{"not_picked":["Warcry","Blood for Blood"],"picked":"Body Slam"},{"not_picked":["Second Wind","Shrug It Off"],"picked":"Searing Blow"},{"not_picked":["Thunderclap","Headbutt"],"picked":"Battle Trance"},{"not_picked":["Clothesline","Corruption"],"picked":"Rampage"},{"not_picked":["Havoc","Clash"],"picked":"Headbutt"},{"not_picked":["Armaments","Thunderclap"],"picked":"Warcry"},{"not_picked":["Feed","Immolate"],"picked":"Double Tap"},{"not_picked":["Havoc","Wild Strike"],"picked":"Dual Wield"},{"not_picked":["Havoc","Thunderclap"],"picked":"Headbutt"}],"player_experience":218723,"potions_floor_usage":[14,24,41],"damage_taken":[{"damage":1,"enemies":"Cultist","floor":1,"turns":3},{"damage":11,"enemies":"Jaw Worm","floor":2,"turns":3},{"damage":5,"enemies":"2 Louse","floor":4,"turns":2},{"damage":0,"enemies":"2 Fungi Beasts","floor":10,"turns":3},{"damage":15,"enemies":"Lagavulin","floor":14,"turns":4},{"damage":44,"enemies":"The Guardian","floor":16,"turns":11},{"damage":4,"enemies":"Shell Parasite","floor":18,"turns":3},{"damage":12,"enemies":"3 Byrds","floor":24,"turns":6},{"damage":0,"enemies":"Centurion and Healer","floor":28,"turns":3},{"damage":15,"enemies":"Slavers","floor":31,"turns":4},{"damage":17,"enemies":"Champ","floor":33,"turns":5},{"damage":0,"enemies":"Orb Walker","floor":35,"turns":1},{"damage":22,"enemies":"Nemesis","floor":41,"turns":3},{"damage":19,"enemies":"3 Darklings","floor":45,"turns":4},{"damage":0,"enemies":"4 Shapes","floor":47,"turns":3},{"damage":0,"enemies":"Time Eater","floor":50,"turns":1}],"event_choices":[{"event_name":"Golden Wing","player_choice":"Card Removal","floor":5,"damage_taken":0},{"event_name":"Living Wall","player_choice":"Grow","floor":8,"damage_taken":0},{"event_name":"Golden Shrine","player_choice":"Pray","floor":13,"damage_taken":0},{"event_name":"Beggar","player_choice":"Gave Gold","floor":19,"damage_taken":0},{"event_name":"Wheel of Change","player_choice":"Damage","floor":20,"damage_taken":0},{"event_name":"Addict","player_choice":"Ignored","floor":22,"damage_taken":0},{"event_name":"The Mausoleum","player_choice":"Yes","floor":29,"damage_taken":0},{"event_name":"The Joust","player_choice":"Bet on Murderer","floor":30,"damage_taken":0},{"event_name":"Tomb of Lord Red Mask","player_choice":"Ignored","floor":36,"damage_taken":0},{"event_name":"Upgrade Shrine","player_choice":"Upgraded","floor":39,"damage_taken":0},{"event_name":"Winding Halls","player_choice":"Embrace Madness","floor":40,"damage_taken":0},{"event_name":"Mysterious Sphere","player_choice":"Ignore","floor":48,"damage_taken":0}],"boss_relics":[{"not_picked":["Eternal Feather","Orrery"],"picked":"Mark of Pain"},{"not_picked":["Black Blood","Snecko Eye"],"picked":"Runic Dome"}],"potions_floor_spawned":[4,16,18,33,41,47],"seed_played":"2354847671391845926","ascension_level":0,"is_trial":false}