{"path_per_floor":["M","$","?","M","M","E","R","$","T","M","M","M","R","M","R","B",null,"M","M","?","M","M","T","?","E","T","R","M","R","$","M","R","B",null,"M","M","?","M","M","M","T","R","T","R","E","?","$","M","R","B"],"character_chosen":"IRONCLAD","items_purchased":["Dual Wield","Letter Opener","Anchor","Flash of Steel","Bronze Scales","Pantograph"],"gold_per_floor":[114,114,114,133,152,220,220,183,233,252,271,290,290,309,309,434,434,453,472,472,491,510,510,510,548,573,573,592,592,91,110,110,235,235,254,273,273,292,311,330,355,355,355,355,393,493,18,37,37,37],"floor_reached":51,"campfire_rested":1,"playtime":1803,"current_hp_per_floor":[80,80,60,63,69,75,75,75,75,80,80,80,80,80,80,61,80,80,83,83,86,79,79,79,75,75,75,85,85,85,93,93,49,98,98,98,98,89,87,91,91,91,91,91,84,84,84,94,112,42],"items_purged":["Doubt"],"gold":37,"score":803,"play_id":"04db5b73-569f-4f44-ab4f-a8defe771bfd","local_time":"20180328122653","daily_mods":["Draft","Uncertain Future","Binary"],"is_prod":false,"is_daily":true,"is_ascension_mode":false,"campfire_upgraded":8,"timestamp":1522261613,"path_taken":["M","$","?","M","M","E","R","?","T","M","M","?","R","M","R","BOSS","M","M","?","M","M","?","?","E","T","R","M","R","$","M","R","BOSS","M","M","?","M","M","M","?","R","T","R","E","?","$","M","R","BOSS"],"build_version":"2018-03-27v2","purchased_purges":1,"victory":true,"master_deck":["Rampage","Rage","Spot Weakness","Shrug It Off","Seeing Red","Uppercut","Twin Strike","Armaments+1","Cleave","Disarm","Clash+1","Armaments+1","Shrug It Off","Pommel Strike+1","Metallicize+1","Headbutt","Sword Boomerang","Dual Wield+1","Twin Strike","Clash","Feed+1","Metallicize+1","Heavy Blade","Flash of Steel","Pummel","Limit Break+1","Whirlwind+1","Battle Trance","Regret","Flex+1"],"max_hp_per_floor":[80,80,80,80,80,80,80,80,80,80,80,80,80,80,80,80,80,80,83,83,86,89,89,89,89,89,89,94,94,94,98,98,98,98,98,100,100,102,104,108,108,108,108,108,108,108,108,110,112,112],"relics":["Burning Blood","Golden Idol","Tiny Chest","Dream Catcher","Sozu","Ice Cream","Bag of Marbles","Singing Bowl","Letter Opener","Anchor","Cursed Key","Whetstone","Bag of Preparation","Blood Vial","Bronze Scales","Pantograph"],"card_choices":[{"not_picked":["Iron Wave","Havoc"],"picked":"Rampage","floor":0},{"not_picked":["True Grit","Reckless Charge"],"picked":"Rage","floor":0},{"not_picked":["Searing Blow","Second Wind"],"picked":"Spot Weakness","floor":0},{"not_picked":["Sword Boomerang","Cleave"],"picked":"Shrug It Off","floor":0},{"not_picked":["Body Slam","Anger"],"picked":"Seeing Red","floor":0},{"not_picked":["Clash","Burning Pact"],"picked":"Uppercut","floor":0},{"not_picked":["Metallicize","Spot Weakness"],"picked":"Twin Strike","floor":0},{"not_picked":["Sword Boomerang","Feel No Pain"],"picked":"Armaments","floor":0},{"not_picked":["True Grit","Anger"],"picked":"Cleave","floor":0},{"not_picked":["True Grit","Perfected Strike"],"picked":"Disarm","floor":0},{"not_picked":["Anger","Spot Weakness"],"picked":"Clash","floor":0},{"not_picked":["Cleave","Body Slam"],"picked":"Armaments","floor":0},{"not_picked":["Iron Wave","Wild Strike"],"picked":"Shrug It Off","floor":0},{"not_picked":["Perfected Strike","Wild Strike"],"picked":"Pommel Strike","floor":0},{"not_picked":["Havoc","Thunderclap"],"picked":"Metallicize","floor":0},{"not_picked":["Sword Boomerang"],"picked":"Headbutt","floor":1},{"not_picked":["Iron Wave"],"picked":"Sword Boomerang","floor":5},{"not_picked":["Exhume"],"picked":"Twin Strike","floor":11},{"not_picked":["Rupture"],"picked":"Clash","floor":12},{"not_picked":["Offering"],"picked":"Feed","floor":16},{"not_picked":["Havoc"],"picked":"Metallicize","floor":19},{"not_picked":["Havoc"],"picked":"Pummel","floor":31},{"not_picked":["Dark Embrace"],"picked":"Limit Break","floor":33},{"not_picked":["Twin Strike"],"picked":"Whirlwind","floor":35},{"not_picked":["Ghostly Armor"],"picked":"Battle Trance","floor":40},{"not_picked":["Clash"],"picked":"Flex","floor":45}],"player_experience":270667,"potions_floor_usage":[11,16,18,25],"damage_taken":[{"damage":0,"enemies":"Small Slimes","floor":1,"turns":2},{"damage":3,"enemies":"Jaw Worm","floor":4,"turns":2},{"damage":0,"enemies":"2 Louse","floor":5,"turns":2},{"damage":0,"enemies":"3 Sentries","floor":6,"turns":7},{"damage":0,"enemies":"Looter","floor":10,"turns":3},{"damage":0,"enemies":"Exordium Wildlife","floor":11,"turns":3},{"damage":0,"enemies":"2 Fungi Beasts","floor":12,"turns":2},{"damage":5,"enemies":"Blue Slaver","floor":14,"turns":3},{"damage":25,"enemies":"Hexaghost","floor":16,"turns":9},{"damage":0,"enemies":"3 Byrds","floor":18,"turns":4},{"damage":6,"enemies":"2 Thieves","floor":19,"turns":3},{"damage":0,"enemies":"Centurion and Healer","floor":21,"turns":4},{"damage":16,"enemies":"Slaver and Parasite","floor":22,"turns":5},{"damage":10,"enemies":"Gremlin Leader","floor":25,"turns":6},{"damage":1,"enemies":"Chosen and Byrds","floor":28,"turns":6},{"damage":2,"enemies":"Snake Plant","floor":31,"turns":4},{"damage":50,"enemies":"Champ","floor":33,"turns":11},{"damage":0,"enemies":"Orb Walker","floor":35,"turns":3},{"damage":8,"enemies":"Flame Bruiser 1 Orb","floor":36,"turns":5},{"damage":17,"enemies":"Sphere and 2 Shapes","floor":38,"turns":4},{"damage":10,"enemies":"Spire Growth","floor":39,"turns":4},{"damage":6,"enemies":"Flame Bruiser 2 Orb","floor":40,"turns":4},{"damage":13,"enemies":"Nemesis","floor":45,"turns":5},{"damage":0,"enemies":"3 Darklings","floor":48,"turns":1},{"damage":76,"enemies":"Time Eater","floor":50,"turns":8}],"event_choices":[{"event_name":"Golden Idol","player_choice":"Take Damage","floor":3,"damage_taken":0},{"event_name":"Beggar","player_choice":"Ignored","floor":20,"damage_taken":0},{"event_name":"The Library","player_choice":"Read","floor":24,"damage_taken":0},{"event_name":"Tomb of Lord Red Mask","player_choice":"Ignored","floor":37,"damage_taken":0},{"event_name":"Golden Shrine","player_choice":"Pray","floor":46,"damage_taken":0}],"boss_relics":[{"not_picked":["Mark of Pain","Runic Pyramid"],"picked":"Sozu"},{"not_picked":["Pandora\u0027s Box","Black Blood"],"picked":"Cursed Key"}],"potions_floor_spawned":[4,5,6,11,12,14,18,19,33,36,45],"seed_played":"-186306444568268159","ascension_level":0,"is_trial":false}