{"gold_per_floor":[115,115,115,129,147,181,181,509,509,509,479,499,145,155,155,253,253,272,29,29,41,41,41,70,86,86,86,119,119,152,162,162,263,263,283,31,31,45,0,25,25,59,59,59,79,92,109,70,70,70],"floor_reached":51,"playtime":2076,"items_purged":["Defend_B"],"score":1004,"play_id":"bbf42355-1cd3-44ad-aabf-2601b98935cc","local_time":"20180704170020","is_ascension_mode":true,"campfire_choices":[{"floor":7,"key":"REST"},{"floor":15,"key":"REST"},{"floor":23,"key":"REST"},{"floor":29,"key":"REST"},{"floor":32,"key":"REST"},{"floor":41,"key":"REST"},{"floor":44,"key":"REST"},{"data":"1","floor":49,"key":"LIFT"}],"neow_cost":"","seed_source_timestamp":0,"circlet_count":0,"master_deck":["Strike_B","Strike_B","Strike_B","Defend_B","Defend_B","Defend_B","Zap","Dualcast","Hologram","Go for the Eyes","Ball Lightning","FTL","Leap","Scrape","Echo Form","Reboot","Cold Snap","Self Repair","Go for the Eyes","FTL","Steam","Seek","Turbo","Mind Blast","Gash+1","Necronomicurse","Hologram","Redo+1","Mind Blast","Conserve Battery","Leap+1","Scrape","Defragment","All For One","Glacier","Gash","Compile Driver+1","Self Repair+1","Chill+1","Redo+1","Madness","Madness","Coolheaded","Self Repair+1","Conserve Battery","Sunder+1","Stack+1","Hologram+1","Gash+1","Coolheaded","Steam Power","Skim","Beam Cell","BootSequence"],"special_seed":0,"relics":["Cracked Core","Prayer Wheel","Juzu Bracelet","Old Coin","Blue Candle","Happy Flower","Busted Crown","DataDisk","Girya","Necronomicon","Pear","Question Card","Omamori","Calipers","Orrery","Shuriken","Mummified Hand","Gambling Chip","Ancient Tea Set"],"potions_floor_usage":[6,6,6,12,14,16,28,28,33,45,50,50],"damage_taken":[{"damage":1.0,"enemies":"2 Louse","floor":1.0,"turns":3.0},{"damage":1.0,"enemies":"Cultist","floor":4.0,"turns":3.0},{"damage":5.0,"enemies":"Small Slimes","floor":5.0,"turns":3.0},{"damage":5,"enemies":"Lagavulin","floor":6,"turns":7},{"damage":35,"enemies":"Gremlin Nob","floor":8,"turns":4},{"damage":0,"enemies":"2 Fungi Beasts","floor":12,"turns":5},{"damage":28,"enemies":"Exordium Thugs","floor":14,"turns":4},{"damage":38,"enemies":"Hexaghost","floor":16,"turns":10},{"damage":0,"enemies":"Spheric Guardian","floor":18,"turns":3},{"damage":27,"enemies":"3 Byrds","floor":21,"turns":6},{"damage":6,"enemies":"Slavers","floor":24,"turns":4},{"damage":7,"enemies":"Slaver and Parasite","floor":25,"turns":4},{"damage":19,"enemies":"Book of Stabbing","floor":28,"turns":3},{"damage":14,"enemies":"Slavers","floor":30,"turns":4},{"damage":22,"enemies":"Centurion and Healer","floor":31,"turns":4},{"damage":54,"enemies":"Automaton","floor":33,"turns":10},{"damage":7,"enemies":"3 Shapes","floor":35,"turns":4},{"damage":0,"enemies":"Flame Bruiser 1 Orb","floor":38,"turns":2},{"damage":18,"enemies":"Nemesis","floor":40,"turns":3},{"damage":10,"enemies":"Giant Head","floor":42,"turns":4},{"damage":9,"enemies":"Transient","floor":45,"turns":5},{"damage":0,"enemies":"Sphere and 2 Shapes","floor":46,"turns":4},{"damage":11,"enemies":"Maw","floor":47,"turns":4},{"damage":44,"enemies":"Donu and Deca","floor":50,"turns":6}],"seed_played":"724549996119078874","potions_obtained":[{"floor":2.0,"key":"FearPotion"},{"floor":2.0,"key":"Ancient Potion"},{"floor":2.0,"key":"SpeedPotion"},{"floor":5.0,"key":"Regen Potion"},{"floor":8,"key":"Regen Potion"},{"floor":11,"key":"Block Potion"},{"floor":11,"key":"GamblersBrew"},{"floor":24,"key":"Strength Potion"},{"floor":25,"key":"SteroidPotion"},{"floor":31,"key":"SteroidPotion"},{"floor":38,"key":"GamblersBrew"},{"floor":42,"key":"Fire Potion"},{"floor":45,"key":"SpeedPotion"}],"is_trial":false,"path_per_floor":["M","?","?","M","M","E","R","E","T","?","?","M","$","M","R","B",null,"M","$","T","M","?","R","E","M","T","?","E","R","E","M","R","B",null,"M","$","?","M","$","E","R","E","T","R","M","M","M","$","R","B"],"character_chosen":"DEFECT","items_purchased":["Self Repair","Go for the Eyes","Happy Flower","Mind Blast","DataDisk","Shuriken","Conserve Battery","BootSequence"],"campfire_rested":7,"item_purchase_floors":[13,13,13,19,19,36,39,48],"current_hp_per_floor":[37,37,37,36,31,40,62,27,27,52,52,52,52,33,55,24,62,69,69,69,49,33,55,66,59,59,59,40,65,51,36,61,14,67,60,60,49,49,49,41,66,63,63,85,85,85,85,85,85,58],"gold":70,"neow_bonus":"","is_prod":false,"is_daily":false,"chose_seed":false,"campfire_upgraded":0,"win_rate":0,"timestamp":1530745220,"path_taken":["M","?","?","M","M","E","R","E","T","?","?","M","$","M","R","BOSS","M","$","?","M","?","R","E","M","T","?","E","R","E","M","R","BOSS","M","$","?","M","?","E","R","E","T","R","M","M","M","$","R","BOSS"],"build_version":"2018-07-03","purchased_purges":1,"victory":true,"max_hp_per_floor":[75,75,75,75,75,75,75,75,75,75,75,75,75,75,75,75,75,75,75,75,75,75,75,85,85,85,85,85,85,85,85,85,85,85,85,85,85,85,85,85,85,85,85,85,85,85,85,85,85,85],"card_choices":[{"not_picked":["Conserve Battery","Rebound"],"picked":"Hologram","floor":1.0},{"not_picked":["Steam","Reprogram"],"picked":"Go for the Eyes","floor":1.0},{"not_picked":["Redo","Hologram"],"picked":"Ball Lightning","floor":4.0},{"not_picked":["Sweeping Beam","Rainbow"],"picked":"FTL","floor":4.0},{"not_picked":["Loop","Scrape"],"picked":"Leap","floor":5.0},{"not_picked":["Stack","Sweeping Beam","Tempest"],"picked":"SKIP","floor":5.0},{"not_picked":["Hologram","Rip and Tear"],"picked":"Scrape","floor":6},{"not_picked":["Ball Lightning","Barrage"],"picked":"Echo Form","floor":8},{"not_picked":["Sweeping Beam","Streamline"],"picked":"Reboot","floor":12},{"not_picked":["Coolheaded","Streamline"],"picked":"Cold Snap","floor":12},{"not_picked":["Steam","Lockon"],"picked":"FTL","floor":14},{"not_picked":["Capacitor","Darkness"],"picked":"Steam","floor":14},{"not_picked":["Reboot","Core Surge"],"picked":"Seek","floor":16},{"not_picked":[],"picked":"Turbo","floor":18},{"not_picked":["Reinforced Body"],"picked":"SKIP","floor":18},{"not_picked":[],"picked":"Gash+1","floor":21},{"not_picked":["Reinforced Body+1"],"picked":"SKIP","floor":21},{"not_picked":[],"picked":"Hologram","floor":24},{"not_picked":[],"picked":"Redo+1","floor":25},{"not_picked":["Redo"],"picked":"SKIP","floor":25},{"not_picked":["Capacitor"],"picked":"Conserve Battery","floor":28},{"not_picked":["Undo"],"picked":"Leap+1","floor":30},{"not_picked":["Darkness+1"],"picked":"Scrape","floor":31},{"not_picked":["Turbo+1"],"picked":"Defragment","floor":31},{"not_picked":["Machine Learning"],"picked":"All For One","floor":33},{"not_picked":["Cold Snap+1"],"picked":"Glacier","floor":34},{"not_picked":["Reinforced Body"],"picked":"Gash","floor":34},{"not_picked":["Rebound"],"picked":"Compile Driver+1","floor":34},{"not_picked":["Coolheaded"],"picked":"Self Repair+1","floor":34},{"not_picked":["Turbo+1"],"picked":"Chill+1","floor":34},{"not_picked":["Hello World"],"picked":"Redo+1","floor":35},{"not_picked":["Turbo+1","Streamline"],"picked":"SKIP","floor":35},{"not_picked":["Biased Cognition"],"picked":"Coolheaded","floor":38},{"not_picked":["Capacitor+1"],"picked":"Self Repair+1","floor":38},{"not_picked":["Sweeping Beam+1"],"picked":"Sunder+1","floor":40},{"not_picked":["Conserve Battery"],"picked":"Stack+1","floor":42},{"not_picked":["Steam Power"],"picked":"Hologram+1","floor":45},{"not_picked":["Auto Shields"],"picked":"Gash+1","floor":45},{"not_picked":["Streamline"],"picked":"Coolheaded","floor":46},{"not_picked":["Streamline"],"picked":"Steam Power","floor":46},{"not_picked":["Tempest"],"picked":"Skim","floor":47},{"not_picked":["Barrage+1"],"picked":"Beam Cell","floor":47}],"player_experience":452463,"relics_obtained":[{"floor":6,"key":"Juzu Bracelet"},{"floor":8,"key":"Old Coin"},{"floor":9,"key":"Blue Candle"},{"floor":20,"key":"Girya"},{"floor":22,"key":"Necronomicon"},{"floor":24,"key":"Pear"},{"floor":26,"key":"Question Card"},{"floor":28,"key":"Omamori"},{"floor":30,"key":"Calipers"},{"floor":40,"key":"Mummified Hand"},{"floor":42,"key":"Gambling Chip"},{"floor":43,"key":"Ancient Tea Set"}],"event_choices":[{"event_name":"The Lab","player_choice":"Got Potions","floor":2.0,"damage_taken":0.0},{"event_name":"Bonfire Elementals","player_choice":"BASIC","floor":3.0,"damage_taken":0.0},{"event_name":"Big Fish","player_choice":"Banana","floor":10,"damage_taken":0},{"event_name":"The Woman in Blue","player_choice":"Bought 2 Potions","floor":11,"damage_taken":0},{"event_name":"Cursed Tome","player_choice":"Obtained Book","floor":22,"damage_taken":0},{"event_name":"Duplicator","player_choice":"One dupe","floor":27,"damage_taken":0},{"event_name":"Winding Halls","player_choice":"Embrace Madness","floor":37,"damage_taken":0}],"boss_relics":[{"not_picked":["Calling Bell","Black Star"],"picked":"Busted Crown"},{"not_picked":["Velvet Choker","Eternal Feather"],"picked":"Orrery"}],"items_purged_floors":[13],"is_endless":false,"potions_floor_spawned":[5,8,24,25,31,38,42,45],"ascension_level":5}