{"path_per_floor":["M","?","?","?","?","R","E","R","T","M","$","E","M","?","R","B",null,"M","M","?","$","$","E","M","M","T","?"],"character_chosen":"THE_SILENT","items_purchased":["Infinite Blades","Torii"],"gold_per_floor":[10,10,10,10,10,10,46,46,70,93,22,88,107,182,182,307,307,330,348,328,37,37,73,94,109,135,135],"floor_reached":28,"campfire_rested":2,"playtime":1923,"current_hp_per_floor":[68,68,54,40,40,40,8,29,29,42,42,32,46,35,56,46,70,65,44,44,44,44,45,38,33,33,33],"items_purged":[],"gold":135,"play_id":"e88184a8-ee00-40f2-ac43-b6c0b4060a27","is_prod":false,"is_daily":false,"campfire_rituals":0,"campfire_upgraded":1,"is_hardmode":false,"path_taken":["M","?","?","?","?","R","E","R","T","M","?","E","?","?","R","BOSS","M","M","?","?","$","E","M","M","T","?","?"],"build_version":"2018-01-05-BETA1","purchased_purges":0,"victory":false,"master_deck":["Defend_G","Defend_G","Defend_G","Defend_G","Defend_G","Strike_G","Strike_G","Strike_G","Strike_G","Strike_G","Survivor","Neutralize","After Image","Noxious Fumes","Normality","Envenom","Cloak And Dagger","Infinite Blades","Blur","Dagger Spray","Bullet Time","Dagger Spray","PiercingWail","Well Laid Plans","Flying Knee","Sucker Punch","Endless Agony","Cloak And Dagger"],"max_hp_per_floor":[70,70,70,70,70,70,70,70,70,70,70,70,70,70,70,70,70,70,70,70,70,70,70,70,70,70,70],"relics":["Ring of the Snake","Golden Idol","Blood Vial","Meat on the Bone","Snake Skull","Tiny Chest","Orrery","Torii","Pen Nib","Omamori","Dream Catcher"],"campfire_meditates":0,"card_choices":[{"not_picked":["Storm of Steel","Tactician"],"picked":"After Image"},{"not_picked":["All Out Attack","Accuracy"],"picked":"Noxious Fumes"},{"not_picked":["Dagger Spray","Sucker Punch"],"picked":"Envenom"},{"not_picked":["Poisoned Stab","Dagger Spray"],"picked":"Cloak And Dagger"},{"not_picked":["Heel Hook","Leg Sweep"],"picked":"Blur"},{"not_picked":["Deadly Poison","Footwork"],"picked":"Dagger Spray"},{"not_picked":["Venomology","Wraith Form"],"picked":"Bullet Time"},{"not_picked":["Bouncing Flask","Slice"],"picked":"Dagger Spray"},{"not_picked":["Dodge and Roll","Acrobatics"],"picked":"PiercingWail"},{"not_picked":["Dagger Spray","Quick Slash"],"picked":"Well Laid Plans"},{"not_picked":["Heel Hook","Bane"],"picked":"Flying Knee"},{"not_picked":["Heel Hook","Caltrops"],"picked":"Sucker Punch"},{"not_picked":["Acrobatics","Poisoned Stab"],"picked":"Endless Agony"},{"not_picked":["Underhanded Strike","Dodge and Roll"],"picked":"Cloak And Dagger"}],"player_experience":94303,"potions_floor_usage":[7,16,23,24,25,28],"damage_taken":[{"damage":2,"enemies":"Small Slimes","floor":1,"turns":5},{"damage":34,"enemies":"Gremlin Nob","floor":7,"turns":6},{"damage":1,"enemies":"Jaw Worm","floor":10,"turns":4},{"damage":24,"enemies":"3 Sentries","floor":12,"turns":7},{"damage":0,"enemies":"Cultist","floor":13,"turns":4},{"damage":12,"enemies":"Slime Boss","floor":16,"turns":8},{"damage":5,"enemies":"Chosen","floor":18,"turns":5},{"damage":23,"enemies":"2 Thieves","floor":19,"turns":4},{"damage":1,"enemies":"Gremlin Leader","floor":23,"turns":7},{"damage":9,"enemies":"Snecko","floor":24,"turns":7},{"damage":19,"enemies":"Centurion and Healer","floor":25,"turns":7},{"damage":41,"enemies":"Slaver and Parasite","floor":28,"turns":4}],"event_choices":[{"event_name":"Living Wall","player_choice":"Grow","floor":2,"damage_taken":0},{"event_name":"Golden Idol","player_choice":"Take Damage","floor":3,"damage_taken":0},{"event_name":"Shining Light","player_choice":"Entered Light","floor":4,"damage_taken":0},{"event_name":"Accursed Blacksmith","player_choice":"Rummage","floor":5,"damage_taken":0},{"event_name":"World of Goop","player_choice":"Gather Gold","floor":14,"damage_taken":0},{"event_name":"The Woman in Blue","player_choice":"Bought 1 Potion","floor":20,"damage_taken":0},{"event_name":"The Mausoleum","player_choice":"Yes","floor":27,"damage_taken":0}],"boss_relics":[{"not_picked":["Ectoplasm","Astrolabe"],"picked":"Orrery"}],"potions_floor_spawned":[1,7,10,19,23],"seed_played":"-7719282797318149029","killed_by":"Slaver and Parasite","is_trial":false}