{"gold_per_floor":[359,374,252,252,213,213,228,228,228,228,246,246,258,284,284,379,379,350,362,188,202,202,202,0,0,81,81,81,115,128,128,128,223,223,243,44,58,0,16,16,30,30],"floor_reached":42,"playtime":3777,"items_purged":["Doubt"],"score":520,"play_id":"4d69300f-cb49-4965-a53d-a7af016877b6","local_time":"20190105145633","is_ascension_mode":true,"campfire_choices":[{"data":"Body Slam","floor":6,"key":"SMITH"},{"data":"Metallicize","floor":8,"key":"SMITH"},{"data":"Bash","floor":10,"key":"SMITH"},{"data":"Power Through","floor":12,"key":"SMITH"},{"data":"Ghostly Armor","floor":15,"key":"SMITH"},{"data":"Barricade","floor":23,"key":"SMITH"},{"data":"Shrug It Off","floor":25,"key":"SMITH"},{"data":"Thunderclap","floor":28,"key":"SMITH"},{"data":"Shrug It Off","floor":32,"key":"SMITH"},{"data":"Immolate","floor":40,"key":"SMITH"}],"neow_cost":"CURSE","seed_source_timestamp":94301143689874,"circlet_count":0,"master_deck":["Strike_R","Strike_R","Strike_R","Defend_R","Defend_R","Defend_R","Bash+1","Hemokinesis","Anger","Body Slam+1","Ghostly Armor+1","Metallicize+1","Power Through+1","Thunderclap+1","Shrug It Off+1","Barricade+1","Battle Trance","Finesse","Iron Wave+1","Shrug It Off+1","Immolate+1"],"relics":["Burning Blood","Bottled Lightning","Bag of Marbles","Empty Cage","Shuriken","Ancient Tea Set","Orrery","Medical Kit","Red Mask"],"potions_floor_usage":[29,33],"damage_taken":[{"damage":6,"enemies":"Cultist","floor":1,"turns":4},{"damage":2,"enemies":"2 Louse","floor":2,"turns":3},{"damage":7,"enemies":"Jaw Worm","floor":7,"turns":3},{"damage":3,"enemies":"2 Fungi Beasts","floor":11,"turns":3},{"damage":3,"enemies":"Large Slime","floor":13,"turns":4},{"damage":14,"enemies":"3 Sentries","floor":14,"turns":10},{"damage":58,"enemies":"The Guardian","floor":16,"turns":13},{"damage":18,"enemies":"2 Thieves","floor":18,"turns":5},{"damage":11,"enemies":"3 Byrds","floor":19,"turns":7},{"damage":20,"enemies":"Shelled Parasite and Fungi","floor":21,"turns":6},{"damage":23,"enemies":"Book of Stabbing","floor":29,"turns":5},{"damage":0,"enemies":"Cultist and Chosen","floor":30,"turns":6},{"damage":14,"enemies":"Colosseum Slavers","floor":31,"turns":6},{"damage":19,"enemies":"Automaton","floor":33,"turns":13},{"damage":17,"enemies":"Orb Walker","floor":35,"turns":4},{"damage":5,"enemies":"3 Shapes","floor":37,"turns":6},{"damage":34,"enemies":"Sphere and 2 Shapes","floor":39,"turns":12},{"damage":0,"enemies":"Jaw Worm Horde","floor":41,"turns":3},{"damage":52,"enemies":"Transient","floor":42,"turns":4}],"seed_played":"-6093336924880957862","potions_obtained":[{"floor":1,"key":"Strength Potion"},{"floor":2,"key":"EssenceOfSteel"},{"floor":14,"key":"LiquidBronze"},{"floor":41,"key":"EssenceOfSteel"}],"is_trial":false,"path_per_floor":["M","M","$","?","$","R","M","R","T","R","M","R","M","E","R","B",null,"M","M","$","M","?","R","?","R","T","?","R","E","M","?","R","B",null,"M","$","M","?","M","R","M","M"],"character_chosen":"IRONCLAD","items_purchased":["Anger","Ghostly Armor","Battle Trance","Finesse","Medical Kit"],"campfire_rested":0,"item_purchase_floors":[3,5,20,20,36],"current_hp_per_floor":[80,80,80,80,80,80,79,79,79,79,80,80,80,72,72,20,65,53,48,48,34,19,19,19,19,19,47,47,30,36,28,28,15,68,57,57,58,58,30,30,36,0],"gold":30,"neow_bonus":"TWO_FIFTY_GOLD","is_prod":false,"is_daily":false,"chose_seed":false,"campfire_upgraded":10,"win_rate":0,"timestamp":1546721793,"path_taken":["M","M","$","?","$","R","M","R","T","R","M","R","M","E","R","BOSS","M","M","$","M","?","R","?","R","T","?","R","E","?","?","R","BOSS","M","$","M","?","M","R","M","M"],"build_version":"2019-01-03v4","purchased_purges":1,"victory":false,"max_hp_per_floor":[80,80,80,80,80,80,80,80,80,80,80,80,80,80,80,80,80,80,80,80,80,85,85,85,85,85,85,85,85,85,85,85,85,85,85,85,85,85,85,85,85,85],"card_choices":[{"not_picked":["Perfected Strike","Intimidate","Fire Breathing"],"picked":"SKIP","floor":1},{"not_picked":["Headbutt","Body Slam"],"picked":"Hemokinesis","floor":2},{"not_picked":["Disarm","Sever Soul"],"picked":"Metallicize","floor":7},{"not_picked":["Clash","Anger"],"picked":"Power Through","floor":11},{"not_picked":["Inflame","Shockwave"],"picked":"Thunderclap","floor":13},{"not_picked":["Sword Boomerang","Power Through"],"picked":"Shrug It Off","floor":14},{"not_picked":["Immolate","Double Tap"],"picked":"Barricade","floor":16},{"not_picked":["Thunderclap+1","Anger","Reckless Charge"],"picked":"SKIP","floor":18},{"not_picked":["Thunderclap","Ghostly Armor","Flex"],"picked":"SKIP","floor":19},{"not_picked":["Sentinel","Thunderclap","Battle Trance"],"picked":"SKIP","floor":21},{"not_picked":["True Grit","Disarm+1"],"picked":"Iron Wave+1","floor":29},{"not_picked":["Clash","Sword Boomerang+1"],"picked":"Shrug It Off","floor":30},{"not_picked":["Power Through","Battle Trance","Anger+1"],"picked":"SKIP","floor":35},{"not_picked":["Thunderclap","Clash","Perfected Strike"],"picked":"SKIP","floor":37},{"not_picked":["Wild Strike+1","Clash"],"picked":"Immolate","floor":39},{"not_picked":["True Grit+1","Heavy Blade","Spot Weakness"],"picked":"SKIP","floor":41}],"player_experience":306941,"relics_obtained":[{"floor":9,"key":"Bottled Lightning"},{"floor":14,"key":"Bag of Marbles"},{"floor":26,"key":"Shuriken"},{"floor":29,"key":"Ancient Tea Set"}],"event_choices":[{"damage_healed":0,"gold_gain":0,"cards_transformed":["Strike_R"],"player_choice":"Transformed","damage_taken":0,"max_hp_gain":0,"max_hp_loss":0,"event_name":"Transmorgrifier","floor":4,"gold_loss":0,"cards_obtained":["Body Slam"]},{"damage_healed":0,"gold_gain":0,"player_choice":"Shed Blood","damage_taken":20,"max_hp_gain":5,"max_hp_loss":0,"event_name":"Forgotten Altar","floor":22,"gold_loss":0},{"damage_healed":0,"gold_gain":0,"player_choice":"Paid Fearfully","damage_taken":0,"max_hp_gain":0,"max_hp_loss":0,"event_name":"Masked Bandits","floor":24,"gold_loss":202},{"damage_healed":28,"gold_gain":0,"player_choice":"Heal","damage_taken":0,"max_hp_gain":0,"max_hp_loss":0,"event_name":"The Library","floor":27,"gold_loss":0},{"damage_healed":0,"gold_gain":0,"player_choice":"Fight","damage_taken":0,"max_hp_gain":0,"max_hp_loss":0,"event_name":"Colosseum","floor":31,"gold_loss":0},{"damage_healed":0,"gold_gain":0,"player_choice":"Fled From Nobs","damage_taken":0,"max_hp_gain":0,"max_hp_loss":0,"event_name":"Colosseum","floor":31,"gold_loss":0},{"damage_healed":0,"gold_gain":0,"player_choice":"Paid","damage_taken":0,"relics_obtained":["Red Mask"],"max_hp_gain":0,"max_hp_loss":0,"event_name":"Tomb of Lord Red Mask","floor":38,"gold_loss":58}],"is_beta":false,"boss_relics":[{"not_picked":["Sozu","Cursed Key"],"picked":"Empty Cage"},{"not_picked":["Calling Bell","Runic Cube"],"picked":"Orrery"}],"items_purged_floors":[3],"is_endless":false,"potions_floor_spawned":[1,2,14,16,18,19,41],"killed_by":"Transient","ascension_level":5}