{"gold_per_floor":[114,133,133,133,149,149,175,350,373,46,46,65,65,80,80,80],"floor_reached":16,"playtime":701,"items_purged":["Doubt"],"score":155,"play_id":"236fca08-6fde-41ba-aed5-9f8e7d7d570a","local_time":"20190116144835","is_ascension_mode":true,"campfire_choices":[{"data":"Sucker Punch","floor":6,"key":"SMITH"},{"floor":15,"key":"REST"}],"neow_cost":"TEN_PERCENT_HP_LOSS","seed_source_timestamp":1891723055074478,"circlet_count":0,"master_deck":["AscendersBane","Defend_G+1","Defend_G","Defend_G","Defend_G","Defend_G","Strike_G","Strike_G","Strike_G","Strike_G","Strike_G","Survivor","Neutralize","Slice","Concentrate+1","Sucker Punch+1","Slice","Cloak And Dagger+1","Blade Dance+1"],"relics":["Ring of the Snake","Tingsha","Strawberry","Lantern","Toxic Egg 2","Golden Idol"],"potions_floor_usage":[12],"damage_taken":[{"damage":3,"enemies":"Jaw Worm","floor":1,"turns":5},{"damage":1,"enemies":"Small Slimes","floor":2,"turns":4},{"damage":0,"enemies":"2 Louse","floor":5,"turns":5},{"damage":28,"enemies":"Gremlin Nob","floor":7,"turns":5},{"damage":6,"enemies":"Large Slime","floor":12,"turns":8},{"damage":0,"enemies":"3 Louse","floor":14,"turns":4},{"damage":64,"enemies":"The Guardian","floor":16,"turns":12}],"seed_played":"3773562654737675465","potions_obtained":[{"floor":5,"key":"GamblersBrew"},{"floor":7,"key":"Poison Potion"},{"floor":12,"key":"EssenceOfSteel"}],"is_trial":false,"path_per_floor":["M","M","?","?","M","R","E","?","T","$","?","M","?","M","R","B"],"character_chosen":"THE_SILENT","items_purchased":["Toxic Egg 2"],"campfire_rested":1,"item_purchase_floors":[10],"current_hp_per_floor":[60,59,59,59,59,59,38,38,38,38,24,18,18,18,37,0],"gold":80,"neow_bonus":"ONE_RARE_RELIC","is_prod":false,"is_daily":false,"chose_seed":false,"campfire_upgraded":1,"win_rate":0,"timestamp":1547650115,"path_taken":["M","M","?","?","M","R","E","?","T","$","?","M","?","M","R","BOSS"],"build_version":"2019-01-10","purchased_purges":1,"victory":false,"max_hp_per_floor":[63,63,63,63,63,63,70,70,70,70,70,70,65,65,65,65],"card_choices":[{"not_picked":["Bane","Bouncing Flask"],"picked":"Slice","floor":1},{"not_picked":["Bouncing Flask","Reflex"],"picked":"Concentrate","floor":2},{"not_picked":["Bane","Accuracy"],"picked":"Sucker Punch","floor":5},{"not_picked":["Bane","Escape Plan"],"picked":"Slice","floor":7},{"not_picked":["Eviscerate","Dagger Throw"],"picked":"Cloak And Dagger+1","floor":12},{"not_picked":["Outmaneuver+1","Dagger Throw"],"picked":"Blade Dance+1","floor":14}],"player_experience":356584,"relics_obtained":[{"floor":7,"key":"Strawberry"},{"floor":9,"key":"Lantern"}],"event_choices":[{"damage_healed":0,"gold_gain":0,"player_choice":"Ignored","damage_taken":0,"max_hp_gain":0,"max_hp_loss":0,"event_name":"Golden Wing","floor":3,"gold_loss":0},{"damage_healed":0,"gold_gain":0,"player_choice":"Leave","damage_taken":0,"max_hp_gain":0,"max_hp_loss":0,"event_name":"The Cleric","floor":4,"gold_loss":0},{"damage_healed":0,"gold_gain":175,"player_choice":"AGREE","damage_taken":0,"max_hp_gain":0,"max_hp_loss":0,"event_name":"Liars Game","floor":8,"gold_loss":0,"cards_obtained":["Doubt"]},{"damage_healed":0,"gold_gain":0,"player_choice":"Entered Light","damage_taken":14,"max_hp_gain":0,"max_hp_loss":0,"event_name":"Shining Light","floor":11,"gold_loss":0,"cards_upgraded":["Concentrate","Defend_G"]},{"damage_healed":0,"gold_gain":0,"player_choice":"Lose Max HP","damage_taken":0,"relics_obtained":["Golden Idol"],"max_hp_gain":0,"max_hp_loss":5,"event_name":"Golden Idol","floor":13,"gold_loss":0}],"is_beta":false,"boss_relics":[],"items_purged_floors":[10],"is_endless":false,"potions_floor_spawned":[5,7,12],"killed_by":"The Guardian","ascension_level":11}