{"path_per_floor":["M","M","M","M","M","R","E","M","T","E","M","$","?","?","R","B",null,"M","M","M","M","M","E","M","M","T","M","R","M","E","M","R","B",null,"M","?","M","M","M","M","E","?","T","$","E","$","?","M","R","B"],"character_chosen":"IRONCLAD","items_purchased":["Apotheosis","Dropkick","Shuriken","Lee\u0027s Waffle","Dropkick"],"gold_per_floor":[114,129,144,159,174,174,204,219,244,274,289,34,34,71,71,171,171,186,201,216,231,246,276,291,306,331,346,346,361,391,406,406,506,506,521,554,569,584,599,614,644,644,644,224,254,112,112,127,127,127],"floor_reached":51,"campfire_rested":2,"playtime":1774,"current_hp_per_floor":[78,77,76,53,59,73,72,71,70,67,75,74,78,77,76,73,74,83,82,81,80,79,78,77,76,75,74,73,72,71,70,69,68,67,66,65,64,63,62,61,62,61,62,68,69,68,67,66,65,63],"items_purged":["Strike_R","Strike_R"],"gold":127,"score":946,"play_id":"886d4f33-b70a-49ee-a112-3bbd2ecd190f","local_time":"20180326195916","daily_mods":["Allstar","Terminal","Vintage"],"is_prod":false,"is_daily":true,"is_ascension_mode":false,"campfire_upgraded":3,"timestamp":1522115956,"path_taken":["M","M","M","M","M","R","E","M","T","E","M","$","?","?","R","BOSS","M","M","M","M","M","E","M","M","T","M","R","M","E","M","R","BOSS","M","?","M","M","M","M","E","?","T","?","E","$","?","M","R","BOSS"],"build_version":"2018-03-25","purchased_purges":2,"victory":true,"master_deck":["Strike_R+1","Strike_R","Defend_R","Defend_R+1","Defend_R","Defend_R+1","Bash+1","Dramatic Entrance","Enlightenment+1","Clothesline","Armaments","Apotheosis+1","Dropkick","Uppercut+1","Double Tap+1","Thunderclap","Infernal Blade+1","Heavy Blade+1","Dropkick+1"],"max_hp_per_floor":[78,77,76,75,74,73,72,71,70,69,75,74,78,77,76,75,74,83,82,81,80,79,78,77,76,75,74,73,72,71,70,69,68,67,66,65,64,63,62,61,62,61,62,68,69,68,67,66,65,64],"relics":["Burning Blood","Paper Frog","Dream Catcher","Meat on the Bone","Orichalcum","Frozen Egg 2","War Paint","Juzu Bracelet","Art of War","Toolbox","Strawberry","Prayer Wheel","Kunai","Mark of Pain","Pear","Vajra","Du-Vu Doll","Anchor","Regal Pillow","Whetstone","Toxic Egg 2","Self Forming Clay","Ancient Tea Set","Bottled Lightning","Centennial Puzzle","Pen Nib","Bag of Marbles","Bag of Preparation","Sozu","Molten Egg 2","Ginger","Singing Bowl","The Courier","Darkstone Periapt","Ice Cream","Happy Flower","Lantern","Shuriken","Lee\u0027s Waffle","Omamori","Smiling Mask"],"card_choices":[{"not_picked":["Rampage","Disarm"],"picked":"Clothesline","floor":6},{"not_picked":["Exhume","Havoc"],"picked":"Armaments","floor":10},{"not_picked":["Dual Wield","Second Wind"],"picked":"Uppercut","floor":14},{"not_picked":["Juggernaut","Demon Form"],"picked":"Double Tap","floor":16},{"not_picked":["Fire Breathing","Wild Strike"],"picked":"Thunderclap","floor":23},{"not_picked":["Shrug It Off","Anger"],"picked":"Infernal Blade","floor":32},{"not_picked":["Ghostly Armor","Shrug It Off"],"picked":"Heavy Blade","floor":36}],"player_experience":268893,"potions_floor_usage":[7,7,16,18,21,22,23,33,33,50,50],"damage_taken":[{"damage":6,"enemies":"Jaw Worm","floor":1,"turns":2},{"damage":0,"enemies":"2 Louse","floor":2,"turns":2},{"damage":0,"enemies":"Small Slimes","floor":3,"turns":3},{"damage":29,"enemies":"Exordium Wildlife","floor":4,"turns":6},{"damage":0,"enemies":"3 Louse","floor":5,"turns":3},{"damage":0,"enemies":"Gremlin Nob","floor":7,"turns":4},{"damage":2,"enemies":"Red Slaver","floor":8,"turns":2},{"damage":9,"enemies":"Lagavulin","floor":10,"turns":8},{"damage":2,"enemies":"Blue Slaver","floor":11,"turns":3},{"damage":0,"enemies":"Gremlin Nob","floor":14,"turns":3},{"damage":9,"enemies":"The Guardian","floor":16,"turns":11},{"damage":0,"enemies":"Spheric Guardian","floor":18,"turns":3},{"damage":0,"enemies":"Chosen","floor":19,"turns":2},{"damage":2,"enemies":"Snecko","floor":20,"turns":4},{"damage":4,"enemies":"Snake Plant","floor":21,"turns":5},{"damage":0,"enemies":"Centurion and Healer","floor":22,"turns":6},{"damage":3,"enemies":"Slavers","floor":23,"turns":5},{"damage":7,"enemies":"Chosen and Byrds","floor":24,"turns":6},{"damage":0,"enemies":"Snecko","floor":25,"turns":4},{"damage":4,"enemies":"3 Cultists","floor":27,"turns":5},{"damage":0,"enemies":"Snake Plant","floor":29,"turns":2},{"damage":2,"enemies":"Book of Stabbing","floor":30,"turns":4},{"damage":0,"enemies":"Centurion and Healer","floor":31,"turns":4},{"damage":0,"enemies":"Champ","floor":33,"turns":9},{"damage":0,"enemies":"Flame Bruiser 1 Orb","floor":35,"turns":2},{"damage":0,"enemies":"Mysterious Sphere","floor":36,"turns":2},{"damage":0,"enemies":"Orb Walker","floor":37,"turns":1},{"damage":7,"enemies":"Spire Growth","floor":38,"turns":3},{"damage":0,"enemies":"Flame Bruiser 2 Orb","floor":39,"turns":3},{"damage":0,"enemies":"3 Darklings","floor":40,"turns":2},{"damage":0,"enemies":"2 Orb Walkers","floor":41,"turns":3},{"damage":0,"enemies":"Giant Head","floor":45,"turns":4},{"damage":0,"enemies":"Spire Growth","floor":48,"turns":2},{"damage":8,"enemies":"Time Eater","floor":50,"turns":5}],"event_choices":[{"event_name":"Big Fish","player_choice":"Donut","floor":13,"damage_taken":0},{"event_name":"Dead Adventurer","player_choice":"Searched \u00273\u0027 times","floor":14,"damage_taken":0},{"event_name":"Mysterious Sphere","player_choice":"Fight","floor":36,"damage_taken":0},{"event_name":"Upgrade Shrine","player_choice":"Upgraded","floor":42,"damage_taken":0},{"event_name":"Bonfire Elementals","player_choice":"BASIC","floor":47,"damage_taken":0}],"boss_relics":[{"not_picked":["Pandora\u0027s Box","Velvet Choker"],"picked":"Mark of Pain"},{"not_picked":["Runic Dome","Calling Bell"],"picked":"Sozu"}],"potions_floor_spawned":[1,3,5,10,16,18,19,23,24,25,30,33,36,37,38,39],"seed_played":"7182393064752794015","ascension_level":0,"is_trial":false}