{"gold_per_floor":[116,132,10,28,47,47,80,80,80,80,80,80,80,100,100,203,203,221,234,247,164,175,175],"floor_reached":23,"playtime":976,"items_purged":["Strike_B"],"score":309,"play_id":"b7631ffa-2b6a-4994-becd-10d1caf0e1da","local_time":"20190117192848","is_ascension_mode":true,"campfire_choices":[{"floor":6,"key":"REST"},{"floor":11,"key":"REST"},{"data":"Steam","floor":15,"key":"SMITH"}],"neow_cost":"NONE","seed_source_timestamp":1994664111131826,"circlet_count":0,"master_deck":["AscendersBane","Strike_B","Strike_B","Strike_B","Defend_B","Defend_B","Defend_B","Defend_B","Zap","Dualcast","Sweeping Beam","Cold Snap","Compile Driver","Gash+1","Steam+1","All For One","Genetic Algorithm+1","Echo Form","Cold Snap","Conserve Battery+1","Gash","Good Instincts+1","Coolheaded+1"],"relics":["White Beast Statue","Matryoshka","Toxic Egg 2","Omamori","Kunai","Cursed Key"],"potions_floor_usage":[4,5,7,14,16,16,19,19,23],"damage_taken":[{"damage":1,"enemies":"Cultist","floor":1,"turns":4},{"damage":13,"enemies":"Jaw Worm","floor":2,"turns":4},{"damage":12,"enemies":"Small Slimes","floor":4,"turns":3},{"damage":6,"enemies":"Looter","floor":5,"turns":3},{"damage":32,"enemies":"Gremlin Nob","floor":7,"turns":5},{"damage":0,"enemies":"Large Slime","floor":14,"turns":4},{"damage":61,"enemies":"The Guardian","floor":16,"turns":12},{"damage":23,"enemies":"Spheric Guardian","floor":18,"turns":7},{"damage":11,"enemies":"2 Thieves","floor":19,"turns":5},{"damage":5,"enemies":"Centurion and Healer","floor":20,"turns":9},{"damage":2,"enemies":"Cultist and Chosen","floor":22,"turns":6},{"damage":21,"enemies":"Slavers","floor":23,"turns":1}],"seed_played":"-7285109435552577265","potions_obtained":[{"floor":1,"key":"Strength Potion"},{"floor":2,"key":"Dexterity Potion"},{"floor":4,"key":"LiquidBronze"},{"floor":5,"key":"SpeedPotion"},{"floor":7,"key":"EssenceOfSteel"},{"floor":14,"key":"Dexterity Potion"},{"floor":16,"key":"FocusPotion"},{"floor":18,"key":"Explosive Potion"},{"floor":19,"key":"FearPotion"},{"floor":20,"key":"Swift Potion"},{"floor":22,"key":"Fire Potion"}],"is_trial":false,"path_per_floor":["M","M","$","M","M","R","E","?","T","?","R","?","?","M","R","B",null,"M","M","M","$","M","E"],"character_chosen":"DEFECT","items_purchased":["Compile Driver","Good Instincts+1"],"campfire_rested":2,"item_purchase_floors":[3,21],"current_hp_per_floor":[67,54,54,42,36,58,26,1,1,19,41,66,66,66,66,5,58,35,24,19,19,17,0],"gold":175,"neow_bonus":"BOSS_RELIC","is_prod":false,"is_daily":false,"chose_seed":false,"campfire_upgraded":1,"win_rate":0,"timestamp":1547753328,"path_taken":["M","M","$","M","?","R","E","?","T","?","R","?","?","M","R","BOSS","M","M","M","$","M","E"],"build_version":"2019-01-10","purchased_purges":1,"victory":false,"max_hp_per_floor":[75,75,75,75,75,75,75,75,75,75,75,75,75,75,75,75,75,75,75,75,75,75,75],"card_choices":[{"not_picked":["Compile Driver","Go for the Eyes"],"picked":"Sweeping Beam","floor":1},{"not_picked":["Steam","Aggregate"],"picked":"Cold Snap","floor":2},{"not_picked":["FTL","Lockon"],"picked":"Gash","floor":4},{"not_picked":["Stack","Biased Cognition"],"picked":"Steam","floor":5},{"not_picked":["Stack","Go for the Eyes"],"picked":"All For One","floor":7},{"not_picked":["Static Discharge","Streamline"],"picked":"Genetic Algorithm+1","floor":14},{"not_picked":["Amplify+1","Machine Learning"],"picked":"Echo Form","floor":16},{"not_picked":["Tempest+1","Streamline"],"picked":"Cold Snap","floor":18},{"not_picked":["Sweeping Beam","Biased Cognition"],"picked":"Conserve Battery+1","floor":19},{"not_picked":["Blizzard","Consume+1"],"picked":"Gash","floor":20},{"not_picked":["Barrage","Gash"],"picked":"Coolheaded+1","floor":22}],"player_experience":395390,"relics_obtained":[{"floor":7,"key":"Matryoshka"},{"floor":9,"key":"Omamori"},{"floor":9,"key":"Kunai"}],"event_choices":[{"damage_healed":0,"gold_gain":0,"player_choice":"Success","damage_taken":25,"relics_obtained":["Toxic Egg 2"],"max_hp_gain":0,"max_hp_loss":0,"event_name":"Scrap Ooze","floor":8,"gold_loss":0},{"damage_healed":18,"gold_gain":0,"player_choice":"Healed and dodged fight","damage_taken":0,"max_hp_gain":0,"max_hp_loss":0,"event_name":"Mushrooms","floor":10,"gold_loss":0,"cards_obtained":["Parasite"]},{"damage_healed":25,"gold_gain":0,"player_choice":"Banana","damage_taken":0,"max_hp_gain":0,"max_hp_loss":0,"event_name":"Big Fish","floor":12,"gold_loss":0},{"damage_healed":0,"gold_gain":0,"player_choice":"Grow","damage_taken":0,"max_hp_gain":0,"max_hp_loss":0,"event_name":"Living Wall","floor":13,"gold_loss":0,"cards_upgraded":["Gash"]}],"is_beta":false,"boss_relics":[{"not_picked":["Ectoplasm","Pandora\u0027s Box"],"picked":"Cursed Key"}],"items_purged_floors":[3],"is_endless":false,"potions_floor_spawned":[1,2,4,5,7,14,16,18,19,20,22],"killed_by":"Slavers","ascension_level":12}