{"gold_per_floor":[213,233,233,245,265,265,280,280,280,303,331,343,372,394,406,515,527,552,654,676,699,407,407],"floor_reached":23,"playtime":2886,"items_purged":["Strike_B"],"score":189,"play_id":"603dffe6-4489-4d31-a8b5-468914bc524e","local_time":"20190402000725","is_ascension_mode":false,"campfire_choices":[{"data":"Redo","floor":6,"key":"SMITH"},{"data":"Double Energy","floor":8,"key":"SMITH"},{"data":"Buffer","floor":12,"key":"SMITH"},{"data":"Dualcast","floor":15,"key":"SMITH"}],"neow_cost":"NONE","seed_source_timestamp":74038717944433,"circlet_count":0,"master_deck":["Strike_B","Strike_B","Strike_B","Defend_B","Defend_B","Defend_B","Defend_B","Zap","Dualcast+1","Redo+1","Auto Shields","Coolheaded","Glacier","Double Energy+1","Loop","Buffer+1","Reboot","Core Surge","Aggregate","Deep Breath","Capacitor","Streamline","Blizzard"],"relics":["Cracked Core","Matryoshka","Symbiotic Virus","MawBank","Fusion Hammer","Bag of Preparation"],"potions_floor_usage":[11,16,23,23,23],"damage_taken":[{"damage":0,"enemies":"Small Slimes","floor":1,"turns":2},{"damage":0,"enemies":"Cultist","floor":2,"turns":3},{"damage":0,"enemies":"Jaw Worm","floor":4,"turns":3},{"damage":0,"enemies":"Lots of Slimes","floor":5,"turns":9},{"damage":1,"enemies":"Exordium Wildlife","floor":7,"turns":2},{"damage":0,"enemies":"Large Slime","floor":10,"turns":6},{"damage":4,"enemies":"2 Fungi Beasts","floor":11,"turns":2},{"damage":12,"enemies":"Blue Slaver","floor":13,"turns":2},{"damage":0,"enemies":"Red Slaver","floor":14,"turns":4},{"damage":23,"enemies":"The Guardian","floor":16,"turns":20},{"damage":0,"enemies":"3 Byrds","floor":18,"turns":6},{"damage":0,"enemies":"Chosen","floor":20,"turns":7},{"damage":4,"enemies":"Snecko","floor":21,"turns":5},{"damage":55,"enemies":"Gremlin Leader","floor":23,"turns":11}],"seed_played":"9016944636127309961","potions_obtained":[{"floor":2,"key":"Fire Potion"},{"floor":7,"key":"AttackPotion"},{"floor":10,"key":"Poison Potion"},{"floor":11,"key":"Swift Potion"},{"floor":16,"key":"GamblersBrew"},{"floor":18,"key":"Swift Potion"}],"is_trial":false,"path_per_floor":["M","M","?","M","M","R","M","R","T","M","M","R","M","M","R","B",null,"M","?","M","M","$","E"],"character_chosen":"DEFECT","items_purchased":["Blizzard","Bag of Preparation"],"campfire_rested":0,"item_purchase_floors":[22,22],"current_hp_per_floor":[75,75,63,63,63,63,62,62,62,62,58,58,46,46,46,23,75,75,54,54,50,50,0],"gold":407,"neow_bonus":"HUNDRED_GOLD","is_prod":false,"is_daily":false,"chose_seed":false,"campfire_upgraded":4,"win_rate":0,"timestamp":1554181645,"path_taken":["M","M","?","M","M","R","M","R","T","M","M","R","M","M","R","BOSS","M","?","M","M","$","E"],"build_version":"2019-01-23","purchased_purges":1,"victory":false,"max_hp_per_floor":[75,75,75,75,75,75,75,75,75,75,75,75,75,75,75,75,75,75,75,75,75,75,75],"card_choices":[{"not_picked":["Turbo","Scrape"],"picked":"Redo","floor":1},{"not_picked":["Conserve Battery","Leap"],"picked":"Auto Shields","floor":2},{"not_picked":["Steam","Turbo"],"picked":"Coolheaded","floor":4},{"not_picked":["Ball Lightning","Double Energy"],"picked":"Glacier","floor":5},{"not_picked":["Compile Driver","Force Field"],"picked":"Double Energy","floor":7},{"not_picked":["Tempest","Conserve Battery"],"picked":"Loop","floor":10},{"not_picked":["Ball Lightning","Redo"],"picked":"Buffer","floor":11},{"not_picked":["Beam Cell","Redo","Sweeping Beam"],"picked":"SKIP","floor":13},{"not_picked":["Recycle","Ball Lightning"],"picked":"Reboot","floor":14},{"not_picked":["Thunder Strike","Meteor Strike"],"picked":"Core Surge","floor":16},{"not_picked":["Sweeping Beam","Gash+1"],"picked":"Aggregate","floor":18},{"not_picked":["Go for the Eyes","Hologram+1"],"picked":"Capacitor","floor":20},{"not_picked":["Leap","Hologram"],"picked":"Streamline","floor":21}],"player_experience":401482,"relics_obtained":[{"floor":9,"key":"Symbiotic Virus"},{"floor":9,"key":"MawBank"}],"event_choices":[{"damage_healed":0,"gold_gain":0,"player_choice":"Success","damage_taken":12,"relics_obtained":["Matryoshka"],"max_hp_gain":0,"max_hp_loss":0,"event_name":"Scrap Ooze","floor":3,"gold_loss":0},{"damage_healed":0,"gold_gain":90,"player_choice":"GOLD CARD ","damage_taken":21,"max_hp_gain":0,"max_hp_loss":0,"event_name":"Knowing Skull","floor":19,"potions_obtained":[],"gold_loss":0,"cards_obtained":["Deep Breath"]}],"is_beta":false,"boss_relics":[{"not_picked":["Ectoplasm","Orrery"],"picked":"Fusion Hammer"}],"items_purged_floors":[22],"is_endless":false,"potions_floor_spawned":[2,7,10,11,16,18],"killed_by":"Gremlin Leader","ascension_level":0}