{"path_per_floor":["M","M","M","?","?","E","R","M","T","M","?","R","$","M","R","B",null,"M","?","$","?","M","E","M","R","T","R","E","M","M","M","R","B",null,"M","M","?","?","$","R","M","M","T","R","?","M","M","$","R","B"],"character_chosen":"IRONCLAD","items_purchased":["Apotheosis","Metallicize","Battle Trance","Iron Wave","Shrug It Off","Vajra"],"gold_per_floor":[109,126,144,94,169,204,204,221,274,287,462,462,64,79,79,175,175,188,188,18,18,29,60,75,75,75,75,108,123,136,146,146,247,277,290,301,301,301,25,25,36,52,77,77,0,14,28,28,28,28],"floor_reached":51,"campfire_rested":1,"playtime":4649,"current_hp_per_floor":[71,70,60,60,49,41,41,51,51,49,49,49,49,50,50,43,80,58,58,58,58,63,60,69,69,69,69,77,69,79,95,95,101,139,137,92,92,92,92,92,101,113,113,113,113,85,65,65,121,53],"items_purged":["Defend_R","Doubt","Decay"],"gold":28,"play_id":"b89f1040-39db-4b1b-9882-fbe759509315","is_prod":false,"is_daily":false,"campfire_rituals":0,"campfire_upgraded":8,"is_hardmode":false,"path_taken":["M","M","M","?","?","E","R","M","T","M","?","R","$","M","R","BOSS","M","?","?","?","?","E","M","R","T","R","E","M","?","?","R","BOSS","M","M","?","?","$","R","M","M","T","R","?","M","?","$","R","BOSS"],"build_version":"2018-01-04-PROD1","purchased_purges":4,"victory":true,"master_deck":["Strike_R","Strike_R","Defend_R","Defend_R","Bash","Cleave","Clash","Body Slam","Barricade","Dual Wield","Entrench","Apotheosis","Metallicize","Battle Trance","Headbutt","Feed","Clash","Iron Wave","Shrug It Off","Dual Wield","Entrench","Rampage","Battle Trance","Demon Form","Doubt","Headbutt","Regret","Body Slam"],"max_hp_per_floor":[80,80,80,80,80,80,80,80,80,80,80,80,80,80,80,80,80,84,84,84,84,88,92,95,95,95,95,98,106,116,126,126,132,139,145,151,151,151,151,151,167,173,173,173,173,177,187,187,187,187],"relics":["Burning Blood","Meat on the Bone","Toxic Egg","Cursed Key","Singing Bowl","Ornamental Fan","Frozen Eye","Tiny House","Vajra","Blood Vial","Red Mask"],"campfire_meditates":0,"card_choices":[{"not_picked":["Wild Strike","Power Through"],"picked":"Cleave"},{"not_picked":["Warcry","Cleave"],"picked":"Clash"},{"not_picked":["Uppercut","Headbutt"],"picked":"Body Slam"},{"not_picked":["Dropkick","Warcry"],"picked":"Barricade"},{"not_picked":["Anger","Armaments"],"picked":"Dual Wield"},{"not_picked":["Warcry","Sword Boomerang"],"picked":"Entrench"},{"not_picked":["Iron Wave","Cleave"],"picked":"Headbutt"},{"not_picked":["Berserk","Bludgeon"],"picked":"Feed"},{"not_picked":["Wild Strike","Thunderclap"],"picked":"Clash"},{"not_picked":["Wild Strike","Dual Wield"],"picked":"Entrench"},{"not_picked":["Anger","Dropkick"],"picked":"Rampage"},{"not_picked":["Disarm","Combust"],"picked":"Battle Trance"},{"not_picked":["Corruption","Dual Wield"],"picked":"Demon Form"},{"not_picked":["Seeing Red","Second Wind"],"picked":"Headbutt"},{"not_picked":["Corruption","Seeing Red"],"picked":"Body Slam"}],"player_experience":172378,"potions_floor_usage":[14,14,16,23,30,31,35,41],"damage_taken":[{"damage":15,"enemies":"Jaw Worm","floor":1,"turns":5},{"damage":7,"enemies":"2 Louse","floor":2,"turns":2},{"damage":16,"enemies":"Blue Slaver","floor":3,"turns":5},{"damage":14,"enemies":"Gremlin Nob","floor":6,"turns":3},{"damage":8,"enemies":"2 Fungi Beasts","floor":8,"turns":4},{"damage":20,"enemies":"Large Slime","floor":10,"turns":6},{"damage":17,"enemies":"Exordium Thugs","floor":14,"turns":5},{"damage":25,"enemies":"The Guardian","floor":16,"turns":7},{"damage":32,"enemies":"2 Thieves","floor":18,"turns":4},{"damage":5,"enemies":"3 Byrds","floor":22,"turns":6},{"damage":13,"enemies":"Book of Stabbing","floor":23,"turns":4},{"damage":0,"enemies":"Snecko","floor":24,"turns":3},{"damage":1,"enemies":"Gremlin Leader","floor":28,"turns":6},{"damage":34,"enemies":"Sentry and Sphere","floor":29,"turns":12},{"damage":6,"enemies":"Centurion and Healer","floor":30,"turns":7},{"damage":0,"enemies":"3 Cultists","floor":31,"turns":7},{"damage":6,"enemies":"Automaton","floor":33,"turns":9},{"damage":14,"enemies":"3 Shapes","floor":35,"turns":11},{"damage":57,"enemies":"3 Darklings","floor":36,"turns":13},{"damage":13,"enemies":"4 Shapes","floor":41,"turns":14},{"damage":0,"enemies":"Maw","floor":42,"turns":9},{"damage":52,"enemies":"3 Darklings","floor":46,"turns":9},{"damage":50,"enemies":"Sphere and 2 Shapes","floor":47,"turns":10},{"damage":88,"enemies":"Donu and Deca","floor":50,"turns":8}],"event_choices":[{"event_name":"The Cleric","player_choice":"Card Removal","floor":4,"damage_taken":0},{"event_name":"World of Goop","player_choice":"Gather Gold","floor":5,"damage_taken":0},{"event_name":"Liars Game","player_choice":"agreed","floor":11,"damage_taken":0},{"event_name":"Back to Basics","player_choice":"Elegance","floor":19,"damage_taken":0},{"event_name":"The Library","player_choice":"Read","floor":21,"damage_taken":0},{"event_name":"Purifier","player_choice":"One Purge","floor":38,"damage_taken":0},{"event_name":"Tomb of Lord Red Mask","player_choice":"Paid","floor":45,"damage_taken":0}],"boss_relics":[{"not_picked":["Runic Pyramid","Philosopher\u0027s Stone"],"picked":"Cursed Key"},{"not_picked":["Pandora\u0027s Box","Lizard Tail"],"picked":"Tiny House"}],"potions_floor_spawned":[2,6,8,18,29,30,31,35,46],"seed_played":"-7045874320314523552","is_trial":false}