{"path_per_floor":["M","?","?","M","M","R","M","?","T","$","M","M","?","E","R","B",null,"M","?"],"character_chosen":"THE_SILENT","items_purchased":["Grand Finale"],"gold_per_floor":[110,110,110,122,135,135,151,226,226,77,96,116,116,151,151,281,281,304,304],"floor_reached":20,"campfire_rested":0,"playtime":1195,"current_hp_per_floor":[70,70,75,75,75,75,74,63,63,63,59,53,53,28,28,26,69,43,27],"items_purged":["Strike_G"],"gold":304,"play_id":"97745223-4926-4344-94c9-41d4bc4151b2","is_prod":false,"is_daily":false,"is_ascension_mode":false,"campfire_upgraded":2,"path_taken":["M","?","?","M","M","R","M","?","T","$","?","M","?","E","R","BOSS","M","?","?"],"build_version":"2018-01-25-BETA1","purchased_purges":1,"victory":false,"master_deck":["Survivor","Neutralize","Cloak And Dagger+1","Dagger Spray","Accuracy+1","Footwork+1","Grand Finale","Backflip","Dagger Throw","Grand Finale","Sucker Punch","Caltrops","Quick Slash","Backflip","Concentrate","Dodge and Roll","Prepared","Bane","Sucker Punch"],"max_hp_per_floor":[70,70,75,75,75,75,75,75,75,75,75,75,69,69,69,69,69,69,69],"relics":["Ring of the Snake","Pen Nib","Dodecahedron","Golden Idol","Ancient Tea Set","Pandora\u0027s Box","Enchiridion"],"card_choices":[{"not_picked":["Night Terror","Reflex"],"picked":"Cloak And Dagger"},{"not_picked":["Deadly Poison","Sucker Punch"],"picked":"Dagger Spray"},{"not_picked":["Bane","Backflip"],"picked":"Accuracy"},{"not_picked":["Flying Knee","Dagger Throw"],"picked":"Footwork"},{"not_picked":["After Image","Underhanded Strike"],"picked":"Backflip"},{"not_picked":["Sucker Punch","Skewer"],"picked":"Dagger Throw"},{"not_picked":["Die Die Die","Corpse Explosion"],"picked":"Grand Finale"}],"player_experience":107364,"potions_floor_usage":[16,16,16],"damage_taken":[{"damage":0,"enemies":"Jaw Worm","floor":1,"turns":6},{"damage":0,"enemies":"Blue Slaver","floor":4,"turns":4},{"damage":0,"enemies":"Cultist","floor":5,"turns":5},{"damage":1,"enemies":"2 Fungi Beasts","floor":7,"turns":3},{"damage":4,"enemies":"Looter","floor":11,"turns":4},{"damage":6,"enemies":"Large Slime","floor":12,"turns":7},{"damage":25,"enemies":"Gremlin Nob","floor":14,"turns":5},{"damage":14,"enemies":"Slime Boss","floor":16,"turns":9},{"damage":26,"enemies":"Chosen","floor":18,"turns":5},{"damage":27,"enemies":"Masked Bandits","floor":20,"turns":3}],"event_choices":[{"event_name":"Upgrade Shrine","player_choice":"Upgraded","floor":2,"damage_taken":0},{"event_name":"Big Fish","player_choice":"Donut","floor":3,"damage_taken":0},{"event_name":"World of Goop","player_choice":"Gather Gold","floor":8,"damage_taken":0},{"event_name":"Golden Idol","player_choice":"Lose Max HP","floor":13,"damage_taken":0},{"event_name":"Cursed Tome","player_choice":"Obtained Book","floor":19,"damage_taken":0},{"event_name":"Masked Bandits","player_choice":"Fought over 304 gold","floor":20,"damage_taken":0}],"boss_relics":[{"not_picked":["Eternal Feather","Tiny House"],"picked":"Pandora\u0027s Box"}],"potions_floor_spawned":[4,7,11],"seed_played":"3089240954941441685","killed_by":"Masked Bandits","ascension_level":0,"is_trial":false}