{"path_per_floor":["M","?","?","M","?","E","R","M","T","R","?","R","M","$","R"],"character_chosen":"DEFECT","items_purchased":[],"gold_per_floor":[20,20,20,36,36,67,67,85,85,85,85,85,106,46,46,46],"floor_reached":16,"campfire_rested":3,"playtime":500,"item_purchase_floors":[],"current_hp_per_floor":[75,75,57,57,57,2,24,17,17,39,39,61,58,58,58,44],"items_purged":["Injury"],"gold":46,"score":113,"play_id":"a354d30a-cb82-4fd7-b0b9-7e53b54865b7","local_time":"20180608174348","is_prod":false,"is_daily":false,"chose_seed":false,"is_ascension_mode":true,"campfire_upgraded":1,"win_rate":0,"timestamp":1528476228,"campfire_choices":[{"floor":7,"key":"REST"},{"floor":10,"key":"REST"},{"floor":12,"key":"REST"},{"data":"Turbo","floor":15,"key":"SMITH"}],"path_taken":["M","?","?","M","?","E","R","M","T","R","?","R","?","?","R","BOSS"],"build_version":"2018-06-07","seed_source_timestamp":82543269603360,"purchased_purges":1,"victory":false,"master_deck":["Strike_B","Strike_B","Strike_B","Strike_B","Defend_B","Defend_B","Defend_B","Defend_B","Dualcast","Steam","Turbo+1","Scrape","Blind","Turbo"],"max_hp_per_floor":[75,75,75,75,75,75,75,75,75,75,75,75,75,75,75,75],"relics":["Cracked Core","Unceasing Top","Golden Idol","The Courier","Question Card"],"card_choices":[{"not_picked":["Blizzard","Streamline"],"picked":"Steam","floor":1},{"not_picked":["Tempest","Hologram"],"picked":"Turbo","floor":4},{"not_picked":["Sweeping Beam","Coolheaded","Amplify"],"picked":"SKIP","floor":6},{"not_picked":["Heatsinks","Cold Snap"],"picked":"Scrape","floor":8},{"not_picked":["Redo","Conserve Battery","Skim","Coolheaded"],"picked":"SKIP","floor":13}],"player_experience":279030,"potions_floor_usage":[4,6,16],"damage_taken":[{"damage":0,"enemies":"Small Slimes","floor":1,"turns":2},{"damage":0,"enemies":"Cultist","floor":4,"turns":3},{"damage":55,"enemies":"Gremlin Nob","floor":6,"turns":6},{"damage":7,"enemies":"Jaw Worm","floor":8,"turns":2},{"damage":3,"enemies":"Looter","floor":13,"turns":4},{"damage":14,"enemies":"The Guardian","floor":16,"turns":6}],"relics_obtained":[{"floor":6,"key":"The Courier"},{"floor":9,"key":"Question Card"}],"event_choices":[{"event_name":"The Lab","player_choice":"Got Potions","floor":2,"damage_taken":0},{"event_name":"Golden Idol","player_choice":"Take Damage","floor":3,"damage_taken":0},{"event_name":"Bonfire Elementals","player_choice":"BASIC","floor":5,"damage_taken":0},{"event_name":"Match and Keep!","player_choice":"3 cards matched","floor":11,"damage_taken":0}],"boss_relics":[],"items_purged_floors":[14],"potions_floor_spawned":[1],"seed_played":"3989324589585800350","killed_by":"The Guardian","ascension_level":3,"potions_obtained":[{"floor":1,"key":"PowerPotion"},{"floor":2,"key":"Weak Potion"},{"floor":2,"key":"GamblersBrew"}],"is_trial":false}