{"path_per_floor":["M","M","M","?","?","E","M","R","T","M","M","$","R","M","R","B",null,"M","?","?","M"],"character_chosen":"THE_SILENT","items_purchased":["Backflip"],"gold_per_floor":[114,129,144,144,144,174,189,189,189,204,219,174,174,189,189,289,289,304,219,219,234,234],"floor_reached":22,"campfire_rested":2,"playtime":1152,"current_hp_per_floor":[75,77,77,70,70,43,35,58,58,58,55,55,55,40,65,2,79,47,47,47,33,0],"items_purged":[],"gold":234,"score":188,"play_id":"4a620c48-50f4-49d7-a2a4-d08616539f5a","local_time":"20180423223746","daily_mods":["Allstar","Uncertain Future","Vintage"],"is_prod":false,"is_daily":true,"chose_seed":false,"is_ascension_mode":false,"campfire_upgraded":1,"timestamp":1524544666,"path_taken":["M","M","M","?","?","E","M","R","T","M","?","$","R","M","R","BOSS","M","?","?","M","M"],"build_version":"2018-04-19","seed_source_timestamp":0,"purchased_purges":0,"victory":false,"master_deck":["Defend_G","Defend_G","Defend_G","Defend_G","Defend_G","Strike_G","Strike_G","Strike_G","Strike_G","Survivor","Neutralize","Flash of Steel+1","Enlightenment","Purity","Bandage Up","Sadistic Nature","Concentrate","Backflip","Adrenaline","Heel Hook"],"max_hp_per_floor":[77,77,77,77,77,77,77,77,77,77,77,77,77,77,79,79,79,79,79,79,79,79],"relics":["Ring of the Snake","Strawberry","Anchor","Tingsha","Orichalcum","Singing Bowl","Calipers","Dream Catcher","Darkstone Periapt","The Specimen","Pantograph","Lizard Tail","Blue Candle","Question Card","Bird Faced Urn"],"card_choices":[{"not_picked":["Dodge and Roll","Outmaneuver"],"picked":"Concentrate","floor":6},{"not_picked":["A Thousand Cuts","Glass Knife"],"picked":"Adrenaline","floor":16}],"player_experience":322560,"potions_floor_usage":[6,16],"damage_taken":[{"damage":2,"enemies":"Jaw Worm","floor":1,"turns":5},{"damage":0,"enemies":"Small Slimes","floor":2,"turns":3},{"damage":3,"enemies":"2 Louse","floor":3,"turns":4},{"damage":31,"enemies":"Lagavulin","floor":6,"turns":7},{"damage":12,"enemies":"Gremlin Gang","floor":7,"turns":9},{"damage":4,"enemies":"Looter","floor":10,"turns":4},{"damage":7,"enemies":"Blue Slaver","floor":11,"turns":4},{"damage":19,"enemies":"Exordium Wildlife","floor":14,"turns":7},{"damage":67,"enemies":"Slime Boss","floor":16,"turns":14},{"damage":36,"enemies":"Chosen","floor":18,"turns":10},{"damage":18,"enemies":"Shell Parasite","floor":21,"turns":9},{"damage":84,"enemies":"3 Cultists","floor":22,"turns":7}],"event_choices":[{"event_name":"Golden Wing","player_choice":"Card Removal","floor":4,"damage_taken":0},{"event_name":"The Cleric","player_choice":"Leave","floor":5,"damage_taken":0},{"event_name":"Addict","player_choice":"Obtained Relic","floor":19,"damage_taken":0},{"event_name":"The Library","player_choice":"Read","floor":20,"damage_taken":0}],"boss_relics":[{"not_picked":["Calling Bell","Snecko Eye"],"picked":"Lizard Tail"}],"potions_floor_spawned":[3,6,11],"seed_played":"1774299086368063468","killed_by":"3 Cultists","ascension_level":0,"is_trial":false}