{"gold_per_floor":[218,235,39,55,55,89,89,107,156,156,173,123,149,149,149,253,253,265,285,285,18,35,35,70,70,70,70,82,98,98,109,109,210,210,229,245,262,274,374,374,374],"floor_reached":41,"playtime":2961,"items_purged":["Strike_B"],"score":653,"play_id":"6af6ba7f-cb51-4db9-8696-8fd868cc64c0","local_time":"20190418151624","is_ascension_mode":true,"campfire_choices":[{"data":"Coolheaded","floor":7,"key":"SMITH"},{"data":"Go for the Eyes","floor":10,"key":"SMITH"},{"floor":15,"key":"REST"},{"floor":23,"key":"REST"},{"data":"Multi-Cast","floor":25,"key":"SMITH"},{"data":"Electrodynamics","floor":27,"key":"SMITH"},{"floor":30,"key":"REST"},{"data":"Loop","floor":32,"key":"SMITH"},{"data":"Hologram","floor":40,"key":"SMITH"}],"neow_cost":"NONE","seed_source_timestamp":618572622873012,"circlet_count":0,"master_deck":["Defend_B","Defend_B","Defend_B","Defend_B+1","Zap+1","Dualcast+1","Melter","Ball Lightning","Doom and Gloom","Coolheaded+1","Glacier","Go for the Eyes+1","Loop+1","Cold Snap","Double Energy","Multi-Cast+1","Defragment+1","Electrodynamics+1","Conserve Battery","Glacier","Self Repair","Meteor Strike","Hologram+1"],"relics":["Cracked Core","Matryoshka","Bag of Preparation","Centennial Puzzle","Potion Belt","Snecko Eye","Darkstone Periapt","War Paint","Sozu","Ginger"],"potions_floor_usage":[24,24,33,41],"damage_taken":[{"damage":7,"enemies":"Jaw Worm","floor":1,"turns":4},{"damage":2,"enemies":"2 Louse","floor":2,"turns":2},{"damage":0,"enemies":"Small Slimes","floor":4,"turns":2},{"damage":14,"enemies":"Gremlin Nob","floor":6,"turns":3},{"damage":13,"enemies":"Exordium Thugs","floor":8,"turns":3},{"damage":0,"enemies":"Gremlin Gang","floor":11,"turns":4},{"damage":28,"enemies":"3 Sentries","floor":13,"turns":6},{"damage":7,"enemies":"The Guardian","floor":16,"turns":8},{"damage":12,"enemies":"Shell Parasite","floor":18,"turns":5},{"damage":10,"enemies":"3 Byrds","floor":19,"turns":5},{"damage":13,"enemies":"Snake Plant","floor":22,"turns":5},{"damage":25,"enemies":"Gremlin Leader","floor":24,"turns":4},{"damage":14,"enemies":"Shelled Parasite and Fungi","floor":28,"turns":7},{"damage":0,"enemies":"3 Cultists","floor":29,"turns":2},{"damage":0,"enemies":"Cultist and Chosen","floor":31,"turns":4},{"damage":13,"enemies":"Champ","floor":33,"turns":8},{"damage":0,"enemies":"3 Shapes","floor":35,"turns":1},{"damage":0,"enemies":"3 Darklings","floor":36,"turns":2},{"damage":0,"enemies":"Spire Growth","floor":37,"turns":5},{"damage":1,"enemies":"Sphere and 2 Shapes","floor":38,"turns":3},{"damage":0,"enemies":"Mind Bloom Boss Battle","floor":39,"turns":5},{"damage":89,"enemies":"Giant Head","floor":41,"turns":13}],"seed_played":"7909180602973659536","potions_obtained":[{"floor":1,"key":"Ancient Potion"},{"floor":2,"key":"Fire Potion"},{"floor":6,"key":"Weak Potion"},{"floor":22,"key":"Explosive Potion"},{"floor":28,"key":"Weak Potion"},{"floor":31,"key":"Block Potion"},{"floor":33,"key":"Energy Potion"}],"is_trial":false,"path_per_floor":["M","M","$","M","?","E","R","M","T","R","M","?","E","?","R","B",null,"M","M","?","$","M","R","E","R","T","R","M","M","R","M","R","B",null,"M","M","M","M","?","R","E"],"character_chosen":"DEFECT","items_purchased":["Doom and Gloom","AttackPotion","Electrodynamics","Conserve Battery","FocusPotion"],"campfire_rested":3,"item_purchase_floors":[3,3,21,21,21],"current_hp_per_floor":[61,59,59,59,59,45,45,32,32,32,32,32,4,4,26,19,61,49,39,39,39,26,48,23,23,23,23,9,9,31,31,31,25,63,63,70,75,75,75,75,0],"gold":374,"neow_bonus":"HUNDRED_GOLD","is_prod":false,"is_daily":false,"chose_seed":false,"campfire_upgraded":6,"win_rate":0,"timestamp":1555618584,"path_taken":["M","M","$","M","?","E","R","M","T","R","M","?","E","?","R","BOSS","M","M","?","$","?","R","E","R","T","R","M","M","R","M","R","BOSS","M","M","M","M","?","R","E"],"build_version":"2019-01-23","purchased_purges":1,"victory":false,"max_hp_per_floor":[75,75,75,75,75,75,75,75,75,75,75,75,75,75,75,75,75,75,75,75,75,75,75,75,75,75,75,75,75,75,75,75,75,75,75,75,75,75,75,75,75],"card_choices":[{"not_picked":["Recycle","Rebound"],"picked":"Melter","floor":1},{"not_picked":["Auto Shields","Cold Snap"],"picked":"Ball Lightning","floor":2},{"not_picked":["Turbo","Streamline"],"picked":"Coolheaded","floor":4},{"not_picked":["Redo","Storm"],"picked":"Glacier","floor":6},{"not_picked":["Darkness","Barrage","Go for the Eyes"],"picked":"SKIP","floor":8},{"not_picked":["Darkness","Barrage"],"picked":"Go for the Eyes","floor":8},{"not_picked":["Beam Cell","Reprogram"],"picked":"Loop","floor":11},{"not_picked":["Force Field","Glacier"],"picked":"Cold Snap","floor":13},{"not_picked":["Amplify","Machine Learning"],"picked":"Multi-Cast","floor":16},{"not_picked":["Turbo","Barrage","Chaos"],"picked":"SKIP","floor":18},{"not_picked":["Streamline","Hologram+1"],"picked":"Defragment+1","floor":19},{"not_picked":["Consume","Glacier","Chill"],"picked":"SKIP","floor":22},{"not_picked":["Consume","Chill"],"picked":"Glacier","floor":22},{"not_picked":["Thunder Strike","Barrage","Darkness"],"picked":"SKIP","floor":24},{"not_picked":["Storm+1","Double Energy","Heatsinks+1"],"picked":"SKIP","floor":28},{"not_picked":["Darkness","Beam Cell"],"picked":"Self Repair","floor":29},{"not_picked":["Skim","Sweeping Beam+1","Rip and Tear+1"],"picked":"SKIP","floor":31},{"not_picked":["Reboot","Seek"],"picked":"Meteor Strike","floor":33},{"not_picked":["Force Field+1","Barrage+1"],"picked":"Hologram","floor":35},{"not_picked":["Go for the Eyes+1","Compile Driver","Hologram+1"],"picked":"SKIP","floor":36},{"not_picked":["Barrage+1","Leap+1","Redo"],"picked":"SKIP","floor":37},{"not_picked":["Aggregate","Rip and Tear","Redo"],"picked":"SKIP","floor":38}],"player_experience":613555,"relics_obtained":[{"floor":6,"key":"Matryoshka"},{"floor":9,"key":"Bag of Preparation"},{"floor":9,"key":"Centennial Puzzle"},{"floor":13,"key":"Potion Belt"},{"floor":24,"key":"Darkstone Periapt"},{"floor":26,"key":"War Paint"},{"floor":39,"key":"Ginger"}],"event_choices":[{"damage_healed":0,"gold_gain":0,"player_choice":"Grow","damage_taken":0,"max_hp_gain":0,"max_hp_loss":0,"event_name":"Living Wall","floor":5,"gold_loss":0,"cards_upgraded":["Zap"]},{"cards_removed":["Strike_B"],"damage_healed":0,"gold_gain":0,"player_choice":"Card Removal","damage_taken":0,"max_hp_gain":0,"max_hp_loss":0,"event_name":"The Cleric","floor":12,"gold_loss":50},{"damage_healed":0,"gold_gain":0,"cards_transformed":["Strike_B"],"player_choice":"Transformed","damage_taken":0,"max_hp_gain":0,"max_hp_loss":0,"event_name":"Transmorgrifier","floor":14,"gold_loss":0,"cards_obtained":["Double Energy"]},{"cards_removed":["Strike_B"],"damage_healed":0,"gold_gain":0,"player_choice":"Purged","damage_taken":0,"max_hp_gain":0,"max_hp_loss":0,"event_name":"Purifier","floor":20,"gold_loss":0},{"damage_healed":0,"gold_gain":0,"player_choice":"Fight","damage_taken":0,"max_hp_gain":0,"max_hp_loss":0,"event_name":"MindBloom","floor":39,"gold_loss":0}],"is_beta":false,"boss_relics":[{"not_picked":["Tiny House","Runic Dome"],"picked":"Snecko Eye"},{"not_picked":["Pandora\u0027s Box","Black Star"],"picked":"Sozu"}],"items_purged_floors":[3],"is_endless":false,"potions_floor_spawned":[1,2,6,11,22,28,31,33,36,38],"killed_by":"Giant Head","ascension_level":9}