{"path_per_floor":["M","?","M","?","M","E","R","M","T","M","R","M","R","M","R","B",null,"M","M","?","?","M","R","?","E","T","R","?","M","$","E","R","B",null,"M","?","M","M","M","R","M","$","T","R","E","T","M","E","R","B"],"character_chosen":"IRONCLAD","items_purchased":["Paper Frog","Flame Barrier"],"gold_per_floor":[117,117,137,102,113,145,145,155,155,170,170,183,183,199,199,302,302,302,302,302,302,302,302,302,302,302,302,302,302,5,5,5,5,5,5,5,5,5,5,5,5,5,5,5,5,5,5,5,5,5],"floor_reached":51,"campfire_rested":3,"playtime":2710,"current_hp_per_floor":[80,64,63,80,80,35,59,65,79,79,79,77,77,81,81,52,94,94,92,92,92,90,90,90,38,38,66,66,72,72,78,78,76,94,94,94,94,89,79,79,81,81,83,83,63,65,63,63,94,30],"items_purged":[],"gold":5,"score":769,"play_id":"f69716ac-ec0b-4364-8c94-855ea7566695","is_prod":false,"is_daily":false,"is_ascension_mode":true,"campfire_upgraded":7,"path_taken":["M","?","M","?","M","E","R","M","T","?","R","M","R","M","R","BOSS","M","M","?","?","?","R","?","E","T","R","?","M","?","E","R","BOSS","M","?","?","M","M","R","M","$","T","R","E","?","M","E","R","BOSS"],"build_version":"2018-02-15-PROD1","purchased_purges":0,"victory":true,"master_deck":["Strike_R+1","Strike_R+1","Strike_R+1","Strike_R+1","Defend_R+1","Defend_R+1","Defend_R+1","Defend_R+1","Bash+1","Cleave+1","Shrug It Off+1","Battle Trance","Body Slam+1","Shrug It Off+1","Juggernaut+1","Body Slam+1","Shrug It Off+1","Flame Barrier","Offering+1","Burning Pact","Shockwave+1","Offering","Metallicize+1","Thunderclap+1"],"max_hp_per_floor":[80,80,80,80,80,80,80,80,94,94,94,94,94,94,94,94,94,94,94,94,94,94,94,94,94,94,94,94,94,94,94,94,94,94,94,94,94,94,94,94,94,94,96,96,98,100,102,104,104,104],"relics":["Burning Blood","Art of War","Lantern","Mango","Ectoplasm","Pen Nib","Prayer Wheel","Bag of Marbles","Paper Frog","Tiny Chest","Orrery","Singing Bowl","Ornamental Fan","Orichalcum","Happy Flower"],"card_choices":[{"not_picked":["Pommel Strike","Fire Breathing"],"picked":"Cleave"},{"not_picked":["Spot Weakness","Body Slam"],"picked":"Shrug It Off"},{"not_picked":["Searing Blow","Power Through"],"picked":"Battle Trance"},{"not_picked":["Armaments","Clash"],"picked":"Body Slam"},{"not_picked":["Cleave","Rampage"],"picked":"Shrug It Off"},{"not_picked":["Demon Form","Brutality"],"picked":"Juggernaut"},{"not_picked":["Havoc","Thunderclap"],"picked":"Body Slam"},{"not_picked":["Bloodletting","Flex"],"picked":"Shrug It Off"},{"not_picked":["Double Tap","Immolate"],"picked":"Offering"},{"not_picked":["Rage","Shockwave"],"picked":"Burning Pact"},{"not_picked":["Pommel Strike","Power Through"],"picked":"Shockwave"},{"not_picked":["Evolve","Flex"],"picked":"Offering"},{"not_picked":["Sentinel","Battle Trance"],"picked":"Metallicize"},{"not_picked":["Blood for Blood","Clash"],"picked":"Thunderclap"}],"player_experience":112604,"potions_floor_usage":[16,16,33,38,50,50,50],"damage_taken":[{"damage":6,"enemies":"Small Slimes","floor":1,"turns":4},{"damage":7,"enemies":"Jaw Worm","floor":3,"turns":3},{"damage":0,"enemies":"Cultist","floor":5,"turns":2},{"damage":51,"enemies":"Gremlin Nob","floor":6,"turns":5},{"damage":0,"enemies":"Large Slime","floor":8,"turns":3},{"damage":6,"enemies":"Lots of Slimes","floor":10,"turns":3},{"damage":8,"enemies":"Blue Slaver","floor":12,"turns":3},{"damage":2,"enemies":"3 Louse","floor":14,"turns":2},{"damage":35,"enemies":"The Guardian","floor":16,"turns":11},{"damage":0,"enemies":"Chosen","floor":18,"turns":4},{"damage":8,"enemies":"3 Byrds","floor":19,"turns":5},{"damage":8,"enemies":"Snecko","floor":22,"turns":5},{"damage":58,"enemies":"Slavers","floor":25,"turns":5},{"damage":0,"enemies":"Centurion and Healer","floor":29,"turns":3},{"damage":0,"enemies":"Book of Stabbing","floor":31,"turns":4},{"damage":23,"enemies":"Champ","floor":33,"turns":9},{"damage":4,"enemies":"3 Darklings","floor":35,"turns":3},{"damage":0,"enemies":"Orb Walker","floor":37,"turns":1},{"damage":11,"enemies":"4 Shapes","floor":38,"turns":3},{"damage":16,"enemies":"Maw","floor":39,"turns":5},{"damage":4,"enemies":"Sphere and 2 Shapes","floor":41,"turns":4},{"damage":28,"enemies":"Giant Head","floor":45,"turns":7},{"damage":10,"enemies":"3 Darklings","floor":47,"turns":2},{"damage":8,"enemies":"2 Orb Walkers","floor":48,"turns":1},{"damage":70,"enemies":"Time Eater","floor":50,"turns":9}],"event_choices":[{"event_name":"Shining Light","player_choice":"Entered Light","floor":2,"damage_taken":0},{"event_name":"The Cleric","player_choice":"Healed","floor":4,"damage_taken":0},{"event_name":"The Woman in Blue","player_choice":"Bought 0 Potions","floor":20,"damage_taken":0},{"event_name":"The Mausoleum","player_choice":"Yes","floor":21,"damage_taken":0},{"event_name":"Back to Basics","player_choice":"Simplicity","floor":24,"damage_taken":0},{"event_name":"Vampires","player_choice":"Ignored","floor":28,"damage_taken":0}],"boss_relics":[{"not_picked":["Runic Cube","Calling Bell"],"picked":"Ectoplasm"},{"not_picked":["Tiny House","Pandora\u0027s Box"],"picked":"Orrery"}],"potions_floor_spawned":[5,8,10,14,22,25,37,45],"seed_played":"-3220162825455324852","ascension_level":4,"is_trial":false}