{"gold_per_floor":[114,164,164,188,17,48,61,61,109,109,125,125,203,214,214,291,291,305,162,162,162,212,212,241,241,241,252,263,165,178,178,178,256,256,270,270,281,328,328,328,345,345,370,370,81,100,113,113],"floor_reached":48,"playtime":1877,"items_purged":["Strike_R"],"score":1142,"play_id":"6cc02316-9a02-44d3-8a32-4de17ef250f1","local_time":"20180918225314","is_ascension_mode":true,"campfire_choices":[{"data":"Inflame","floor":12,"key":"SMITH"},{"data":"Bash","floor":15,"key":"SMITH"},{"floor":23,"key":"REST"},{"data":"Offering","floor":25,"key":"SMITH"},{"data":"Limit Break","floor":32,"key":"SMITH"},{"floor":40,"key":"DIG"},{"floor":44,"key":"DIG"}],"neow_cost":"NONE","seed_source_timestamp":378627309195337,"circlet_count":0,"master_deck":["Strike_R","Strike_R","Strike_R","Strike_R+1","Defend_R+1","Defend_R","Bash+1","AscendersBane","Reckless Charge","Shrug It Off","Inflame+1","Limit Break+1","Double Tap","Carnage","Uppercut","Spot Weakness","Battle Trance","Offering+1","Cleave","Double Tap","Dropkick","Flash of Steel","Warcry","Bludgeon","Doubt","Normality","Writhe","Bloodletting+1","Discovery","Flash of Steel","Magnetism","Offering","Writhe","Inflame","Whirlwind+1"],"relics":["Burning Blood","NeowsBlessing","Pen Nib","Bag of Marbles","Vajra","Red Skull","The Courier","Orrery","Bottled Lightning","Blue Candle","Calling Bell","Juzu Bracelet","Question Card","Shovel","Bird Faced Urn","PreservedInsect","Potion Belt","Blood Vial","Sling"],"potions_floor_usage":[14,18,33,41,48],"damage_taken":[{"damage":0,"enemies":"2 Louse","floor":1,"turns":1},{"damage":0,"enemies":"Gremlin Nob","floor":6,"turns":1},{"damage":0,"enemies":"Cultist","floor":7,"turns":1},{"damage":7,"enemies":"Small Slimes","floor":11,"turns":3},{"damage":0,"enemies":"Exordium Thugs","floor":14,"turns":2},{"damage":42,"enemies":"Hexaghost","floor":16,"turns":5},{"damage":26,"enemies":"3 Byrds","floor":18,"turns":6},{"damage":13,"enemies":"Gremlin Leader","floor":24,"turns":4},{"damage":6,"enemies":"Chosen","floor":27,"turns":2},{"damage":14,"enemies":"Snake Plant","floor":28,"turns":2},{"damage":12,"enemies":"Shelled Parasite and Fungi","floor":30,"turns":3},{"damage":46,"enemies":"Automaton","floor":33,"turns":6},{"damage":14,"enemies":"Orb Walker","floor":35,"turns":2},{"damage":14,"enemies":"3 Shapes","floor":37,"turns":4},{"damage":8,"enemies":"Mysterious Sphere","floor":38,"turns":2},{"damage":7,"enemies":"Spire Growth","floor":41,"turns":2},{"damage":10,"enemies":"3 Darklings","floor":46,"turns":2},{"damage":25,"enemies":"Reptomancer","floor":47,"turns":2},{"damage":57,"enemies":"2 Orb Walkers","floor":48,"turns":2}],"seed_played":"-1464159345892559613","potions_obtained":[{"floor":14,"key":"Fruit Juice"},{"floor":16,"key":"SkillPotion"},{"floor":27,"key":"BloodPotion"},{"floor":37,"key":"GamblersBrew"},{"floor":47,"key":"BloodPotion"}],"is_trial":false,"path_per_floor":["M","?","$","T","$","E","M","?","T","?","M","R","T","M","R","B",null,"M","$","?","?","?","R","E","R","T","M","M","$","M","?","R","B",null,"M","?","M","?","?","R","M","?","T","R","$","M","M"],"character_chosen":"IRONCLAD","items_purchased":["Bag of Marbles","Offering","Flash of Steel","Sling","Inflame"],"campfire_rested":1,"item_purchase_floors":[5,19,29,45,45],"current_hp_per_floor":[74,67,67,67,67,73,75,68,68,45,44,44,44,55,55,19,65,45,45,45,45,45,69,62,62,62,62,54,54,48,64,64,32,68,60,50,42,40,40,40,43,59,59,59,59,61,44,0],"gold":113,"neow_bonus":"THREE_ENEMY_KILL","is_prod":false,"is_daily":false,"chose_seed":false,"campfire_upgraded":4,"win_rate":0,"timestamp":1537307594,"path_taken":["M","?","?","?","$","E","?","?","T","?","M","R","?","M","R","BOSS","M","?","?","?","?","R","E","R","T","?","M","$","M","?","R","BOSS","M","?","M","?","?","R","M","?","T","R","$","M","M","E"],"build_version":"2018-09-06","purchased_purges":1,"victory":false,"max_hp_per_floor":[75,75,75,75,75,75,75,75,75,75,75,75,75,80,80,80,80,80,80,80,80,80,80,80,80,80,80,80,80,80,80,80,80,80,80,80,80,80,80,80,80,80,80,80,80,80,80,80],"card_choices":[{"not_picked":["Armaments","Dropkick","Anger"],"picked":"SKIP","floor":1},{"not_picked":["Armaments","Dual Wield"],"picked":"Reckless Charge","floor":6},{"not_picked":["True Grit","Shockwave"],"picked":"Shrug It Off","floor":7},{"not_picked":["Thunderclap","Infernal Blade"],"picked":"Inflame","floor":11},{"not_picked":["Headbutt","Armaments","Clash"],"picked":"SKIP","floor":14},{"not_picked":["Impervious","Demon Form"],"picked":"Limit Break","floor":16},{"not_picked":["Entrench","True Grit"],"picked":"Double Tap","floor":17},{"not_picked":["Perfected Strike","Uppercut"],"picked":"Carnage","floor":17},{"not_picked":["Anger","Disarm"],"picked":"Uppercut","floor":17},{"not_picked":["Shockwave","Perfected Strike"],"picked":"Spot Weakness","floor":17},{"not_picked":["Rage","Clash"],"picked":"Battle Trance","floor":18},{"not_picked":["Combust","Carnage"],"picked":"Cleave","floor":24},{"not_picked":["Dual Wield","Wild Strike"],"picked":"Double Tap","floor":27},{"not_picked":["Heavy Blade","Flex"],"picked":"Dropkick","floor":28},{"not_picked":["Perfected Strike","Clothesline"],"picked":"Warcry","floor":30},{"not_picked":["Reaper","Barricade"],"picked":"Bludgeon","floor":33},{"not_picked":["Clothesline+1","Cleave+1","Anger"],"picked":"Bloodletting+1","floor":35},{"not_picked":["Trip","HandOfGreed","Impatience"],"picked":"Discovery","floor":36},{"not_picked":["Trip","Discovery","PanicButton"],"picked":"Flash of Steel","floor":36},{"not_picked":["Jack Of All Trades","PanicButton","Good Instincts"],"picked":"Magnetism","floor":36},{"not_picked":["Clothesline","Warcry+1","Shrug It Off","Perfected Strike"],"picked":"SKIP","floor":37},{"not_picked":["Anger","Sword Boomerang+1","Cleave"],"picked":"Offering","floor":41},{"not_picked":["Sword Boomerang+1","Clash","Pommel Strike+1","Hemokinesis"],"picked":"SKIP","floor":46},{"not_picked":["Twin Strike","Shockwave+1","Heavy Blade+1"],"picked":"Whirlwind+1","floor":47}],"player_experience":383338,"relics_obtained":[{"floor":4,"key":"Pen Nib"},{"floor":6,"key":"Vajra"},{"floor":9,"key":"Red Skull"},{"floor":13,"key":"The Courier"},{"floor":24,"key":"Bottled Lightning"},{"floor":26,"key":"Blue Candle"},{"floor":34,"key":"Juzu Bracelet"},{"floor":34,"key":"Question Card"},{"floor":34,"key":"Shovel"},{"floor":38,"key":"Bird Faced Urn"},{"floor":40,"key":"PreservedInsect"},{"floor":43,"key":"Potion Belt"},{"floor":44,"key":"Blood Vial"}],"event_choices":[{"event_name":"FaceTrader","player_choice":"Touch","floor":2,"damage_taken":0},{"event_name":"Golden Wing","player_choice":"Card Removal","floor":8,"damage_taken":0},{"event_name":"Shining Light","player_choice":"Entered Light","floor":10,"damage_taken":0},{"event_name":"Match and Keep!","player_choice":"0 cards matched","floor":20,"damage_taken":0},{"event_name":"Vampires","player_choice":"Ignored","floor":21,"damage_taken":0},{"event_name":"Nest","player_choice":"Stole From Cult","floor":22,"damage_taken":0},{"event_name":"The Library","player_choice":"Heal","floor":31,"damage_taken":0},{"event_name":"SensoryStone","player_choice":"Memory 3","floor":36,"damage_taken":0},{"event_name":"Mysterious Sphere","player_choice":"Fight","floor":38,"damage_taken":0},{"event_name":"Falling","player_choice":"Removed Skill","floor":39,"damage_taken":0},{"event_name":"Winding Halls","player_choice":"Writhe","floor":42,"damage_taken":0}],"is_beta":false,"boss_relics":[{"not_picked":["Lizard Tail","Eternal Feather"],"picked":"Orrery"},{"not_picked":["Snecko Eye","Tiny House"],"picked":"Calling Bell"}],"items_purged_floors":[45],"is_endless":false,"potions_floor_spawned":[14,16,27,37,47],"killed_by":"2 Orb Walkers","ascension_level":20}