{"gold_per_floor":[112,287,16,28,28,28,28,28,52,52,80,45,55,83,83,183,183,197,209,225,257,257],"floor_reached":22,"playtime":783,"items_purged":["Doubt"],"score":293,"play_id":"3463216c-b0d2-456e-ab68-89060634082a","local_time":"20190426102702","is_ascension_mode":true,"campfire_choices":[{"data":"Defragment","floor":6,"key":"SMITH"},{"data":"Cold Snap","floor":8,"key":"SMITH"},{"data":"Zap","floor":10,"key":"SMITH"},{"data":"Defragment","floor":15,"key":"SMITH"}],"neow_cost":"NONE","seed_source_timestamp":181392718435867,"circlet_count":0,"master_deck":["Strike_B","Strike_B","Strike_B","Strike_B","Defend_B","Defend_B","Defend_B","Defend_B","Zap+1","Dualcast","Defragment+1","Cold Snap+1","Self Repair","Defragment+1","Cold Snap","Machine Learning","All For One","Gash+1","Ball Lightning+1","Auto Shields+1","Gash"],"relics":["Cracked Core","NeowsBlessing","Toolbox","Pen Nib","Potion Belt","Oddly Smooth Stone","Black Star","Red Mask"],"potions_floor_usage":[16,16,20,21],"damage_taken":[{"damage":0,"enemies":"Small Slimes","floor":1,"turns":1},{"damage":0,"enemies":"2 Louse","floor":4,"turns":1},{"damage":0,"enemies":"Gremlin Nob","floor":11,"turns":1},{"damage":6,"enemies":"Jaw Worm","floor":13,"turns":2},{"damage":15,"enemies":"3 Sentries","floor":14,"turns":6},{"damage":26,"enemies":"Slime Boss","floor":16,"turns":11},{"damage":7,"enemies":"Spheric Guardian","floor":18,"turns":6},{"damage":16,"enemies":"3 Byrds","floor":19,"turns":6},{"damage":30,"enemies":"Snake Plant","floor":20,"turns":4},{"damage":23,"enemies":"Masked Bandits","floor":21,"turns":5},{"damage":10,"enemies":"Cultist and Chosen","floor":22,"turns":3}],"seed_played":"684690884466255501","potions_obtained":[{"floor":4,"key":"SteroidPotion"},{"floor":14,"key":"Poison Potion"},{"floor":18,"key":"Block Potion"},{"floor":19,"key":"Dexterity Potion"}],"is_trial":false,"path_per_floor":["M","?","$","M","?","R","$","R","T","R","E","$","M","E","R","B",null,"M","M","M","?","M"],"character_chosen":"DEFECT","items_purchased":["Toolbox","Defragment"],"campfire_rested":0,"item_purchase_floors":[3,12],"current_hp_per_floor":[68,68,68,68,73,73,73,73,73,73,73,73,67,59,59,40,70,70,61,31,8,0],"gold":257,"neow_bonus":"THREE_ENEMY_KILL","is_prod":false,"is_daily":false,"chose_seed":false,"campfire_upgraded":4,"win_rate":0,"timestamp":1556296022,"path_taken":["M","?","$","M","?","R","$","R","T","R","E","$","M","E","R","BOSS","M","M","M","?","M"],"build_version":"2019-04-23","purchased_purges":1,"victory":false,"max_hp_per_floor":[75,75,75,75,80,80,80,80,80,80,80,80,80,80,80,80,80,80,80,80,80,80],"card_choices":[{"not_picked":["Turbo","Sunder"],"picked":"Defragment","floor":1},{"not_picked":["Hologram","Auto Shields"],"picked":"Cold Snap","floor":4},{"not_picked":["Conserve Battery","Cold Snap"],"picked":"Self Repair","floor":11},{"not_picked":["Redo","Steam"],"picked":"Cold Snap","floor":13},{"not_picked":["Steam Power","Rebound"],"picked":"Machine Learning","floor":14},{"not_picked":["Machine Learning","Amplify"],"picked":"All For One","floor":16},{"not_picked":["Loop","Beam Cell"],"picked":"Gash+1","floor":18},{"not_picked":["Steam","Tempest"],"picked":"Ball Lightning+1","floor":19},{"not_picked":["Hologram","Cold Snap+1"],"picked":"Auto Shields+1","floor":20},{"not_picked":["Reinforced Body+1","Melter"],"picked":"Gash","floor":21}],"player_experience":524704,"relics_obtained":[{"floor":9,"key":"Pen Nib"},{"floor":11,"key":"Potion Belt"},{"floor":14,"key":"Oddly Smooth Stone"},{"floor":21,"key":"Red Mask"}],"event_choices":[{"damage_healed":0,"gold_gain":175,"player_choice":"AGREE","damage_taken":0,"max_hp_gain":0,"max_hp_loss":0,"event_name":"Liars Game","floor":2,"gold_loss":0,"cards_obtained":["Doubt"]},{"damage_healed":0,"gold_gain":0,"player_choice":"Donut","damage_taken":0,"max_hp_gain":5,"max_hp_loss":0,"event_name":"Big Fish","floor":5,"gold_loss":0},{"damage_healed":0,"gold_gain":0,"player_choice":"Fought Bandits","damage_taken":0,"max_hp_gain":0,"max_hp_loss":0,"event_name":"Masked Bandits","floor":21,"gold_loss":0}],"is_beta":true,"boss_relics":[{"not_picked":["Velvet Choker","White Beast Statue"],"picked":"Black Star"}],"items_purged_floors":[3],"is_endless":false,"potions_floor_spawned":[4,14,18,19],"killed_by":"Cultist and Chosen","ascension_level":7}