{"path_per_floor":["M","M","?","M","M","E","R","?","T","M","R","M","E","$","R","B",null,"M","M","?","M","?","R","M","$","T"],"character_chosen":"THE_SILENT","items_purchased":["Well Laid Plans","Finesse"],"gold_per_floor":[54,67,67,80,90,116,116,81,81,99,99,119,153,76,76,179,179,159,174,174,194,94,94,106,6,53],"floor_reached":27,"campfire_rested":3,"playtime":1867,"current_hp_per_floor":[70,70,70,70,61,24,45,62,62,58,58,58,35,35,56,49,70,50,22,45,18,18,39,28,28,28],"items_purged":[],"gold":53,"play_id":"264df686-a65c-4e8e-ae35-c25de8c8874c","is_prod":false,"is_daily":false,"campfire_rituals":0,"campfire_upgraded":0,"is_hardmode":false,"path_taken":["M","M","?","M","M","E","R","?","T","M","R","?","E","$","R","BOSS","M","M","?","M","?","R","M","$","T","?"],"build_version":"2017-12-21-PROD1","purchased_purges":0,"victory":false,"master_deck":["Defend_G","Defend_G","Defend_G","Defend_G","Defend_G","Strike_G","Strike_G","Strike_G","Strike_G","Survivor","Neutralize","Quick Slash","Escape Plan","Infinite Blades","Escape Plan","Escape Plan","Caltrops","Poisoned Stab","Noxious Fumes","Bane","Well Laid Plans","Burst","Poisoned Stab","Flying Knee","Deadly Poison","J.A.X.","Finesse"],"max_hp_per_floor":[70,70,70,70,70,70,70,70,70,70,70,70,70,70,70,70,70,70,70,70,70,70,70,70,70,70],"relics":["Ring of the Snake","War Paint","Girya","Shuriken","The Specimen","Ancient Tea Set"],"campfire_meditates":0,"card_choices":[{"not_picked":["Crippling Poison","Poisoned Stab"],"picked":"Quick Slash"},{"not_picked":["Backflip","Skewer"],"picked":"Escape Plan"},{"not_picked":["Acrobatics","Dodge and Roll"],"picked":"Escape Plan"},{"not_picked":["Dash","Backstab"],"picked":"Escape Plan"},{"not_picked":["Choke","Leg Sweep"],"picked":"Caltrops"},{"not_picked":["Backflip","Leg Sweep"],"picked":"Poisoned Stab"},{"not_picked":["Deadly Poison","Bullet Time"],"picked":"Noxious Fumes"},{"not_picked":["Backflip","Blade Dance"],"picked":"Bane"},{"not_picked":["A Thousand Cuts","Unload"],"picked":"Burst"},{"not_picked":["Dodge and Roll","Backflip"],"picked":"Poisoned Stab"},{"not_picked":["Deflect","Slice"],"picked":"Flying Knee"},{"not_picked":["Caltrops","Endless Agony"],"picked":"Deadly Poison"}],"player_experience":46962,"potions_floor_usage":[16,18,24],"damage_taken":[{"damage":0,"enemies":"Looter","floor":1,"turns":5},{"damage":0,"enemies":"Blue Slaver","floor":2,"turns":7},{"damage":0,"enemies":"Jaw Worm","floor":4,"turns":5},{"damage":9,"enemies":"Exordium Thugs","floor":5,"turns":5},{"damage":37,"enemies":"Lagavulin","floor":6,"turns":8},{"damage":4,"enemies":"Gremlin Gang","floor":10,"turns":6},{"damage":0,"enemies":"Large Slime","floor":12,"turns":4},{"damage":23,"enemies":"Gremlin Nob","floor":13,"turns":4},{"damage":7,"enemies":"Hexaghost","floor":16,"turns":8},{"damage":20,"enemies":"2 Thieves","floor":18,"turns":4},{"damage":28,"enemies":"Spheric Guardian","floor":19,"turns":6},{"damage":27,"enemies":"Centurion and Healer","floor":21,"turns":6},{"damage":11,"enemies":"Snecko","floor":24,"turns":5},{"damage":31,"enemies":"Slaver and Parasite","floor":27,"turns":2}],"event_choices":[{"event_name":"Living Wall","player_choice":"Change","floor":3,"damage_taken":0},{"event_name":"The Cleric","player_choice":"Healed","floor":8,"damage_taken":0},{"event_name":"The Library","player_choice":"Heal","floor":20,"damage_taken":0},{"event_name":"Drug Dealer","player_choice":"Got JAXXED","floor":22,"damage_taken":0}],"boss_relics":[{"not_picked":["Ectoplasm","Snecko Eye"],"picked":"The Specimen"}],"potions_floor_spawned":[5,10,12,13,21],"seed_played":"-6118849026115713983","killed_by":"Slaver and Parasite","is_trial":false}