{"path_per_floor":["M","?","?","?","M","E","M","R","T","M","M","M","M","E","R","B",null,"M","M","$","M","M","E","?","M","T","$","M","R","?","E","R","B",null,"M","$","M","?","?","R","E","M","T","E","R","M","R","T","R","B"],"character_chosen":"THE_SILENT","items_purchased":["Backstab","Underhanded Strike","Endless Agony","Lantern","Orichalcum","Blur","Tough Bandages","Panache"],"gold_per_floor":[114,189,251,251,266,296,311,311,311,326,341,356,371,401,401,501,501,516,531,92,107,122,152,152,167,242,42,57,57,57,87,87,187,187,202,60,75,75,75,75,105,120,145,175,175,190,190,190,190,190],"floor_reached":51,"campfire_rested":1,"playtime":1725,"current_hp_per_floor":[70,59,59,59,59,59,59,59,59,59,59,59,59,59,59,23,70,70,61,61,61,61,61,48,48,48,48,48,70,70,66,66,66,75,75,75,75,85,85,85,87,89,89,89,89,91,91,91,91,91],"items_purged":[],"gold":190,"score":1034,"play_id":"77e1bc48-a89a-4ff5-a4dc-dd8f9e4f36e9","local_time":"20180406195502","daily_mods":["Draft","Time Dilation","Lethality"],"is_prod":false,"is_daily":true,"is_ascension_mode":false,"campfire_upgraded":7,"timestamp":1523066102,"path_taken":["M","?","?","?","M","E","M","R","T","M","?","M","M","E","R","BOSS","M","?","?","M","M","E","?","?","T","?","M","R","?","E","R","BOSS","M","$","M","?","?","R","E","M","T","E","R","?","R","?","R","BOSS"],"build_version":"2018-04-05","purchased_purges":1,"victory":true,"master_deck":["Slice","Cloak And Dagger+1","Deflect","Prepared","Backstab+1","Backflip","Acrobatics","Deflect","Blade Dance","Sucker Punch","Prepared","Accuracy+1","Footwork","Blur","Quick Slash","Slice","Dash","Flying Knee","Dagger Spray","Well Laid Plans","Infinite Blades+1","Distraction","After Image+1","Endless Agony","Blade Dance","Backstab+1","Underhanded Strike","Endless Agony","Blur","Riddle With Holes+1","Sucker Punch+1","Reflex+1","After Image","Accuracy+1","Panache+1","Distraction+1","Heel Hook+1"],"max_hp_per_floor":[70,70,70,70,70,70,70,70,70,70,70,70,70,70,70,70,70,70,70,70,70,70,70,75,75,75,75,75,75,75,75,75,75,75,75,75,75,85,85,85,87,89,89,89,89,91,91,91,91,91],"relics":["Ring of the Snake","Art of War","The Courier","Shuriken","Black Star","Lantern","Orichalcum","Smiling Mask","Letter Opener","Darkstone Periapt","Tough Bandages","Ornamental Fan","Mummified Hand","Sozu","Bag of Preparation","Singing Bowl","Bronze Scales","Paper Crane","Blue Candle","Dead Branch"],"card_choices":[{"not_picked":["Dagger Throw","PiercingWail"],"picked":"Slice","floor":0},{"not_picked":["Quick Slash","Distraction"],"picked":"Cloak And Dagger","floor":0},{"not_picked":["Dodge and Roll","Dagger Throw"],"picked":"Deflect","floor":0},{"not_picked":["Predator","Backflip"],"picked":"Prepared","floor":0},{"not_picked":["Expertise","Deflect"],"picked":"Backstab","floor":0},{"not_picked":["Prepared","Poisoned Stab"],"picked":"Backflip","floor":0},{"not_picked":["Bane","Dodge and Roll"],"picked":"Acrobatics","floor":0},{"not_picked":["Bane","Poisoned Stab"],"picked":"Deflect","floor":0},{"not_picked":["Underhanded Strike","Sucker Punch"],"picked":"Blade Dance","floor":0},{"not_picked":["Bane","Malaise"],"picked":"Sucker Punch","floor":0},{"not_picked":["Predator","Dagger Spray"],"picked":"Prepared","floor":0},{"not_picked":["Cloak And Dagger","Quick Slash"],"picked":"Accuracy","floor":0},{"not_picked":["Backflip","Dodge and Roll"],"picked":"Footwork","floor":0},{"not_picked":["Noxious Fumes","Predator"],"picked":"Blur","floor":0},{"not_picked":["Bouncing Flask","Poisoned Stab"],"picked":"Quick Slash","floor":0},{"not_picked":["Outmaneuver","Setup"],"picked":"Slice","floor":1},{"not_picked":["Well Laid Plans","PiercingWail"],"picked":"Dash","floor":5},{"not_picked":["Dodge and Roll","Poisoned Stab"],"picked":"Flying Knee","floor":7},{"not_picked":["Prepared","Quick Slash"],"picked":"Slice","floor":10},{"not_picked":["Phantasmal Killer","Acrobatics"],"picked":"Dagger Spray","floor":11},{"not_picked":["Dagger Throw","Bane"],"picked":"Well Laid Plans","floor":12},{"not_picked":["Slice","Prepared"],"picked":"Infinite Blades","floor":13},{"not_picked":["Acrobatics","Caltrops"],"picked":"Distraction","floor":14},{"not_picked":["Bullet Time","Wraith Form"],"picked":"After Image","floor":16},{"not_picked":["Caltrops","Deflect"],"picked":"Endless Agony","floor":18},{"not_picked":["PiercingWail","Poisoned Stab"],"picked":"Blade Dance","floor":19},{"not_picked":["Flying Knee","Outmaneuver"],"picked":"Riddle With Holes","floor":21},{"not_picked":["Flying Knee","Skewer"],"picked":"Sucker Punch","floor":22},{"not_picked":["Sucker Punch","Accuracy"],"picked":"Reflex","floor":23},{"not_picked":["Deflect","Flechettes"],"picked":"Die Die Die","floor":31},{"not_picked":["Bullet Time","Phantasmal Killer"],"picked":"After Image","floor":33},{"not_picked":["Sucker Punch","Poisoned Stab"],"picked":"Accuracy","floor":35},{"not_picked":["Leg Sweep","Flying Knee"],"picked":"Distraction","floor":37},{"not_picked":["Dodge and Roll","Flying Knee"],"picked":"Heel Hook","floor":44}],"player_experience":283270,"potions_floor_usage":[6,22,25,28,31],"damage_taken":[{"damage":0,"enemies":"Jaw Worm","floor":1,"turns":1},{"damage":0,"enemies":"Small Slimes","floor":5,"turns":1},{"damage":0,"enemies":"Lagavulin","floor":6,"turns":3},{"damage":0,"enemies":"Cultist","floor":7,"turns":1},{"damage":0,"enemies":"Looter","floor":10,"turns":1},{"damage":0,"enemies":"3 Louse","floor":11,"turns":2},{"damage":0,"enemies":"Exordium Wildlife","floor":12,"turns":1},{"damage":0,"enemies":"Blue Slaver","floor":13,"turns":1},{"damage":0,"enemies":"Gremlin Nob","floor":14,"turns":2},{"damage":36,"enemies":"Hexaghost","floor":16,"turns":4},{"damage":0,"enemies":"Chosen","floor":18,"turns":2},{"damage":9,"enemies":"2 Thieves","floor":19,"turns":2},{"damage":0,"enemies":"Cultist and Chosen","floor":21,"turns":2},{"damage":0,"enemies":"Sentry and Sphere","floor":22,"turns":2},{"damage":0,"enemies":"Gremlin Leader","floor":23,"turns":2},{"damage":0,"enemies":"3 Cultists","floor":25,"turns":2},{"damage":0,"enemies":"Centurion and Healer","floor":28,"turns":3},{"damage":4,"enemies":"Book of Stabbing","floor":31,"turns":2},{"damage":0,"enemies":"Champ","floor":33,"turns":5},{"damage":0,"enemies":"Flame Bruiser 1 Orb","floor":35,"turns":3},{"damage":0,"enemies":"3 Shapes","floor":37,"turns":2},{"damage":0,"enemies":"Giant Head","floor":41,"turns":5},{"damage":0,"enemies":"3 Darklings","floor":42,"turns":1},{"damage":0,"enemies":"Nemesis","floor":44,"turns":3},{"damage":0,"enemies":"Spire Growth","floor":46,"turns":1},{"damage":0,"enemies":"Time Eater","floor":50,"turns":5}],"event_choices":[{"event_name":"World of Goop","player_choice":"Gather Gold","floor":2,"damage_taken":0},{"event_name":"Golden Wing","player_choice":"Gained Gold","floor":3,"damage_taken":0},{"event_name":"Living Wall","player_choice":"Grow","floor":4,"damage_taken":0},{"event_name":"Forgotten Altar","player_choice":"Shed Blood","floor":24,"damage_taken":0},{"event_name":"Ghosts","player_choice":"Ignored","floor":30,"damage_taken":0},{"event_name":"Bonfire Elementals","player_choice":"RARE","floor":38,"damage_taken":0}],"boss_relics":[{"not_picked":["Tiny House","Velvet Choker"],"picked":"Black Star"},{"not_picked":["Pandora\u0027s Box","Calling Bell"],"picked":"Sozu"}],"potions_floor_spawned":[5,7,13,16,23,25,31,41,42,44,46],"seed_played":"-5696622492260265423","ascension_level":0,"is_trial":false}