{"path_per_floor":["M","M","?","M","M","R","M","R","T","M","$","E","M","M","R","B",null,"M","?","M","$","M","R","M","R","T","E","?","M","?","E","R","B",null,"M","M","?","?","?","R","E","M","T","?","M","M","E","?","R"],"character_chosen":"IRONCLAD","items_purchased":["Heavy Blade","Bag of Preparation","Anger","Perfected Strike","Ancient Tea Set"],"gold_per_floor":[117,135,135,146,163,163,180,180,257,276,81,112,131,141,141,240,240,250,250,269,46,60,60,70,70,70,100,100,117,42,67,67,167,167,178,196,196,196,196,196,231,249,272,272,292,292,322,0,0],"floor_reached":50,"campfire_rested":2,"playtime":4160,"current_hp_per_floor":[87,87,87,87,73,73,69,69,69,60,60,52,50,56,56,62,87,87,87,87,87,64,64,70,70,70,55,55,55,55,46,73,49,90,85,90,90,90,90,90,90,77,77,66,46,64,66,66,90],"items_purged":[],"gold":0,"score":598,"play_id":"82bc2a2d-29a9-4cc1-a017-9bf13ccdf314","is_prod":false,"is_daily":false,"is_ascension_mode":false,"campfire_upgraded":6,"path_taken":["M","M","?","M","M","R","M","R","T","M","$","E","M","M","R","BOSS","M","?","M","$","M","R","M","R","T","E","?","M","?","E","R","BOSS","M","M","?","?","?","R","E","M","T","?","M","M","E","?","R","BOSS"],"build_version":"2018-02-15-PROD1","purchased_purges":0,"victory":false,"master_deck":["Strike_R+1","Strike_R","Strike_R","Strike_R+1","Strike_R+1","Defend_R","Defend_R","Bash+1","Twin Strike+1","Spot Weakness+1","Rampage+1","Inflame+1","Anger+1","Heavy Blade+1","Pommel Strike+1","Uppercut+1","Twin Strike+1","Infernal Blade+1","Cleave+1","Anger+1","Perfected Strike+1","Thunderclap+1","Perfected Strike+1","Twin Strike+1","Metallicize+1","Reaper+1","Headbutt+1","Perfected Strike+1","Seeing Red+1","Twin Strike+1","Madness","Madness","Perfected Strike+1","Dropkick+1","Pommel Strike+1"],"max_hp_per_floor":[87,87,87,87,87,87,87,87,87,87,87,87,87,87,87,87,87,87,87,87,87,90,90,90,90,90,90,90,90,90,90,90,90,90,90,90,90,90,90,90,90,90,90,90,90,90,90,90,90],"relics":["Black Blood","Strawberry","Molten Egg 2","Bag of Preparation","Juzu Bracelet","Sozu","Lantern","Ancient Tea Set","Blood Vial","Toolbox","Whetstone","Bottled Flame","Pen Nib","Regal Pillow","Red Mask"],"card_choices":[{"not_picked":["Second Wind","Shockwave"],"picked":"Twin Strike"},{"not_picked":["Warcry","Hemokinesis"],"picked":"Spot Weakness"},{"not_picked":["Rage","Dropkick"],"picked":"Inflame"},{"not_picked":["Dropkick","Armaments"],"picked":"Anger"},{"not_picked":["Inflame","Rupture"],"picked":"Pommel Strike"},{"not_picked":["Pummel","Twin Strike"],"picked":"Uppercut"},{"not_picked":["Headbutt","Combust"],"picked":"Twin Strike"},{"not_picked":["Sword Boomerang","Headbutt"],"picked":"Infernal Blade"},{"not_picked":["Power Through","Spot Weakness"],"picked":"Cleave"},{"not_picked":["Pommel Strike","Thunderclap"],"picked":"Clash"},{"not_picked":["Armaments","Searing Blow"],"picked":"Thunderclap"},{"not_picked":["Limit Break","Thunderclap"],"picked":"Perfected Strike"},{"not_picked":["True Grit","Flex"],"picked":"Twin Strike"},{"not_picked":["Clothesline","Disarm"],"picked":"Metallicize"},{"not_picked":["Fiend Fire","Double Tap"],"picked":"Reaper"},{"not_picked":["Shrug It Off","Twin Strike"],"picked":"Headbutt"},{"not_picked":["Headbutt","Armaments"],"picked":"Perfected Strike"},{"not_picked":["Armaments","Hemokinesis"],"picked":"Seeing Red"},{"not_picked":["Flame Barrier","Clash"],"picked":"Twin Strike"},{"not_picked":["Rampage","Dropkick"],"picked":"Perfected Strike"},{"not_picked":["Clash","Warcry"],"picked":"Dropkick"},{"not_picked":["Battle Trance","Dark Embrace"],"picked":"Pommel Strike"}],"player_experience":15900,"potions_floor_usage":[],"damage_taken":[{"damage":0.0,"enemies":"Small Slimes","floor":1.0,"turns":3.0},{"damage":5.0,"enemies":"Cultist","floor":2.0,"turns":4.0},{"damage":6.0,"enemies":"Jaw Worm","floor":4.0,"turns":2.0},{"damage":20.0,"enemies":"3 Louse","floor":5.0,"turns":2.0},{"damage":10.0,"enemies":"Looter","floor":7.0,"turns":2.0},{"damage":15.0,"enemies":"Exordium Thugs","floor":10.0,"turns":4.0},{"damage":14.0,"enemies":"Gremlin Nob","floor":12.0,"turns":3.0},{"damage":8.0,"enemies":"Red Slaver","floor":13.0,"turns":2.0},{"damage":0.0,"enemies":"3 Louse","floor":14.0,"turns":2.0},{"damage":0.0,"enemies":"Slime Boss","floor":16.0,"turns":7.0},{"damage":5.0,"enemies":"Chosen","floor":18.0,"turns":3.0},{"damage":0.0,"enemies":"2 Thieves","floor":20.0,"turns":1.0},{"damage":32.0,"enemies":"Snake Plant","floor":22.0,"turns":3.0},{"damage":0.0,"enemies":"Chosen and Byrds","floor":24.0,"turns":3.0},{"damage":23.0,"enemies":"Book of Stabbing","floor":27.0,"turns":3.0},{"damage":8.0,"enemies":"Snecko","floor":29.0,"turns":3.0},{"damage":17.0,"enemies":"Gremlin Leader","floor":31.0,"turns":3.0},{"damage":32,"enemies":"Collector","floor":33,"turns":3},{"damage":15,"enemies":"3 Shapes","floor":35,"turns":2},{"damage":0,"enemies":"Orb Walker","floor":36,"turns":1},{"damage":13,"enemies":"Giant Head","floor":41,"turns":4},{"damage":23,"enemies":"Sphere and 2 Shapes","floor":42,"turns":2},{"damage":32,"enemies":"4 Shapes","floor":45,"turns":2},{"damage":0,"enemies":"3 Darklings","floor":46,"turns":2},{"damage":10,"enemies":"2 Orb Walkers","floor":47,"turns":2},{"damage":103,"enemies":"Awakened One","floor":50,"turns":5}],"event_choices":[{"event_name":"Transmorgrifier","player_choice":"Transform","floor":3.0,"damage_taken":0.0},{"event_name":"The Mausoleum","player_choice":"Yes","floor":19.0,"damage_taken":0.0},{"event_name":"Upgrade Shrine","player_choice":"Upgraded","floor":28.0,"damage_taken":0.0},{"event_name":"Beggar","player_choice":"Gave Gold","floor":30.0,"damage_taken":0.0},{"event_name":"Wheel of Change","player_choice":"Full Heal","floor":37,"damage_taken":0},{"event_name":"Bonfire Elementals","player_choice":"COMMON","floor":39,"damage_taken":0},{"event_name":"Winding Halls","player_choice":"Embrace Madness","floor":44,"damage_taken":0},{"event_name":"Tomb of Lord Red Mask","player_choice":"Paid","floor":48,"damage_taken":0}],"boss_relics":[{"not_picked":["Lizard Tail","Eternal Feather"],"picked":"Black Blood"}],"potions_floor_spawned":[2,5,7,10,14,22,31,33,36,45],"seed_played":"-9117459899780986992","killed_by":"Awakened One","ascension_level":0,"is_trial":false}