{"gold_per_floor":[115,65,65,78,78,78,108,108,131,131,164,178,178,178,178,275,275,286,301,20,20,20,53,53],"floor_reached":24,"playtime":1230,"items_purged":[],"score":220,"play_id":"bee554c2-ff1f-457f-a9b7-87d80d2b4f46","local_time":"20190128194002","daily_mods":["Colorless Cards","Flight","Elite Swarm"],"is_ascension_mode":false,"campfire_choices":[{"data":"Neutralize","floor":6,"key":"SMITH"},{"floor":8,"key":"REST"},{"floor":10,"key":"REST"},{"floor":13,"key":"REST"},{"data":"Flying Knee","floor":15,"key":"SMITH"}],"neow_cost":"","seed_source_timestamp":0,"circlet_count":0,"master_deck":["Defend_G+1","Defend_G","Defend_G+1","Defend_G+1","Defend_G+1","Strike_G","Strike_G","Strike_G","Survivor","Neutralize+1","Bandage Up","Die Die Die","Flying Knee+1","Unload","Blur+1","Footwork+1"],"relics":["Unceasing Top","Oddly Smooth Stone","Regal Pillow","War Paint","Philosopher\u0027s Stone","Bottled Lightning","Bag of Marbles"],"potions_floor_usage":[1,11,23],"damage_taken":[{"damage":0,"enemies":"Small Slimes","floor":1,"turns":5},{"damage":12,"enemies":"Jaw Worm","floor":4,"turns":7},{"damage":43,"enemies":"Gremlin Nob","floor":7,"turns":7},{"damage":39,"enemies":"Lagavulin","floor":11,"turns":11},{"damage":0,"enemies":"2 Louse","floor":12,"turns":3},{"damage":26,"enemies":"The Guardian","floor":16,"turns":24},{"damage":0,"enemies":"Chosen","floor":18,"turns":6},{"damage":3,"enemies":"3 Byrds","floor":19,"turns":7},{"damage":31,"enemies":"Slavers","floor":23,"turns":10},{"damage":59,"enemies":"Gremlin Leader","floor":24,"turns":14}],"seed_played":"30796096","potions_obtained":[{"floor":1,"key":"Fruit Juice"},{"floor":4,"key":"Energy Potion"},{"floor":18,"key":"Swift Potion"}],"is_trial":true,"path_per_floor":["M","?","?","M","?","R","E","R","T","R","E","M","R","?","R","B",null,"M","M","$","?","$","E","E"],"character_chosen":"THE_SILENT","items_purchased":["Footwork","Bottled Lightning"],"campfire_rested":3,"item_purchase_floors":[20,20],"current_hp_per_floor":[75,75,75,63,48,48,5,27,27,64,29,33,70,70,70,48,75,75,72,72,72,72,44,0],"gold":53,"neow_bonus":"","is_prod":false,"is_daily":false,"chose_seed":true,"campfire_upgraded":2,"win_rate":0,"timestamp":1548704402,"path_taken":["M","?","?","M","?","R","E","R","T","R","E","?","R","?","R","BOSS","M","?","$","?","?","E","E"],"build_version":"2019-01-23","purchased_purges":0,"victory":false,"max_hp_per_floor":[75,75,75,75,75,75,75,75,75,75,75,75,75,75,75,75,75,75,75,75,75,75,75,75],"card_choices":[{"not_picked":["Dash","Quick Slash","Heel Hook"],"picked":"SKIP","floor":1},{"not_picked":["Outmaneuver","Quick Slash"],"picked":"Bandage Up","floor":4},{"not_picked":["Glass Knife","Master of Strategy"],"picked":"Die Die Die","floor":7},{"not_picked":["Burst","Night Terror","Magnetism"],"picked":"SKIP","floor":11},{"not_picked":["Finisher","Underhanded Strike"],"picked":"Flying Knee","floor":12},{"not_picked":["Transmutation","Doppelganger"],"picked":"Unload","floor":16},{"not_picked":["Backflip+1","Prepared"],"picked":"Blur+1","floor":18},{"not_picked":["Heel Hook","Backflip","Quick Slash"],"picked":"SKIP","floor":19},{"not_picked":["Envenom","Corpse Explosion","Master of Strategy"],"picked":"SKIP","floor":23}],"player_experience":480926,"relics_obtained":[{"floor":7,"key":"Oddly Smooth Stone"},{"floor":9,"key":"Regal Pillow"},{"floor":11,"key":"War Paint"},{"floor":23,"key":"Bag of Marbles"}],"event_choices":[{"cards_removed":["Strike_G"],"damage_healed":0,"gold_gain":0,"player_choice":"Card Removal","damage_taken":0,"max_hp_gain":0,"max_hp_loss":0,"event_name":"The Cleric","floor":2,"gold_loss":50},{"damage_healed":0,"gold_gain":0,"player_choice":"Ignored","damage_taken":0,"max_hp_gain":0,"max_hp_loss":0,"event_name":"Liars Game","floor":3,"gold_loss":0},{"damage_healed":0,"gold_gain":0,"player_choice":"Entered Light","damage_taken":15,"max_hp_gain":0,"max_hp_loss":0,"event_name":"Shining Light","floor":5,"gold_loss":0,"cards_upgraded":["Defend_G","Defend_G"]},{"cards_removed":["Strike_G"],"damage_healed":0,"gold_gain":0,"player_choice":"Purged","damage_taken":0,"max_hp_gain":0,"max_hp_loss":0,"event_name":"Purifier","floor":14,"gold_loss":0},{"damage_healed":0,"gold_gain":0,"player_choice":"Upgraded","damage_taken":0,"max_hp_gain":0,"max_hp_loss":0,"event_name":"Upgrade Shrine","floor":21,"gold_loss":0,"cards_upgraded":["Footwork"]}],"is_beta":false,"boss_relics":[{"not_picked":["Snecko Eye","Black Star"],"picked":"Philosopher\u0027s Stone"}],"items_purged_floors":[],"is_endless":false,"potions_floor_spawned":[1,4,18],"killed_by":"Gremlin Leader","ascension_level":0}