{"gold_per_floor":[118,118,118,130,130,143,143,175,198,231,231,231,231,251,251,349,349,366,378,378],"floor_reached":20,"playtime":1178,"items_purged":[],"score":200,"play_id":"efb68bed-2bfd-4910-be03-775ac8338c7f","local_time":"20190108173605","is_ascension_mode":true,"campfire_choices":[{"data":"Bandage Up","floor":7,"key":"SMITH"},{"floor":11,"key":"REST"},{"floor":13,"key":"REST"},{"floor":15,"key":"REST"}],"neow_cost":"TEN_PERCENT_HP_LOSS","seed_source_timestamp":1210066687686544,"circlet_count":0,"master_deck":["Strike_B","Strike_B","Strike_B","Strike_B","Defend_B+1","Defend_B","Defend_B","Defend_B+1","Zap","Dualcast","Bandage Up+1","Rebound","Loop","Ball Lightning","Rebound","Self Repair+1","Cold Snap","Electrodynamics+1","Regret","Writhe","Doubt","Redo","Coolheaded"],"relics":["Cracked Core","Ancient Tea Set","StoneCalendar","Frozen Egg 2","War Paint","WingedGreaves","NlothsMask","Calling Bell","Lantern","Letter Opener","Nunchaku"],"potions_floor_usage":[16,20],"damage_taken":[{"damage":2,"enemies":"Jaw Worm","floor":1,"turns":3},{"damage":5,"enemies":"2 Louse","floor":4,"turns":2},{"damage":6,"enemies":"Cultist","floor":6,"turns":3},{"damage":36,"enemies":"Lagavulin","floor":8,"turns":5},{"damage":37,"enemies":"3 Sentries","floor":10,"turns":5},{"damage":8,"enemies":"Blue Slaver","floor":14,"turns":3},{"damage":48,"enemies":"Hexaghost","floor":16,"turns":7},{"damage":29,"enemies":"2 Thieves","floor":18,"turns":4},{"damage":52,"enemies":"Shell Parasite","floor":19,"turns":7},{"damage":23,"enemies":"Shelled Parasite and Fungi","floor":20,"turns":2}],"seed_played":"-7962241917962889340","potions_obtained":[{"floor":6,"key":"Swift Potion"},{"floor":8,"key":"EssenceOfSteel"},{"floor":14,"key":"SpeedPotion"},{"floor":19,"key":"Strength Potion"}],"is_trial":false,"path_per_floor":["M","?","?","M","?","M","R","E","T","E","R","?","R","M","R","B",null,"M","M","M"],"character_chosen":"DEFECT","items_purchased":[],"campfire_rested":3,"item_purchase_floors":[],"current_hp_per_floor":[68,68,68,67,67,62,62,32,32,1,21,21,41,49,68,26,68,55,19,0],"gold":378,"neow_bonus":"RANDOM_COLORLESS_2","is_prod":false,"is_daily":false,"chose_seed":false,"campfire_upgraded":1,"win_rate":0,"timestamp":1546968965,"path_taken":["M","?","?","?","?","?","R","E","T","E","R","?","R","M","R","BOSS","M","?","M"],"build_version":"2019-01-03v4","purchased_purges":0,"victory":false,"max_hp_per_floor":[68,68,68,68,68,68,68,68,68,68,68,68,68,68,68,68,68,68,68,68],"card_choices":[{"not_picked":["Defragment","Beam Cell"],"picked":"Rebound","floor":1},{"not_picked":["Reinforced Body","Capacitor"],"picked":"Loop","floor":4},{"not_picked":["Aggregate","Sweeping Beam"],"picked":"Ball Lightning","floor":6},{"not_picked":["Sweeping Beam","Fusion"],"picked":"Rebound","floor":8},{"not_picked":["Chaos","Consume"],"picked":"Self Repair+1","floor":10},{"not_picked":["Sweeping Beam","Doom and Gloom"],"picked":"Cold Snap","floor":14},{"not_picked":["Machine Learning+1","Reboot"],"picked":"Electrodynamics+1","floor":16},{"not_picked":["Blizzard","Chaos"],"picked":"Redo","floor":18},{"not_picked":["Glacier","Cold Snap"],"picked":"Coolheaded","floor":19}],"player_experience":79535,"relics_obtained":[{"floor":8,"key":"Frozen Egg 2"},{"floor":9,"key":"War Paint"},{"floor":10,"key":"WingedGreaves"},{"floor":17,"key":"Lantern"},{"floor":17,"key":"Letter Opener"},{"floor":17,"key":"Nunchaku"}],"event_choices":[{"damage_healed":0,"gold_gain":0,"player_choice":"Box","damage_taken":0,"relics_obtained":["Ancient Tea Set"],"max_hp_gain":0,"max_hp_loss":0,"event_name":"Big Fish","floor":2,"gold_loss":0,"cards_obtained":["Regret"]},{"cards_removed":["Regret"],"damage_healed":0,"gold_gain":0,"player_choice":"Forget","damage_taken":0,"max_hp_gain":0,"max_hp_loss":0,"event_name":"Living Wall","floor":3,"gold_loss":0},{"cards_removed":["Madness"],"damage_healed":0,"gold_gain":0,"player_choice":"Gave Card","damage_taken":0,"relics_obtained":["StoneCalendar"],"max_hp_gain":0,"max_hp_loss":0,"event_name":"WeMeetAgain","floor":5,"gold_loss":0},{"damage_healed":0,"gold_gain":0,"player_choice":"Trade","damage_taken":0,"relics_obtained":["NlothsMask"],"max_hp_gain":0,"max_hp_loss":0,"event_name":"FaceTrader","floor":12,"gold_loss":0}],"is_beta":false,"boss_relics":[{"not_picked":["Inserter","Coffee Dripper"],"picked":"Calling Bell"}],"items_purged_floors":[],"is_endless":false,"potions_floor_spawned":[6,8,14,19],"killed_by":"Shelled Parasite and Fungi","ascension_level":2}