{"gold_per_floor":[113,113,123,123,123,161,86,86,168,168,193,193,216,260,260,260],"floor_reached":16,"playtime":473,"items_purged":["Strike_R"],"score":259,"play_id":"b7ab7c48-d779-4f14-9096-0203730d6ad3","local_time":"20190427194142","is_ascension_mode":true,"campfire_choices":[{"data":"Whirlwind","floor":8,"key":"SMITH"},{"data":"Iron Wave","floor":12,"key":"SMITH"},{"floor":15,"key":"REST"}],"neow_cost":"NONE","seed_source_timestamp":3480769683425218,"circlet_count":0,"master_deck":["AscendersBane","Strike_R","Strike_R+1","Strike_R","Strike_R","Defend_R","Defend_R","Defend_R","Defend_R","Bash+1","Cleave","Whirlwind+1","Iron Wave+1"],"relics":["Burning Blood","NeowsBlessing","FaceOfCleric","Golden Idol","Ancient Tea Set","Question Card","Shovel"],"potions_floor_usage":[16,16],"damage_taken":[{"damage":0,"enemies":"Small Slimes","floor":1,"turns":1},{"damage":0,"enemies":"Cultist","floor":3,"turns":1},{"damage":0,"enemies":"Lagavulin","floor":6,"turns":1},{"damage":7,"enemies":"Jaw Worm","floor":11,"turns":3},{"damage":0,"enemies":"3 Louse","floor":13,"turns":2},{"damage":38,"enemies":"3 Sentries","floor":14,"turns":9},{"damage":55,"enemies":"Slime Boss","floor":16,"turns":6}],"seed_played":"7947141286330714116","potions_obtained":[{"floor":3,"key":"FearPotion"},{"floor":6,"key":"LiquidBronze"}],"is_trial":false,"path_per_floor":["M","?","M","?","?","E","$","R","T","?","M","R","M","E","R","B"],"character_chosen":"IRONCLAD","items_purchased":[],"campfire_rested":1,"item_purchase_floors":[],"current_hp_per_floor":[74,74,76,50,27,34,34,34,34,39,39,39,46,15,40,0],"gold":260,"neow_bonus":"THREE_ENEMY_KILL","is_prod":false,"is_daily":false,"chose_seed":false,"campfire_upgraded":2,"win_rate":0,"timestamp":1556390502,"path_taken":["M","?","?","?","?","E","?","R","T","?","M","R","?","E","R","BOSS"],"build_version":"2019-01-23","purchased_purges":1,"victory":false,"max_hp_per_floor":[75,75,76,76,76,77,77,77,77,82,83,83,84,85,85,85],"card_choices":[{"not_picked":["Burning Pact","Evolve"],"picked":"Cleave","floor":1},{"not_picked":["Twin Strike","Perfected Strike","Blood for Blood"],"picked":"SKIP","floor":3},{"not_picked":["Dropkick","Rage"],"picked":"Whirlwind","floor":6},{"not_picked":["Twin Strike","Whirlwind","Shockwave"],"picked":"Iron Wave","floor":11},{"not_picked":["Wild Strike","Corruption","True Grit","Metallicize"],"picked":"SKIP","floor":13},{"not_picked":["Twin Strike","Warcry","Flex","Hemokinesis"],"picked":"SKIP","floor":14},{"not_picked":["Twin Strike","Warcry","Flex","Hemokinesis"],"picked":"SKIP","floor":14}],"player_experience":712958,"relics_obtained":[{"floor":6,"key":"Ancient Tea Set"},{"floor":9,"key":"Question Card"},{"floor":14,"key":"Shovel"}],"event_choices":[{"damage_healed":0,"gold_gain":0,"player_choice":"Trade","damage_taken":0,"relics_obtained":["FaceOfCleric"],"max_hp_gain":0,"max_hp_loss":0,"event_name":"FaceTrader","floor":2,"gold_loss":0},{"damage_healed":0,"gold_gain":0,"player_choice":"Take Damage","damage_taken":26,"relics_obtained":["Golden Idol"],"max_hp_gain":0,"max_hp_loss":0,"event_name":"Golden Idol","floor":4,"gold_loss":0},{"damage_healed":0,"gold_gain":0,"player_choice":"Entered Light","damage_taken":23,"max_hp_gain":0,"max_hp_loss":0,"event_name":"Shining Light","floor":5,"gold_loss":0,"cards_upgraded":["Strike_R","Bash"]},{"damage_healed":0,"gold_gain":0,"player_choice":"Donut","damage_taken":0,"max_hp_gain":5,"max_hp_loss":0,"event_name":"Big Fish","floor":10,"gold_loss":0}],"is_beta":false,"boss_relics":[],"items_purged_floors":[7],"is_endless":false,"potions_floor_spawned":[3,6,13],"killed_by":"Slime Boss","ascension_level":19}