{"path_per_floor":["M","M","M","?","?","E","M","R","T","M","M","$","R","M","R","B",null,"M","?","?","M","M","R","?","M","T","R","$","M","E","M","R","B",null,"M","M","M","$","?","M","R","M","T","E","?","M","M","M","R","B"],"character_chosen":"THE_SILENT","items_purchased":["Bane","Unload","Bag of Preparation"],"gold_per_floor":[114,129,144,144,94,124,139,139,139,154,169,43,43,58,58,158,158,173,88,88,103,118,118,118,133,133,133,73,88,118,133,133,233,233,248,263,278,78,0,15,15,30,55,85,134,149,164,179,179,179],"floor_reached":51,"campfire_rested":8,"playtime":2043,"current_hp_per_floor":[70,74,75,68,68,43,41,64,64,62,66,66,77,77,77,36,97,90,90,90,85,47,76,76,65,65,94,94,66,60,67,96,54,97,96,96,81,81,81,60,92,101,101,92,90,84,84,88,107,12],"items_purged":["Pain","Pain"],"gold":179,"score":832,"play_id":"c36314e8-9727-4088-a0ac-d3792d0a5ec5","local_time":"20180424105433","daily_mods":["Allstar","Uncertain Future","Vintage"],"is_prod":false,"is_daily":true,"chose_seed":false,"is_ascension_mode":false,"campfire_upgraded":0,"timestamp":1524588873,"path_taken":["M","M","M","?","?","E","M","R","T","M","?","$","R","M","R","BOSS","M","?","?","M","M","R","?","M","T","R","$","M","E","M","R","BOSS","M","M","M","$","?","M","R","M","T","E","?","?","M","M","R","BOSS"],"build_version":"2018-04-19","seed_source_timestamp":0,"purchased_purges":4,"victory":true,"master_deck":["Defend_G","Defend_G","Defend_G","Defend_G","Defend_G","Strike_G","Strike_G","Strike_G","Strike_G","Strike_G","Survivor","Neutralize","Flash of Steel","Bandage Up","Sadistic Nature","Dodge and Roll","Bane+1","Unload","Poisoned Stab","Poisoned Stab+1","Doubt","Deadly Poison","Deadly Poison","Sucker Punch","Footwork+1","Deadly Poison+1","Bullet Time","Poisoned Stab+1","Backstab+1","Bouncing Flask+1","Poisoned Stab+1","Blur"],"max_hp_per_floor":[77,77,77,77,77,77,77,77,77,77,77,77,77,77,77,79,97,97,97,97,97,97,97,97,97,97,97,97,97,97,97,97,97,97,97,97,107,107,107,107,107,107,107,107,107,107,107,107,107,107],"relics":["Ring of the Snake","Strawberry","Anchor","Tingsha","Orichalcum","Singing Bowl","Calipers","Dream Catcher","Darkstone Periapt","The Specimen","Pantograph","Calling Bell","Omamori","Blue Candle","Bird Faced Urn","Question Card","Ornamental Fan","Gambling Chip","Toolbox","The Courier","Mercury Hourglass","Snake Skull","Ancient Tea Set","Paper Crane","Molten Egg 2","Prayer Wheel","Whetstone","Pear","Bag of Preparation","Red Mask","Gremlin Horn","Smiling Mask","Vajra","Happy Flower","Ginger","Bronze Scales","Ninja Scroll","Kunai"],"card_choices":[{"not_picked":["Concentrate","Outmaneuver"],"picked":"Dodge and Roll","floor":6},{"not_picked":["Flying Knee","PiercingWail"],"picked":"Poisoned Stab","floor":13},{"not_picked":["Flying Knee","Leg Sweep"],"picked":"Poisoned Stab","floor":15},{"not_picked":["Slice","Quick Slash","Acrobatics"],"picked":"Deadly Poison","floor":23},{"not_picked":["Quick Slash","Infinite Blades","Choke"],"picked":"Sucker Punch","floor":27},{"not_picked":["All Out Attack","Reflex","Deadly Poison"],"picked":"Footwork","floor":30},{"not_picked":["Dagger Spray","Backflip","Reflex"],"picked":"Deadly Poison","floor":32},{"not_picked":["Doppelganger","Phantasmal Killer","Grand Finale"],"picked":"Bullet Time","floor":33},{"not_picked":["Finisher","Dagger Spray","Slice"],"picked":"Poisoned Stab","floor":41},{"not_picked":["PiercingWail","Quick Slash","Outmaneuver"],"picked":"Backstab","floor":43},{"not_picked":["Underhanded Strike","Masterful Stab","Slice"],"picked":"Bouncing Flask","floor":44},{"not_picked":["Catalyst","Setup","Riddle With Holes"],"picked":"Poisoned Stab","floor":45},{"not_picked":["Concentrate","Flying Knee","Riddle With Holes"],"picked":"Blur","floor":49}],"player_experience":324247,"potions_floor_usage":[6,16,29,30,33,33,44,46,50,50,50],"damage_taken":[{"damage":7,"enemies":"Jaw Worm","floor":1,"turns":5},{"damage":0,"enemies":"Small Slimes","floor":2,"turns":3},{"damage":3,"enemies":"2 Louse","floor":3,"turns":4},{"damage":29,"enemies":"Lagavulin","floor":6,"turns":8},{"damage":6,"enemies":"Gremlin Gang","floor":7,"turns":6},{"damage":6,"enemies":"Looter","floor":10,"turns":4},{"damage":0,"enemies":"Blue Slaver","floor":11,"turns":5},{"damage":0,"enemies":"Exordium Wildlife","floor":14,"turns":6},{"damage":47,"enemies":"Slime Boss","floor":16,"turns":11},{"damage":13,"enemies":"Chosen","floor":18,"turns":5},{"damage":11,"enemies":"Shell Parasite","floor":21,"turns":5},{"damage":44,"enemies":"3 Cultists","floor":22,"turns":6},{"damage":17,"enemies":"Snake Plant","floor":25,"turns":3},{"damage":32,"enemies":"Cultist and Chosen","floor":29,"turns":5},{"damage":12,"enemies":"Slavers","floor":30,"turns":4},{"damage":1,"enemies":"Centurion and Healer","floor":31,"turns":4},{"damage":44,"enemies":"Collector","floor":33,"turns":7},{"damage":1,"enemies":"3 Shapes","floor":35,"turns":3},{"damage":3,"enemies":"3 Darklings","floor":36,"turns":6},{"damage":26,"enemies":"Sphere and 2 Shapes","floor":37,"turns":5},{"damage":31,"enemies":"Maw","floor":40,"turns":7},{"damage":1,"enemies":"3 Darklings","floor":42,"turns":3},{"damage":11,"enemies":"Nemesis","floor":44,"turns":5},{"damage":12,"enemies":"Mysterious Sphere","floor":45,"turns":3},{"damage":12,"enemies":"Spire Growth","floor":46,"turns":3},{"damage":6,"enemies":"4 Shapes","floor":47,"turns":4},{"damage":4,"enemies":"3 Darklings","floor":48,"turns":4},{"damage":97,"enemies":"Time Eater","floor":50,"turns":10}],"event_choices":[{"event_name":"Golden Wing","player_choice":"Card Removal","floor":4,"damage_taken":0},{"event_name":"The Cleric","player_choice":"Card Removal","floor":5,"damage_taken":0},{"event_name":"Addict","player_choice":"Obtained Relic","floor":19,"damage_taken":0},{"event_name":"The Library","player_choice":"Read","floor":20,"damage_taken":0},{"event_name":"Drug Dealer","player_choice":"Ignored","floor":24,"damage_taken":0},{"event_name":"Tomb of Lord Red Mask","player_choice":"Paid","floor":39,"damage_taken":0},{"event_name":"Mysterious Sphere","player_choice":"Fight","floor":45,"damage_taken":0}],"boss_relics":[{"not_picked":["Lizard Tail","Snecko Eye"],"picked":"Calling Bell"},{"not_picked":["Velvet Choker","Philosopher\u0027s Stone","Runic Pyramid"]}],"potions_floor_spawned":[3,6,11,29,30,31,33,40,44,45,47],"seed_played":"1774299086368063468","ascension_level":0,"is_trial":false}