{"gold_per_floor":[214,289,289,161,172,172,183,183,238,252,269,280,298,314,314,419,419,433,198,198,218,238,299,315,338,387,387,399,399],"floor_reached":29,"playtime":2703,"items_purged":["Strike_B"],"score":349,"play_id":"01694a62-1fd2-47ef-aa73-27d91978c655","local_time":"20180627212348","is_ascension_mode":true,"campfire_choices":[{"data":"Go for the Eyes","floor":6.0,"key":"SMITH"},{"data":"Zap","floor":8.0,"key":"SMITH"},{"data":"Creative AI","floor":15.0,"key":"SMITH"},{"floor":27,"key":"REST"}],"neow_cost":"","seed_source_timestamp":0,"circlet_count":0,"master_deck":["Strike_B","Strike_B","Strike_B","Defend_B","Defend_B","Defend_B","Defend_B","Zap+1","Dualcast","BootSequence","Go for the Eyes+1","Coolheaded","Coolheaded","Ball Lightning","Barrage","Skim","Ball Lightning","Creative AI+1","Echo Form","Turbo+1","Consume","Core Surge","White Noise","Fission","White Noise","Sunder+1"],"special_seed":0,"relics":["Cracked Core","Vajra","Black Star","Bronze Scales","Regal Pillow","Tiny Chest","Bag of Marbles","Dream Catcher"],"potions_floor_usage":[23,24,24,29],"damage_taken":[{"damage":0.0,"enemies":"Small Slimes","floor":1.0,"turns":3.0},{"damage":0.0,"enemies":"Cultist","floor":5.0,"turns":3.0},{"damage":0.0,"enemies":"Jaw Worm","floor":7.0,"turns":4.0},{"damage":0.0,"enemies":"Lots of Slimes","floor":10.0,"turns":1.0},{"damage":0.0,"enemies":"Looter","floor":11.0,"turns":2.0},{"damage":0.0,"enemies":"Red Slaver","floor":12.0,"turns":2.0},{"damage":0.0,"enemies":"3 Louse","floor":13.0,"turns":3.0},{"damage":2.0,"enemies":"Large Slime","floor":14.0,"turns":4.0},{"damage":0.0,"enemies":"Slime Boss","floor":16.0,"turns":7.0},{"damage":0.0,"enemies":"Chosen","floor":18.0,"turns":4.0},{"damage":6,"enemies":"3 Byrds","floor":21,"turns":4},{"damage":9,"enemies":"Snake Plant","floor":22,"turns":4},{"damage":45,"enemies":"Gremlin Leader","floor":23,"turns":8},{"damage":10,"enemies":"Chosen and Byrds","floor":24,"turns":5},{"damage":20,"enemies":"Centurion and Healer","floor":28,"turns":7},{"damage":30,"enemies":"Sentry and Sphere","floor":29,"turns":3}],"seed_played":"1143765419233944501","potions_obtained":[{"floor":1.0,"key":"Weak Potion"},{"floor":5.0,"key":"Explosive Potion"},{"floor":11.0,"key":"Fire Potion"},{"floor":22,"key":"Fire Potion"},{"floor":23,"key":"Fire Potion"},{"floor":28,"key":"Fire Potion"}],"is_trial":false,"path_per_floor":["M","?","?","$","M","R","M","R","T","M","M","M","M","M","R","B",null,"M","$","?","M","M","E","M","T","T","R","M"],"character_chosen":"DEFECT","items_purchased":["Go for the Eyes","Bronze Scales","Consume"],"campfire_rested":1,"item_purchase_floors":[],"current_hp_per_floor":[75,64,64,64,64,64,64,64,64,64,64,64,64,62,62,62,75,75,75,75,69,60,15,5,5,5,42,22,0],"gold":399,"neow_bonus":"","is_prod":false,"is_daily":false,"chose_seed":false,"campfire_upgraded":3,"win_rate":0,"timestamp":1530145428,"path_taken":["M","?","?","$","M","R","M","R","T","?","M","M","M","M","R","BOSS","M","?","?","M","M","E","M","?","T","R","M","M"],"build_version":"2018-06-21v2","purchased_purges":1,"victory":false,"max_hp_per_floor":[75,75,75,75,75,75,75,75,75,75,75,75,75,75,75,75,75,75,75,75,75,75,75,75,75,75,75,75,75],"card_choices":[{"not_picked":["Chill","Loop"],"picked":"BootSequence","floor":1.0},{"not_picked":["Storm","Compile Driver"],"picked":"Coolheaded","floor":5.0},{"not_picked":["Fusion","Leap"],"picked":"Coolheaded","floor":7.0},{"not_picked":["Undo","Sweeping Beam"],"picked":"Ball Lightning","floor":10.0},{"not_picked":["Rip and Tear","Steam"],"picked":"Barrage","floor":11.0},{"not_picked":["Sweeping Beam","Compile Driver"],"picked":"Skim","floor":12.0},{"not_picked":["Heatsinks","Coolheaded"],"picked":"Ball Lightning","floor":13.0},{"not_picked":["Ball Lightning","Force Field"],"picked":"Creative AI","floor":14.0},{"not_picked":["Hyperbeam","Seek"],"picked":"Echo Form","floor":16.0},{"not_picked":["Gash","Heatsinks"],"picked":"Turbo+1","floor":18.0},{"not_picked":["Genetic Algorithm","Coolheaded+1","Hologram"],"picked":"SKIP","floor":21},{"not_picked":["Loop","Gash+1"],"picked":"White Noise","floor":22},{"not_picked":["Loop","Conserve Battery+1"],"picked":"Fission","floor":23},{"not_picked":["Hello World+1","Static Discharge+1","Ball Lightning"],"picked":"SKIP","floor":24},{"not_picked":["Tempest","Heatsinks"],"picked":"White Noise","floor":27},{"not_picked":["Cold Snap+1","Genetic Algorithm"],"picked":"Sunder+1","floor":28}],"player_experience":268298,"relics_obtained":[{"floor":9.0,"key":"Vajra"},{"floor":23,"key":"Regal Pillow"},{"floor":23,"key":"Tiny Chest"},{"floor":25,"key":"Bag of Marbles"},{"floor":26,"key":"Dream Catcher"}],"event_choices":[{"event_name":"World of Goop","player_choice":"Gather Gold","floor":2.0,"damage_taken":0.0},{"event_name":"The Woman in Blue","player_choice":"Bought 0 Potions","floor":3.0,"damage_taken":0.0},{"event_name":"Match and Keep!","player_choice":"1 cards matched","floor":20.0,"damage_taken":0.0}],"boss_relics":[{"not_picked":["Tiny House","Orrery"],"picked":"Black Star"}],"items_purged_floors":[],"is_endless":false,"potions_floor_spawned":[1,5,11,22,23,28],"killed_by":"Sentry and Sphere","ascension_level":4}