{"gold_per_floor":[118,128,128,146,31,31,31,31,31,31,53,53,71,91,91,164,214,233,233,283,300,300,300,320,320,320,320,333,171,201,216,216,216],"floor_reached":33,"playtime":3964,"items_purged":["Berserk"],"score":660,"play_id":"17e1b12c-36a0-47fb-8f1e-6f3baa3364c8","local_time":"20190124021633","daily_mods":["Shiny","Terminal"],"is_ascension_mode":true,"campfire_choices":[{"data":"Barricade","floor":6,"key":"SMITH"},{"data":"Bludgeon","floor":8,"key":"SMITH"},{"data":"Brutality","floor":10,"key":"PURGE"},{"data":"Armaments","floor":15,"key":"SMITH"},{"data":"Demon Form","floor":23,"key":"SMITH"},{"data":"Body Slam","floor":25,"key":"SMITH"},{"data":"Juggernaut","floor":27,"key":"SMITH"},{"data":"Immolate","floor":32,"key":"SMITH"}],"neow_cost":"","seed_source_timestamp":0,"circlet_count":0,"master_deck":["AscendersBane","Double Tap","Demon Form+1","Bludgeon+1","Feed","Limit Break","Barricade+1","Fiend Fire","Dark Embrace","Impervious","Juggernaut+1","Reaper","Exhume","Offering","Immolate+1","Havoc+1","Shrug It Off+1","Iron Wave","Flame Barrier+1","Sword Boomerang","Armaments+1","Headbutt","Offering+1","Battle Trance","Warcry","Body Slam+1","Heavy Blade","Second Wind","Intimidate","Intimidate","Metallicize+1"],"relics":["Burning Blood","Peace Pipe","Odd Mushroom","Ornamental Fan","Tiny House","Gremlin Horn","War Paint","Smiling Mask"],"potions_floor_usage":[13,14,16,17,24,30,31],"damage_taken":[{"damage":1,"enemies":"Cultist","floor":1,"turns":3},{"damage":7,"enemies":"Jaw Worm","floor":2,"turns":2},{"damage":6,"enemies":"2 Louse","floor":4,"turns":1},{"damage":12,"enemies":"The Mushroom Lair","floor":11,"turns":5},{"damage":13,"enemies":"Exordium Wildlife","floor":13,"turns":8},{"damage":0,"enemies":"Large Slime","floor":14,"turns":8},{"damage":6,"enemies":"Hexaghost","floor":16,"turns":10},{"damage":6,"enemies":"Spheric Guardian","floor":18,"turns":6},{"damage":12,"enemies":"Chosen","floor":21,"turns":12},{"damage":20,"enemies":"3 Cultists","floor":24,"turns":6},{"damage":23,"enemies":"Snecko","floor":28,"turns":5},{"damage":12,"enemies":"Gremlin Leader","floor":30,"turns":5},{"damage":32,"enemies":"Snake Plant","floor":31,"turns":3},{"damage":54,"enemies":"Automaton","floor":33,"turns":6}],"seed_played":"6619652021517209101","potions_obtained":[{"floor":4,"key":"Explosive Potion"},{"floor":13,"key":"Energy Potion"},{"floor":14,"key":"Weak Potion"},{"floor":17,"key":"Fruit Juice"},{"floor":21,"key":"Energy Potion"},{"floor":28,"key":"Weak Potion"},{"floor":30,"key":"EssenceOfSteel"}],"is_trial":true,"path_per_floor":["M","M","?","M","$","R","$","R","T","R","?","?","M","M","R","B",null,"M","?","?","M","?","R","M","R","T","R","M","$","E","M","R","B"],"character_chosen":"IRONCLAD","items_purchased":["Flame Barrier","War Paint"],"campfire_rested":0,"item_purchase_floors":[5,29],"current_hp_per_floor":[73,72,71,70,69,68,67,66,65,64,66,61,57,66,66,70,80,79,78,77,78,78,78,71,71,71,71,54,54,74,48,48,0],"gold":216,"neow_bonus":"","is_prod":false,"is_daily":false,"chose_seed":false,"campfire_upgraded":7,"win_rate":0,"timestamp":1548317793,"path_taken":["M","M","?","M","?","R","?","R","T","R","?","?","M","?","R","BOSS","M","?","?","M","?","R","M","R","T","R","?","$","E","M","R","BOSS"],"build_version":"2019-01-23","purchased_purges":1,"victory":false,"max_hp_per_floor":[73,72,71,70,69,68,67,66,65,64,66,65,67,69,68,71,80,79,78,77,80,79,78,80,79,78,77,76,75,74,73,72,72],"card_choices":[{"not_picked":["Pommel Strike","Rage"],"picked":"Havoc","floor":1},{"not_picked":["Body Slam","Iron Wave"],"picked":"Shrug It Off","floor":2},{"not_picked":["Rage","Bloodletting"],"picked":"Iron Wave","floor":4},{"not_picked":["Clothesline","Anger"],"picked":"Sword Boomerang","floor":11},{"not_picked":["Havoc","Perfected Strike"],"picked":"Armaments","floor":13},{"not_picked":["Havoc","Double Tap"],"picked":"Headbutt","floor":14},{"not_picked":["Immolate","Juggernaut"],"picked":"Offering","floor":16},{"not_picked":["True Grit","Dual Wield"],"picked":"Battle Trance","floor":17},{"not_picked":["Blood for Blood","Perfected Strike"],"picked":"Warcry","floor":18},{"not_picked":["Shrug It Off","Iron Wave"],"picked":"Heavy Blade","floor":21},{"not_picked":["Cleave","Rage"],"picked":"Second Wind","floor":24},{"not_picked":["Headbutt","Cleave"],"picked":"Intimidate","floor":28},{"not_picked":["Infernal Blade","Dropkick"],"picked":"Intimidate","floor":30},{"not_picked":["Cleave","True Grit"],"picked":"Metallicize+1","floor":31}],"player_experience":200936,"relics_obtained":[{"floor":9,"key":"Peace Pipe"},{"floor":11,"key":"Odd Mushroom"},{"floor":26,"key":"Gremlin Horn"},{"floor":30,"key":"Smiling Mask"}],"event_choices":[{"damage_healed":0,"gold_gain":0,"player_choice":"Upgraded","damage_taken":0,"max_hp_gain":0,"max_hp_loss":0,"event_name":"Upgrade Shrine","floor":3,"gold_loss":0,"cards_upgraded":["Havoc"]},{"damage_healed":0,"gold_gain":0,"player_choice":"Fought Mushrooms","damage_taken":0,"max_hp_gain":0,"max_hp_loss":0,"event_name":"Mushrooms","floor":11,"gold_loss":0},{"damage_healed":0,"gold_gain":0,"player_choice":"Success","damage_taken":5,"relics_obtained":["Ornamental Fan"],"max_hp_gain":0,"max_hp_loss":0,"event_name":"Scrap Ooze","floor":12,"gold_loss":0},{"damage_healed":0,"gold_gain":0,"player_choice":"Read","damage_taken":0,"max_hp_gain":0,"max_hp_loss":0,"event_name":"The Library","floor":19,"gold_loss":0,"cards_obtained":["Body Slam"]},{"damage_healed":0,"gold_gain":50,"player_choice":"Stole From Cult","damage_taken":0,"max_hp_gain":0,"max_hp_loss":0,"event_name":"Nest","floor":20,"gold_loss":0},{"damage_healed":0,"gold_gain":0,"player_choice":"0 cards matched","damage_taken":0,"max_hp_gain":0,"max_hp_loss":0,"event_name":"Match and Keep!","floor":22,"gold_loss":0,"cards_obtained":[]}],"is_beta":false,"boss_relics":[{"not_picked":["Velvet Choker","Lizard Tail"],"picked":"Tiny House"}],"items_purged_floors":[5],"is_endless":false,"potions_floor_spawned":[4,13,14,21,28,30],"killed_by":"Automaton","ascension_level":20}