{"path_per_floor":["M","?","$","?","M","R","?","M","T","M","M","R","?","$","R","B",null,"M","$","M","?","M","R","E","R","T","E","M","?","M","?","R","B",null,"M","?","?","M","M","R","T","R","T","$","R","M","R","M","R","B"],"character_chosen":"THE_SILENT","items_purchased":["Caltrops"],"gold_per_floor":[119,119,44,44,57,57,57,71,71,87,100,100,100,0,0,99,99,99,28,28,28,28,28,28,28,28,28,28,28,28,28,28,28,28,28,28,28,28,28,28,28,28,28,28,28,28,28,28,28,28],"floor_reached":51,"campfire_rested":3,"playtime":2933,"current_hp_per_floor":[70,63,63,49,49,70,70,70,70,70,66,66,66,66,66,32,70,54,54,54,54,43,64,64,64,64,66,68,52,49,49,70,22,70,61,70,70,70,66,66,66,66,66,66,66,68,68,70,70,49],"items_purged":["Defend_G","Strike_G"],"gold":28,"score":680,"play_id":"8e3113df-1e62-4d4b-a9d4-8302d8a02131","is_prod":false,"is_daily":false,"is_ascension_mode":true,"campfire_upgraded":8,"path_taken":["M","?","$","?","?","R","?","M","T","M","M","R","?","?","R","BOSS","M","?","M","?","M","R","E","R","T","E","?","?","M","?","R","BOSS","M","?","?","M","M","R","?","R","T","$","R","M","R","?","R","BOSS"],"build_version":"2018-02-15-PROD1","purchased_purges":2,"victory":true,"master_deck":["Defend_G+1","Defend_G","Defend_G","Defend_G+1","Strike_G","Survivor+1","Neutralize+1","Dagger Spray+1","Footwork+1","Dash+1","Venomology+1","Caltrops+1","Acrobatics+1","Deflect+1","Blade Dance+1","After Image+1","Blade Dance+1","Sucker Punch","Expertise+1","Cloak And Dagger"],"max_hp_per_floor":[70,70,70,70,70,70,70,70,70,70,70,70,70,70,70,70,70,70,70,70,70,70,70,70,70,70,70,70,70,70,70,70,70,70,70,70,70,70,70,70,70,70,70,70,70,70,70,70,70,70],"relics":["Ring of the Snake","Calipers","Ectoplasm","Blood Vial","Frozen Eye","Shuriken","Enchiridion","Ancient Tea Set","Philosopher\u0027s Stone","Smiling Mask","Happy Flower"],"card_choices":[{"not_picked":["Quick Slash","Backflip"],"picked":"Dagger Spray"},{"not_picked":["Calculated Gamble","Finisher"],"picked":"Footwork"},{"not_picked":["Poisoned Stab","Finisher"],"picked":"Dash"},{"not_picked":["Grand Finale","Tactician"],"picked":"Venomology"},{"not_picked":["Dagger Throw","Bouncing Flask"],"picked":"Acrobatics"},{"not_picked":["Dagger Spray","Bullet Time"],"picked":"Deflect"},{"not_picked":["Bane","Grand Finale"],"picked":"Blade Dance"},{"not_picked":["Grand Finale","Tactician"],"picked":"After Image"},{"not_picked":["PiercingWail","Sucker Punch"],"picked":"Blade Dance"},{"not_picked":["Malaise","Concentrate"],"picked":"Expertise"},{"not_picked":["Deadly Poison","Underhanded Strike"],"picked":"Cloak And Dagger"}],"player_experience":124682,"potions_floor_usage":[16,16,16,18,20,22,24,24,27,27,28,30,33,33,33,39,46,48,50,50],"damage_taken":[{"damage":0,"enemies":"Jaw Worm","floor":1,"turns":4},{"damage":0,"enemies":"Small Slimes","floor":5,"turns":2},{"damage":0,"enemies":"2 Louse","floor":8,"turns":2},{"damage":0,"enemies":"Blue Slaver","floor":10,"turns":4},{"damage":4,"enemies":"Large Slime","floor":11,"turns":6},{"damage":34,"enemies":"Slime Boss","floor":16,"turns":13},{"damage":16,"enemies":"Spheric Guardian","floor":18,"turns":4},{"damage":0,"enemies":"3 Byrds","floor":20,"turns":5},{"damage":11,"enemies":"Sentry and Sphere","floor":22,"turns":7},{"damage":0,"enemies":"Book of Stabbing","floor":24,"turns":6},{"damage":0,"enemies":"Gremlin Leader","floor":27,"turns":7},{"damage":0,"enemies":"Snecko","floor":28,"turns":7},{"damage":5,"enemies":"3 Cultists","floor":30,"turns":5},{"damage":48,"enemies":"Champ","floor":33,"turns":11},{"damage":9,"enemies":"3 Darklings","floor":35,"turns":4},{"damage":0,"enemies":"Orb Walker","floor":38,"turns":4},{"damage":4,"enemies":"4 Shapes","floor":39,"turns":5},{"damage":0,"enemies":"Sphere and 2 Shapes","floor":46,"turns":5},{"damage":0,"enemies":"3 Darklings","floor":48,"turns":3},{"damage":21,"enemies":"Donu and Deca","floor":50,"turns":8}],"event_choices":[{"event_name":"Golden Wing","player_choice":"Card Removal","floor":2,"damage_taken":0},{"event_name":"Shining Light","player_choice":"Entered Light","floor":4,"damage_taken":0},{"event_name":"Upgrade Shrine","player_choice":"Upgraded","floor":7,"damage_taken":0},{"event_name":"Living Wall","player_choice":"Grow","floor":13,"damage_taken":0},{"event_name":"Transmorgrifier","player_choice":"Transform","floor":21,"damage_taken":0},{"event_name":"Cursed Tome","player_choice":"Obtained Book","floor":29,"damage_taken":0},{"event_name":"The Mausoleum","player_choice":"Yes","floor":31,"damage_taken":0},{"event_name":"Bonfire Elementals","player_choice":"UNCOMMON","floor":36,"damage_taken":0},{"event_name":"Transmorgrifier","player_choice":"Transform","floor":37,"damage_taken":0}],"boss_relics":[{"not_picked":["Runic Pyramid","Eternal Feather"],"picked":"Ectoplasm"},{"not_picked":["Black Star","Pandora\u0027s Box"],"picked":"Philosopher\u0027s Stone"}],"potions_floor_spawned":[8,10,11,16,18,22,30,39,48],"seed_played":"-9025232140165152431","ascension_level":4,"is_trial":false}