{"gold_per_floor":[118,131,131,34,34,34,67,67,67,67,67,17,51,51,51,51],"floor_reached":16,"playtime":372,"items_purged":[],"score":203,"play_id":"af8789f9-e0d2-43fa-bfe9-9ba303c72a22","local_time":"20190427005249","is_ascension_mode":true,"campfire_choices":[{"data":"Glass Knife","floor":6,"key":"SMITH"},{"data":"Dagger Spray","floor":8,"key":"SMITH"},{"data":"Finesse","floor":10,"key":"SMITH"},{"floor":15,"key":"DIG"}],"neow_cost":"TEN_PERCENT_HP_LOSS","seed_source_timestamp":3413134762077562,"circlet_count":0,"master_deck":["AscendersBane","Defend_G","Defend_G","Defend_G","Defend_G","Defend_G","Strike_G+1","Strike_G","Strike_G","Strike_G+1","Strike_G+1","Survivor","Neutralize+1","Glass Knife+1","Finesse+1","Dagger Spray+1","Backflip","Venomology"],"relics":["Ring of the Snake","FaceOfCleric","Centennial Puzzle","Ice Cream","Shovel","Whetstone"],"potions_floor_usage":[7,7,7,16,16],"damage_taken":[{"damage":1,"enemies":"Jaw Worm","floor":1,"turns":3},{"damage":1,"enemies":"Cultist","floor":2,"turns":4},{"damage":17,"enemies":"Lagavulin","floor":7,"turns":6},{"damage":6,"enemies":"Gremlin Nob","floor":13,"turns":3},{"damage":40,"enemies":"The Guardian","floor":16,"turns":11}],"seed_played":"4870549667209248726","potions_obtained":[{"floor":1,"key":"Strength Potion"},{"floor":2,"key":"EntropicBrew"}],"is_trial":false,"path_per_floor":["M","M","?","$","?","R","E","R","T","R","?","$","E","$","R","B"],"character_chosen":"THE_SILENT","items_purchased":["Finesse","Backflip"],"campfire_rested":0,"item_purchase_floors":[4,12],"current_hp_per_floor":[58,57,57,57,39,39,23,23,23,23,23,23,18,18,18,0],"gold":51,"neow_bonus":"THREE_RARE_CARDS","is_prod":false,"is_daily":false,"chose_seed":false,"campfire_upgraded":3,"win_rate":0,"timestamp":1556322769,"path_taken":["M","M","?","?","?","R","E","R","T","R","?","$","E","$","R","BOSS"],"build_version":"2019-01-23","purchased_purges":0,"victory":false,"max_hp_per_floor":[60,60,60,60,60,60,61,61,61,61,61,61,62,62,62,62],"card_choices":[{"not_picked":["Wraith Form v2","After Image"],"picked":"Glass Knife","floor":0},{"not_picked":["Concentrate","Setup","PiercingWail"],"picked":"SKIP","floor":1},{"not_picked":["Blade Dance","Slice","Outmaneuver"],"picked":"SKIP","floor":2},{"not_picked":["Acrobatics","Bane"],"picked":"Dagger Spray","floor":7},{"not_picked":["Quick Slash","Deadly Poison"],"picked":"Venomology","floor":13}],"player_experience":682520,"relics_obtained":[{"floor":7,"key":"Centennial Puzzle"},{"floor":9,"key":"Ice Cream"},{"floor":13,"key":"Shovel"},{"floor":15,"key":"Whetstone"}],"event_choices":[{"damage_healed":0,"gold_gain":0,"player_choice":"Trade","damage_taken":0,"relics_obtained":["FaceOfCleric"],"max_hp_gain":0,"max_hp_loss":0,"event_name":"FaceTrader","floor":3,"gold_loss":0},{"damage_healed":0,"gold_gain":0,"player_choice":"Entered Light","damage_taken":18,"max_hp_gain":0,"max_hp_loss":0,"event_name":"Shining Light","floor":5,"gold_loss":0,"cards_upgraded":["Neutralize","Strike_G"]},{"damage_healed":0,"gold_gain":0,"player_choice":"Fled","damage_taken":0,"max_hp_gain":0,"max_hp_loss":0,"event_name":"Scrap Ooze","floor":11,"gold_loss":0}],"is_beta":false,"boss_relics":[],"items_purged_floors":[],"is_endless":false,"potions_floor_spawned":[1,2],"killed_by":"The Guardian","ascension_level":19}