{"gold_per_floor":[109,69,88,100,119,146,146,165,165,165,177,202,212,232,232,328,328,338,11,28,28,28,28,60,78,78,78,95,95,105,125,125,226,226,236,17,17,37,0,0,32,32,32,32,50,65,65,76,76,76],"floor_reached":51,"playtime":4660,"items_purged":["Strike_R","Metallicize"],"score":711,"play_id":"131845e4-48b4-46a0-bc91-870f7de36901","local_time":"20190107160058","is_ascension_mode":true,"campfire_choices":[{"floor":7,"key":"REST"},{"floor":10,"key":"REST"},{"data":"Double Tap","floor":15,"key":"SMITH"},{"data":"Pommel Strike","floor":23,"key":"SMITH"},{"floor":27,"key":"REST"},{"floor":29,"key":"REST"},{"floor":32,"key":"REST"},{"floor":40,"key":"REST"},{"floor":42,"key":"REST"},{"floor":44,"key":"REST"},{"floor":49,"key":"REST"}],"neow_cost":"PERCENT_DAMAGE","seed_source_timestamp":1114449072255159,"circlet_count":0,"master_deck":["Strike_R+1","Strike_R","Strike_R+1","Strike_R","Defend_R","Defend_R","Defend_R","Defend_R","Bash","Rampage","Cleave","Thunderclap","Headbutt","Pommel Strike+1","Double Tap+1","Headbutt","Warcry+1","Shrug It Off","Headbutt+1","Thunderclap+1","Shockwave+1","Feed+1","Rage","Spot Weakness","Cleave+1","Reaper+1","Dual Wield+1","Iron Wave+1","Thunderclap+1","Iron Wave+1"],"relics":["Burning Blood","Whetstone","Question Card","Bronze Scales","Empty Cage","Molten Egg 2","Gremlin Horn","Letter Opener","Fusion Hammer","Red Mask","Toxic Egg 2","Mummified Hand","Red Skull"],"potions_floor_usage":[6,28,31,41,48,50],"damage_taken":[{"damage":10,"enemies":"Small Slimes","floor":1,"turns":4},{"damage":1,"enemies":"Cultist","floor":3,"turns":3},{"damage":6,"enemies":"Jaw Worm","floor":4,"turns":3},{"damage":4,"enemies":"Exordium Thugs","floor":5,"turns":4},{"damage":69,"enemies":"Gremlin Nob","floor":6,"turns":7},{"damage":12,"enemies":"3 Louse","floor":8,"turns":3},{"damage":19,"enemies":"Blue Slaver","floor":11,"turns":4},{"damage":0,"enemies":"Exordium Wildlife","floor":13,"turns":2},{"damage":5,"enemies":"Looter","floor":14,"turns":3},{"damage":52,"enemies":"Hexaghost","floor":16,"turns":5},{"damage":15,"enemies":"Chosen","floor":18,"turns":4},{"damage":8,"enemies":"3 Byrds","floor":20,"turns":4},{"damage":42,"enemies":"Slavers","floor":24,"turns":3},{"damage":32,"enemies":"Centurion and Healer","floor":25,"turns":4},{"damage":40,"enemies":"3 Cultists","floor":28,"turns":5},{"damage":21,"enemies":"Snake Plant","floor":30,"turns":4},{"damage":28,"enemies":"Shelled Parasite and Fungi","floor":31,"turns":5},{"damage":82,"enemies":"Collector","floor":33,"turns":7},{"damage":29,"enemies":"3 Shapes","floor":35,"turns":2},{"damage":7,"enemies":"Orb Walker","floor":38,"turns":3},{"damage":61,"enemies":"Nemesis","floor":41,"turns":5},{"damage":85,"enemies":"Spire Growth","floor":45,"turns":5},{"damage":28,"enemies":"Writhing Mass","floor":46,"turns":4},{"damage":7,"enemies":"Transient","floor":48,"turns":5},{"damage":95,"enemies":"Donu and Deca","floor":50,"turns":7}],"seed_played":"120787789832301308","potions_obtained":[{"floor":2,"key":"SpeedPotion"},{"floor":2,"key":"FairyPotion"},{"floor":2,"key":"Swift Potion"},{"floor":6,"key":"SpeedPotion"},{"floor":24,"key":"SkillPotion"},{"floor":30,"key":"SpeedPotion"},{"floor":31,"key":"FairyPotion"},{"floor":33,"key":"FearPotion"},{"floor":35,"key":"SneckoOil"},{"floor":38,"key":"Fire Potion"}],"is_trial":false,"path_per_floor":["M","?","M","M","M","E","R","M","T","R","M","T","M","M","R","B",null,"M","$","M","?","$","R","E","M","T","R","M","R","M","M","R","B",null,"M","$","?","M","?","R","E","R","T","R","M","M","T","M","R","B",null],"character_chosen":"IRONCLAD","items_purchased":["Molten Egg 2","Spot Weakness","Cleave+1"],"campfire_rested":9,"item_purchase_floors":[19,36,36],"current_hp_per_floor":[68,68,73,73,75,12,40,34,34,62,49,49,55,56,56,10,96,87,87,85,85,85,85,49,23,23,51,17,45,30,8,36,15,96,77,77,77,76,76,100,57,87,87,100,33,11,11,42,72,15],"gold":76,"neow_bonus":"TWENTY_PERCENT_HP_BONUS","is_prod":false,"is_daily":false,"chose_seed":false,"campfire_upgraded":2,"win_rate":0,"timestamp":1546876858,"path_taken":["M","?","?","M","M","E","R","?","T","R","M","?","?","M","R","BOSS","M","$","M","?","?","R","E","M","T","R","M","R","M","M","R","BOSS","M","$","?","M","?","R","E","R","T","R","M","M","?","?","R","BOSS"],"build_version":"2019-01-03v4","purchased_purges":2,"victory":true,"max_hp_per_floor":[96,96,96,96,96,96,96,96,96,96,96,96,96,96,96,96,96,96,96,96,96,96,96,96,96,96,96,96,96,96,96,96,96,96,100,100,100,100,100,100,100,100,100,100,100,100,100,100,100,100],"card_choices":[{"not_picked":["Thunderclap","Body Slam"],"picked":"Searing Blow","floor":1},{"not_picked":["Shockwave","Combust"],"picked":"Rampage","floor":3},{"not_picked":["Entrench","Anger"],"picked":"Cleave","floor":4},{"not_picked":["Cleave","Hemokinesis"],"picked":"Heavy Blade","floor":5},{"not_picked":["Rupture","Hemokinesis"],"picked":"Thunderclap","floor":6},{"not_picked":["Cleave","Corruption"],"picked":"Headbutt","floor":8},{"not_picked":["Cleave","True Grit","Combust"],"picked":"Pommel Strike","floor":11},{"not_picked":["Flex","Cleave","Twin Strike"],"picked":"Double Tap","floor":13},{"not_picked":["Spot Weakness","Thunderclap","Clothesline"],"picked":"Headbutt","floor":14},{"not_picked":["Armaments+1","True Grit","Cleave"],"picked":"Warcry+1","floor":18},{"not_picked":["Rupture","Perfected Strike+1","Fire Breathing"],"picked":"Shrug It Off","floor":20},{"not_picked":["Thunderclap+1","Anger+1","Barricade"],"picked":"Headbutt+1","floor":24},{"not_picked":["Sword Boomerang+1","True Grit","Body Slam+1","Cleave+1"],"picked":"SKIP","floor":25},{"not_picked":["Headbutt+1","Body Slam+1","Anger+1"],"picked":"Thunderclap+1","floor":28},{"not_picked":["Intimidate","Shrug It Off","Pummel+1"],"picked":"Metallicize","floor":30},{"not_picked":["Sword Boomerang+1","Heavy Blade+1","Brutality"],"picked":"Shockwave+1","floor":31},{"not_picked":["Impervious","Bludgeon+1","Juggernaut"],"picked":"Feed+1","floor":33},{"not_picked":["Armaments+1","Clash+1","Shrug It Off"],"picked":"Rage","floor":35},{"not_picked":["Battle Trance+1","Flex+1","Anger+1"],"picked":"Reaper+1","floor":38},{"not_picked":["Anger+1","Berserk","Feel No Pain+1"],"picked":"Dual Wield+1","floor":41},{"not_picked":["Perfected Strike+1","Pummel+1","Thunderclap+1"],"picked":"Iron Wave+1","floor":45},{"not_picked":["Reckless Charge+1","Pommel Strike+1","Clash+1"],"picked":"Thunderclap+1","floor":46},{"not_picked":["Heavy Blade+1","Fire Breathing","Sever Soul+1"],"picked":"Iron Wave+1","floor":48}],"player_experience":42432,"relics_obtained":[{"floor":6,"key":"Whetstone"},{"floor":9,"key":"Question Card"},{"floor":12,"key":"Bronze Scales"},{"floor":24,"key":"Gremlin Horn"},{"floor":26,"key":"Letter Opener"},{"floor":41,"key":"Toxic Egg 2"},{"floor":43,"key":"Mummified Hand"},{"floor":47,"key":"Red Skull"}],"event_choices":[{"damage_healed":0,"gold_gain":0,"player_choice":"Bought 3 Potions","damage_taken":0,"max_hp_gain":0,"max_hp_loss":0,"event_name":"The Woman in Blue","floor":2,"gold_loss":0},{"damage_healed":0,"gold_gain":0,"player_choice":"Ignored","damage_taken":0,"max_hp_gain":0,"max_hp_loss":0,"event_name":"Beggar","floor":21,"gold_loss":0},{"damage_healed":0,"gold_gain":0,"player_choice":"Ignored","damage_taken":0,"max_hp_gain":0,"max_hp_loss":0,"event_name":"Mysterious Sphere","floor":37,"gold_loss":0},{"damage_healed":0,"gold_gain":0,"player_choice":"Paid","damage_taken":0,"relics_obtained":["Red Mask"],"max_hp_gain":0,"max_hp_loss":0,"event_name":"Tomb of Lord Red Mask","floor":39,"gold_loss":37}],"is_beta":false,"boss_relics":[{"not_picked":["Coffee Dripper","Mark of Pain"],"picked":"Empty Cage"},{"not_picked":["Sozu","White Beast Statue"],"picked":"Fusion Hammer"}],"items_purged_floors":[19,36],"is_endless":false,"potions_floor_spawned":[4,6,11,16,24,25,30,31,33,35,38],"ascension_level":1}