{"gold_per_floor":[368,13,27,38,138,173,173,189,213,230,244,279,298,298],"floor_reached":14,"playtime":503,"items_purged":[],"score":140,"play_id":"db24a3c9-ec5c-44ee-a9ba-5f53248ce9a9","local_time":"20190113003725","is_ascension_mode":true,"campfire_choices":[{"floor":7,"key":"REST"}],"neow_cost":"TEN_PERCENT_HP_LOSS","seed_source_timestamp":1581635268990363,"circlet_count":0,"master_deck":["Strike_B","Strike_B","Strike_B","Strike_B","Defend_B","Defend_B","Defend_B","Defend_B","Zap","Dualcast","Compile Driver","Sweeping Beam","Redo","Compile Driver","Chill","Cold Snap","Defragment","Auto Shields","Go for the Eyes","Steam","Core Surge"],"relics":["Cracked Core","Kunai","Orichalcum","Boot","Omamori"],"potions_floor_usage":[13],"damage_taken":[{"damage":10,"enemies":"2 Louse","floor":1,"turns":3},{"damage":1,"enemies":"Cultist","floor":3,"turns":3},{"damage":4,"enemies":"Jaw Worm","floor":4,"turns":3},{"damage":29,"enemies":"Lagavulin","floor":6,"turns":6},{"damage":4,"enemies":"Red Slaver","floor":8,"turns":5},{"damage":12,"enemies":"Large Slime","floor":10,"turns":3},{"damage":8,"enemies":"Exordium Wildlife","floor":11,"turns":6},{"damage":15,"enemies":"Gremlin Nob","floor":12,"turns":4},{"damage":0,"enemies":"3 Louse","floor":13,"turns":3},{"damage":5,"enemies":"3 Sentries","floor":14,"turns":2}],"seed_played":"-7061426083446257956","potions_obtained":[{"floor":1,"key":"SteroidPotion"},{"floor":10,"key":"Dexterity Potion"},{"floor":12,"key":"AttackPotion"},{"floor":13,"key":"Dexterity Potion"}],"is_trial":false,"path_per_floor":["M","$","M","M","?","E","R","M","T","M","M","E","M","E"],"character_chosen":"DEFECT","items_purchased":["Kunai","Sweeping Beam","Redo"],"campfire_rested":1,"item_purchase_floors":[2,2,2],"current_hp_per_floor":[58,58,57,53,53,24,44,40,40,28,20,5,5,0],"gold":298,"neow_bonus":"TWO_FIFTY_GOLD","is_prod":false,"is_daily":false,"chose_seed":false,"campfire_upgraded":0,"win_rate":0,"timestamp":1547339845,"path_taken":["M","$","M","M","?","E","R","M","T","M","?","E","M","E"],"build_version":"2019-01-10","purchased_purges":0,"victory":false,"max_hp_per_floor":[68,68,68,68,68,68,68,68,68,68,68,68,68,68],"card_choices":[{"not_picked":["Static Discharge","Redo"],"picked":"Compile Driver","floor":1},{"not_picked":["Undo","Aggregate"],"picked":"Compile Driver","floor":3},{"not_picked":["Barrage","Hologram"],"picked":"Chill","floor":4},{"not_picked":["All For One","Stack"],"picked":"Cold Snap","floor":6},{"not_picked":["Rebound","Redo"],"picked":"Defragment","floor":8},{"not_picked":["Scrape","Aggregate"],"picked":"Auto Shields","floor":10},{"not_picked":["Darkness","Sweeping Beam"],"picked":"Go for the Eyes","floor":11},{"not_picked":["Barrage","Genetic Algorithm"],"picked":"Steam","floor":12},{"not_picked":["Aggregate","Redo"],"picked":"Core Surge","floor":13}],"player_experience":236641,"relics_obtained":[{"floor":6,"key":"Orichalcum"},{"floor":9,"key":"Boot"},{"floor":12,"key":"Omamori"}],"event_choices":[{"damage_healed":0,"gold_gain":100,"player_choice":"Pray","damage_taken":0,"max_hp_gain":0,"max_hp_loss":0,"event_name":"Golden Shrine","floor":5,"gold_loss":0}],"is_beta":false,"boss_relics":[],"items_purged_floors":[],"is_endless":false,"potions_floor_spawned":[1,10,12,13],"killed_by":"3 Sentries","ascension_level":7}