{"path_per_floor":["M","?","M","M","$","E","R","E","T","M","R","?","R","M","R","B",null,"M","$","?","$","M"],"character_chosen":"THE_SILENT","items_purchased":["Blade Dance","Snake Skull","Bouncing Flask"],"gold_per_floor":[19,19,30,41,8,41,41,68,95,115,115,115,115,128,128,232,232,242,13,13,13,33],"floor_reached":23,"campfire_rested":1,"playtime":1657,"current_hp_per_floor":[69,69,68,65,65,50,50,41,41,41,41,23,44,43,43,35,70,69,69,69,69,59],"items_purged":[],"gold":33,"play_id":"c607d075-8247-4378-8ca1-358051fece05","is_prod":false,"is_daily":false,"campfire_rituals":0,"campfire_upgraded":3,"is_hardmode":false,"path_taken":["M","?","?","M","?","E","R","E","T","M","R","?","R","M","R","BOSS","M","$","?","$","M","E"],"build_version":"2017-12-21-PROD1","purchased_purges":0,"victory":false,"master_deck":["Defend_G","Defend_G","Defend_G","Defend_G","Defend_G","Strike_G","Strike_G","Strike_G","Strike_G","Survivor","Neutralize","Glass Knife","Poisoned Stab","Blur","Blade Dance","Dodge and Roll","Footwork","Bane","Bouncing Flask","After Image","Well Laid Plans","Bouncing Flask","Poisoned Stab"],"max_hp_per_floor":[70,70,70,70,70,70,70,70,70,70,70,70,70,70,70,70,70,70,70,70,70,70],"relics":["Ring of the Snake","Torii","Ornamental Fan","Singing Bowl","Happy Flower","Prayer Wheel","Black Star","Snake Skull"],"campfire_meditates":0,"card_choices":[{"not_picked":["Calculated Gamble","Malaise"],"picked":"Glass Knife"},{"not_picked":["Dagger Spray","Bane"],"picked":"Poisoned Stab"},{"not_picked":["Sucker Punch","Reflex"],"picked":"Blur"},{"not_picked":["Dagger Spray","Backflip"],"picked":"Dodge and Roll"},{"not_picked":["Reflex","Riddle With Holes"],"picked":"Footwork"},{"not_picked":["Dagger Spray","Finisher"],"picked":"Bane"},{"not_picked":["Calculated Gamble","Underhanded Strike"],"picked":"Bouncing Flask"},{"not_picked":["Doppelganger","Die Die Die"],"picked":"After Image"},{"not_picked":["Poisoned Stab","Acrobatics"],"picked":"Well Laid Plans"},{"not_picked":["Prepared","Underhanded Strike"],"picked":"Poisoned Stab"}],"player_experience":82698,"potions_floor_usage":[8,23],"damage_taken":[{"damage":1,"enemies":"Jaw Worm","floor":1,"turns":5},{"damage":1,"enemies":"Looter","floor":3,"turns":4},{"damage":3,"enemies":"Blue Slaver","floor":4,"turns":4},{"damage":15,"enemies":"Lagavulin","floor":6,"turns":8},{"damage":9,"enemies":"3 Sentries","floor":8,"turns":6},{"damage":0,"enemies":"3 Louse","floor":10,"turns":4},{"damage":1,"enemies":"2 Fungi Beasts","floor":14,"turns":4},{"damage":8,"enemies":"The Guardian","floor":16,"turns":9},{"damage":1,"enemies":"Chosen","floor":18,"turns":5},{"damage":10,"enemies":"3 Byrds","floor":22,"turns":5},{"damage":77,"enemies":"Slavers","floor":23,"turns":4}],"event_choices":[{"event_name":"The Cleric","player_choice":"Leave","floor":2,"damage_taken":0},{"event_name":"Scrap Ooze","player_choice":"success","floor":12,"damage_taken":18},{"event_name":"Purifier","player_choice":"One Purge","floor":20,"damage_taken":0}],"boss_relics":[{"not_picked":["Philosopher\u0027s Stone","Runic Pyramid"],"picked":"Black Star"}],"potions_floor_spawned":[1,6,22],"seed_played":"1970604888797593021","killed_by":"Slavers","is_trial":false}