{"gold_per_floor":[110,110,110,1,11,36,53,78,78,94,94,94,106,123,123,225,225,244,244,256,272,284,284,311,311,338,355,355],"floor_reached":28,"playtime":1986,"items_purged":[],"score":365,"play_id":"02921ccf-bb6f-45b0-8ffa-957cc8c491c1","local_time":"20190113194414","is_ascension_mode":true,"campfire_choices":[{"data":"Neutralize","floor":11,"key":"SMITH"},{"floor":15,"key":"REST"},{"floor":23,"key":"REST"}],"neow_cost":"NONE","seed_source_timestamp":1648965725251173,"circlet_count":0,"master_deck":["Defend_G","Defend_G","Defend_G","Defend_G+1","Strike_G","Strike_G","Survivor","Neutralize+1","Blur+1","Doppelganger+1","Riddle With Holes+1","Dagger Spray","Footwork","All Out Attack","Quick Slash","Acrobatics","Deflect","Dagger Throw","Phantasmal Killer","RitualDagger","PiercingWail+1","Glass Knife","Escape Plan"],"relics":["Astrolabe","Paper Crane","Tough Bandages","Mango","Eternal Feather","Bottled Lightning","Orichalcum"],"potions_floor_usage":[16,20,22,24],"damage_taken":[{"damage":0,"enemies":"Small Slimes","floor":1,"turns":5},{"damage":0,"enemies":"2 Louse","floor":5,"turns":2},{"damage":16,"enemies":"Lagavulin","floor":6,"turns":8},{"damage":0,"enemies":"Cultist","floor":7,"turns":3},{"damage":12,"enemies":"Gremlin Nob","floor":8,"turns":5},{"damage":0,"enemies":"3 Louse","floor":10,"turns":3},{"damage":0,"enemies":"Exordium Thugs","floor":13,"turns":4},{"damage":0,"enemies":"Exordium Wildlife","floor":14,"turns":4},{"damage":31,"enemies":"The Guardian","floor":16,"turns":14},{"damage":8,"enemies":"Shell Parasite","floor":18,"turns":9},{"damage":6,"enemies":"Chosen","floor":20,"turns":7},{"damage":41,"enemies":"Snake Plant","floor":21,"turns":6},{"damage":14,"enemies":"Shelled Parasite and Fungi","floor":22,"turns":6},{"damage":37,"enemies":"Book of Stabbing","floor":24,"turns":8},{"damage":3,"enemies":"3 Cultists","floor":27,"turns":5},{"damage":2,"enemies":"Snake Plant","floor":28,"turns":4}],"seed_played":"2081334756338258408","potions_obtained":[{"floor":8,"key":"GhostInAJar"},{"floor":14,"key":"SpeedPotion"},{"floor":16,"key":"Fruit Juice"},{"floor":22,"key":"GamblersBrew"}],"is_trial":false,"path_per_floor":["M","?","?","$","M","E","M","E","T","M","R","?","M","M","R","B",null,"M","?","M","M","M","R","E","?","T","M","M"],"character_chosen":"THE_SILENT","items_purchased":["Footwork","All Out Attack"],"campfire_rested":2,"item_purchase_floors":[4,4],"current_hp_per_floor":[63,63,63,63,63,47,47,35,49,49,49,49,49,49,74,48,79,71,65,59,18,4,42,5,5,5,2,0],"gold":355,"neow_bonus":"BOSS_RELIC","is_prod":false,"is_daily":false,"chose_seed":false,"campfire_upgraded":1,"win_rate":0,"timestamp":1547408654,"path_taken":["M","?","?","$","M","E","M","E","T","?","R","?","?","M","R","BOSS","M","?","M","M","M","R","E","?","T","M","M"],"build_version":"2019-01-10","purchased_purges":0,"victory":false,"max_hp_per_floor":[70,70,70,70,70,70,70,70,84,84,84,84,84,84,84,89,89,89,89,89,89,89,89,89,89,89,89,89],"card_choices":[{"not_picked":["Cloak And Dagger","Bane"],"picked":"Dagger Spray","floor":1},{"not_picked":["Prepared","Distraction"],"picked":"Quick Slash","floor":5},{"not_picked":["Concentrate","Finisher"],"picked":"Acrobatics","floor":6},{"not_picked":["PiercingWail","Slice"],"picked":"Deflect","floor":7},{"not_picked":["Predator","Well Laid Plans"],"picked":"Dagger Throw","floor":8},{"not_picked":["Caltrops","Noxious Fumes","Well Laid Plans"],"picked":"SKIP","floor":10},{"not_picked":["Caltrops","Noxious Fumes","Well Laid Plans"],"picked":"SKIP","floor":10},{"not_picked":["Underhanded Strike","Expertise","Distraction"],"picked":"SKIP","floor":13},{"not_picked":["Venomology","Reflex","Distraction"],"picked":"SKIP","floor":14},{"not_picked":["Malaise","Venomology"],"picked":"Phantasmal Killer","floor":16},{"not_picked":["Bane","All Out Attack","Underhanded Strike+1"],"picked":"SKIP","floor":18},{"not_picked":["Sucker Punch","All Out Attack","Deadly Poison+1"],"picked":"SKIP","floor":20},{"not_picked":["Dash+1","Predator","Dagger Spray+1"],"picked":"SKIP","floor":21},{"not_picked":["Flying Knee+1","Choke"],"picked":"PiercingWail+1","floor":22},{"not_picked":["Footwork","PiercingWail"],"picked":"Glass Knife","floor":24},{"not_picked":["Eviscerate","Sucker Punch"],"picked":"Escape Plan","floor":27}],"player_experience":255907,"relics_obtained":[{"floor":6,"key":"Paper Crane"},{"floor":8,"key":"Tough Bandages"},{"floor":9,"key":"Mango"},{"floor":24,"key":"Bottled Lightning"},{"floor":26,"key":"Orichalcum"}],"event_choices":[{"damage_healed":0,"gold_gain":0,"player_choice":"Ignored","damage_taken":0,"max_hp_gain":0,"max_hp_loss":0,"event_name":"Golden Wing","floor":2,"gold_loss":0},{"damage_healed":0,"gold_gain":0,"player_choice":"Forge","damage_taken":0,"max_hp_gain":0,"max_hp_loss":0,"event_name":"Accursed Blacksmith","floor":3,"gold_loss":0,"cards_upgraded":["Defend_G"]},{"cards_removed":["Strike_G"],"damage_healed":0,"gold_gain":0,"player_choice":"Purged","damage_taken":0,"max_hp_gain":0,"max_hp_loss":0,"event_name":"Purifier","floor":12,"gold_loss":0},{"damage_healed":0,"gold_gain":0,"player_choice":"Joined the Cult","damage_taken":6,"max_hp_gain":0,"max_hp_loss":0,"event_name":"Nest","floor":19,"gold_loss":0,"cards_obtained":["RitualDagger"]},{"damage_healed":0,"gold_gain":0,"player_choice":"Ignored","damage_taken":0,"max_hp_gain":0,"max_hp_loss":0,"event_name":"N\u0027loth","floor":25,"gold_loss":0}],"is_beta":false,"boss_relics":[{"not_picked":["Fusion Hammer","Cursed Key"],"picked":"Eternal Feather"}],"items_purged_floors":[],"is_endless":false,"potions_floor_spawned":[8,14,16,22],"killed_by":"Snake Plant","ascension_level":7}