{"path_per_floor":["M","?","?","?","M","R","?","E","T","M","M","?","?","?","R","B",null,"M","M","?","?","$","R","M","E","T","M","$","M","?","T","R","B",null,"M","?","M","?","M","R","?","R","T","$","R","?","T","?","R","B"],"character_chosen":"THE_SILENT","items_purchased":["Shuriken"],"gold_per_floor":[113,363,343,343,356,356,356,390,390,401,420,370,370,400,400,497,497,452,452,452,367,108,108,108,108,108,108,108,108,108,108,108,108,108,108,108,108,0,0,0,0,0,0,0,0,0,0,0,0,0],"floor_reached":51,"campfire_rested":5,"playtime":2605,"current_hp_per_floor":[62,62,62,62,59,59,59,39,39,39,34,34,34,31,52,30,60,51,62,49,49,49,71,53,21,21,28,28,28,28,28,50,33,65,67,67,49,49,35,57,48,48,48,48,70,70,70,70,70,9],"items_purged":[],"gold":0,"score":717,"play_id":"d7ca253e-85d0-42db-a3ea-fef60ba39308","local_time":"20180302182816","is_prod":false,"is_daily":false,"is_ascension_mode":true,"campfire_upgraded":3,"timestamp":1520015296,"path_taken":["M","?","?","?","M","R","?","E","T","M","M","?","?","?","R","BOSS","M","M","?","?","$","R","M","E","T","M","$","M","?","?","R","BOSS","M","?","M","?","M","R","?","R","T","$","R","?","?","?","R","BOSS"],"build_version":"2018-03-01-PROD1","purchased_purges":1,"victory":true,"master_deck":["Defend_G+1","Defend_G+1","Defend_G+1","Defend_G+1","Defend_G+1","Strike_G+1","Strike_G+1","Strike_G+1","Strike_G+1","Strike_G+1","Survivor","Neutralize+1","Well Laid Plans","Escape Plan","Slice","Blur","Dagger Spray","After Image","Footwork+1","Skewer+1","Quick Slash","Slice","Acrobatics+1","Envenom+1","Deflect+1","Dagger Throw+1","Madness","Madness","Quick Slash+1","Blur"],"max_hp_per_floor":[70,70,70,70,70,70,70,70,70,70,70,70,70,70,70,70,70,70,70,75,75,75,75,75,75,75,75,75,75,75,75,75,75,75,75,75,75,75,75,75,75,75,75,75,75,75,75,75,75,75],"relics":["Ring of the Snake","Bag of Marbles","Bronze Scales","Spirit Poop","Whetstone","Juzu Bracelet","Tiny Chest","Ectoplasm","Blood Vial","Shuriken","Frozen Egg 2","Oddly Smooth Stone","Happy Flower","Runic Dome","Red Mask","Dream Catcher","Lantern"],"card_choices":[{"not_picked":["Prepared","PiercingWail"],"picked":"Well Laid Plans"},{"not_picked":["Quick Slash","Blur"],"picked":"Escape Plan"},{"not_picked":["Poisoned Stab","Well Laid Plans"],"picked":"Slice"},{"not_picked":["Riddle With Holes","Deadly Poison"],"picked":"Blur"},{"not_picked":["Accuracy","Deadly Poison"],"picked":"Dagger Spray"},{"not_picked":["Corpse Explosion","Glass Knife"],"picked":"After Image"},{"not_picked":["Cloak And Dagger","Prepared"],"picked":"Footwork"},{"not_picked":["Reflex","Poisoned Stab"],"picked":"Skewer"},{"not_picked":["Choke","Prepared"],"picked":"Quick Slash"},{"not_picked":["Acrobatics","Dodge and Roll"],"picked":"Slice"},{"not_picked":["Underhanded Strike","After Image"],"picked":"Acrobatics"},{"not_picked":["Bullet Time","Adrenaline"],"picked":"Envenom"},{"not_picked":["Cloak And Dagger","Reflex"],"picked":"Slice"},{"not_picked":["Slice","Sucker Punch"],"picked":"Deflect"},{"not_picked":["Prepared","Concentrate"],"picked":"Dagger Throw"},{"not_picked":["Acrobatics","All Out Attack"],"picked":"Quick Slash"}],"player_experience":182775,"potions_floor_usage":[8,16,18,19,27,29,33,50,50],"damage_taken":[{"damage":1,"enemies":"Jaw Worm","floor":1,"turns":3},{"damage":3,"enemies":"Cultist","floor":5,"turns":3},{"damage":35,"enemies":"3 Sentries","floor":8,"turns":11},{"damage":0,"enemies":"2 Louse","floor":10,"turns":3},{"damage":5,"enemies":"Exordium Thugs","floor":11,"turns":4},{"damage":22,"enemies":"The Guardian","floor":16,"turns":13},{"damage":9,"enemies":"2 Thieves","floor":18,"turns":4},{"damage":4,"enemies":"Chosen","floor":19,"turns":8},{"damage":20,"enemies":"Centurion and Healer","floor":24,"turns":5},{"damage":34,"enemies":"Slavers","floor":25,"turns":6},{"damage":4,"enemies":"Snake Plant","floor":27,"turns":4},{"damage":2,"enemies":"Chosen and Byrds","floor":29,"turns":7},{"damage":19,"enemies":"Collector","floor":33,"turns":10},{"damage":0,"enemies":"Orb Walker","floor":35,"turns":3},{"damage":20,"enemies":"3 Darklings","floor":37,"turns":5},{"damage":16,"enemies":"4 Shapes","floor":39,"turns":5},{"damage":63,"enemies":"Time Eater","floor":50,"turns":12}],"event_choices":[{"event_name":"Golden Shrine","player_choice":"Desecrate","floor":2,"damage_taken":0},{"event_name":"The Woman in Blue","player_choice":"Bought 1 Potion","floor":3,"damage_taken":0},{"event_name":"Big Fish","player_choice":"Box","floor":4,"damage_taken":0},{"event_name":"Bonfire Elementals","player_choice":"CURSE","floor":7,"damage_taken":0},{"event_name":"The Cleric","player_choice":"Card Removal","floor":12,"damage_taken":0},{"event_name":"The Lab","player_choice":"Got Potions","floor":13,"damage_taken":0},{"event_name":"Scrap Ooze","player_choice":"success","floor":14,"damage_taken":3},{"event_name":"Forgotten Altar","player_choice":"Shed Blood","floor":20,"damage_taken":0},{"event_name":"Addict","player_choice":"Obtained Relic","floor":21,"damage_taken":0},{"event_name":"Back to Basics","player_choice":"Simplicity","floor":30,"damage_taken":0},{"event_name":"Mysterious Sphere","player_choice":"Ignore","floor":36,"damage_taken":0},{"event_name":"Tomb of Lord Red Mask","player_choice":"Paid","floor":38,"damage_taken":0},{"event_name":"Winding Halls","player_choice":"Embrace Madness","floor":41,"damage_taken":0},{"event_name":"Duplicator","player_choice":"One dupe","floor":48,"damage_taken":0}],"boss_relics":[{"not_picked":["Snecko Eye","Velvet Choker"],"picked":"Ectoplasm"},{"not_picked":["White Beast Statue","Orrery"],"picked":"Runic Dome"}],"potions_floor_spawned":[1,10,16,18,25,29,37],"seed_played":"6770519992308946332","ascension_level":8,"is_trial":false}