{"path_per_floor":["M","M","M","$","M","E","?","R","T","R","?","M","M","M","R","B",null,"M","?","M","?","?","R","M","$","T","?","M","R","?","$","R","B",null,"M","?","?","M","?","E","R","?","T","R","?","M","R","$","R"],"character_chosen":"DEFECT","items_purchased":["Juzu Bracelet","Oddly Smooth Stone","Self Repair","PowerPotion","Heatsinks","Regen Potion"],"gold_per_floor":[10,25,45,45,62,88,88,88,141,141,141,155,170,188,188,284,284,302,302,320,370,370,370,387,22,74,74,94,94,94,7,7,107,107,117,117,117,136,136,171,171,171,198,198,198,210,210,2,2,2],"floor_reached":50,"campfire_rested":6,"playtime":2246,"item_purchase_floors":[25,25,31,31,48,48],"current_hp_per_floor":[74,69,69,69,67,41,41,41,48,48,41,41,25,22,46,46,82,33,17,6,6,6,30,13,13,13,13,12,36,36,36,60,73,82,71,71,71,60,60,51,75,65,65,65,65,68,68,68,82,0],"items_purged":["Strike_B","Dualcast"],"gold":2,"score":621,"play_id":"fad552b7-0af7-43eb-9e79-5a71b0521952","local_time":"20180607230104","is_prod":false,"is_daily":false,"chose_seed":false,"is_ascension_mode":true,"campfire_upgraded":4,"win_rate":0,"timestamp":1528408864,"campfire_choices":[{"data":"Loop","floor":8,"key":"SMITH"},{"data":"Electrodynamics","floor":10,"key":"SMITH"},{"floor":15,"key":"REST"},{"floor":23,"key":"REST"},{"floor":29,"key":"REST"},{"floor":32,"key":"REST"},{"floor":41,"key":"REST"},{"data":"Reboot","floor":44,"key":"SMITH"},{"data":"Reinforced Body","floor":47,"key":"SMITH"},{"floor":49,"key":"REST"}],"path_taken":["M","M","M","?","M","E","?","R","T","R","?","?","?","M","R","BOSS","M","?","M","?","?","R","M","$","T","?","M","R","?","?","R","BOSS","M","?","?","M","?","E","R","?","T","R","?","M","R","$","R","BOSS"],"build_version":"2018-05-31","seed_source_timestamp":13418360055689,"purchased_purges":2,"victory":false,"master_deck":["Strike_B+1","Defend_B+1","Defend_B+1","Defend_B+1","Defend_B+1","Zap","Seek","FTL+1","Sweeping Beam+1","Loop+1","Electrodynamics+1","Storm","Redo","Storm","Echo Form","Stack+1","Reinforced Body+1","Reboot+1","Self Repair","Biased Cognition","Biased Cognition","Loop","Flash of Steel","Blind","Panache","Heatsinks"],"max_hp_per_floor":[75,75,75,75,75,75,75,75,82,82,82,82,82,82,82,82,82,82,82,82,82,82,82,82,82,82,82,82,82,82,82,82,82,82,82,82,82,82,82,82,82,82,82,82,82,82,82,82,82,82],"relics":["Cracked Core","Toolbox","Strawberry","Inserter","Enchiridion","Juzu Bracelet","Oddly Smooth Stone","Whetstone","Runic Dome","Happy Flower","Bag of Marbles"],"card_choices":[{"not_picked":["Rainbow","Amplify"],"picked":"Seek","floor":0},{"not_picked":["Beam Cell","Go for the Eyes"],"picked":"FTL","floor":1},{"not_picked":["Gash","Beam Cell"],"picked":"Lockon","floor":2},{"not_picked":["Chaos","Streamline"],"picked":"Sweeping Beam","floor":3},{"not_picked":["FTL","Consume"],"picked":"Loop","floor":5},{"not_picked":["Coolheaded","Rainbow"],"picked":"Electrodynamics","floor":6},{"not_picked":["Reinforced Body","Self Repair"],"picked":"Storm","floor":12},{"not_picked":["Force Field","Go for the Eyes"],"picked":"Redo","floor":13},{"not_picked":["Gash","Lockon"],"picked":"Storm","floor":14},{"not_picked":["Core Surge","Machine Learning"],"picked":"Echo Form","floor":16},{"not_picked":["Hologram","Coolheaded","Sweeping Beam"],"picked":"SKIP","floor":18},{"not_picked":["Rebound","Turbo+1"],"picked":"Stack+1","floor":20},{"not_picked":["Compile Driver+1","Genetic Algorithm"],"picked":"Reinforced Body","floor":24},{"not_picked":["Coolheaded","Barrage+1"],"picked":"Reboot","floor":28},{"not_picked":["Multi-Cast","Seek"],"picked":"Biased Cognition","floor":33},{"not_picked":["Redo","Rebound","Beam Cell+1"],"picked":"SKIP","floor":35},{"not_picked":["Redo+1","Capacitor+1","FTL"],"picked":"SKIP","floor":38},{"not_picked":["Static Discharge","Meteor Strike"],"picked":"Loop","floor":40},{"not_picked":["Mind Blast","Trip"],"picked":"Flash of Steel","floor":42},{"not_picked":["Sadistic Nature","Panacea"],"picked":"Blind","floor":42},{"not_picked":["Sadistic Nature","Madness"],"picked":"Panache","floor":42},{"not_picked":["Leap+1","Stack+1","Turbo"],"picked":"SKIP","floor":46}],"player_experience":275603,"potions_floor_usage":[20,20,33,38,50],"damage_taken":[{"damage":1,"enemies":"Cultist","floor":1,"turns":3},{"damage":5,"enemies":"Small Slimes","floor":2,"turns":3},{"damage":0,"enemies":"2 Louse","floor":3,"turns":2},{"damage":2,"enemies":"2 Fungi Beasts","floor":5,"turns":3},{"damage":26,"enemies":"3 Sentries","floor":6,"turns":6},{"damage":0,"enemies":"3 Louse","floor":12,"turns":1},{"damage":16,"enemies":"Lots of Slimes","floor":13,"turns":2},{"damage":3,"enemies":"Blue Slaver","floor":14,"turns":3},{"damage":0,"enemies":"Slime Boss","floor":16,"turns":5},{"damage":49,"enemies":"Shell Parasite","floor":18,"turns":6},{"damage":11,"enemies":"Chosen","floor":20,"turns":3},{"damage":17,"enemies":"Centurion and Healer","floor":24,"turns":5},{"damage":1,"enemies":"Snecko","floor":28,"turns":3},{"damage":1,"enemies":"Collector","floor":33,"turns":5},{"damage":11,"enemies":"Orb Walker","floor":35,"turns":2},{"damage":18,"enemies":"3 Darklings","floor":38,"turns":3},{"damage":16,"enemies":"2 Orb Walkers","floor":40,"turns":2},{"damage":4,"enemies":"4 Shapes","floor":46,"turns":2},{"damage":104,"enemies":"Time Eater","floor":50,"turns":8}],"relics_obtained":[{"floor":6,"key":"Toolbox"},{"floor":9,"key":"Strawberry"},{"floor":19,"key":"Enchiridion"},{"floor":26,"key":"Whetstone"},{"floor":40,"key":"Happy Flower"},{"floor":43,"key":"Bag of Marbles"}],"event_choices":[{"event_name":"Living Wall","player_choice":"Forget","floor":7,"damage_taken":0},{"event_name":"Golden Wing","player_choice":"Card Removal","floor":11,"damage_taken":0},{"event_name":"Cursed Tome","player_choice":"Obtained Book","floor":19,"damage_taken":0},{"event_name":"The Joust","player_choice":"Bet on Murderer","floor":21,"damage_taken":0},{"event_name":"Vampires","player_choice":"Ignored","floor":22,"damage_taken":0},{"event_name":"Back to Basics","player_choice":"Simplicity","floor":27,"damage_taken":0},{"event_name":"Forgotten Altar","player_choice":"Smashed Altar","floor":30,"damage_taken":0},{"event_name":"Purifier","player_choice":"One Purge","floor":36,"damage_taken":0},{"event_name":"Mysterious Sphere","player_choice":"Ignore","floor":37,"damage_taken":0},{"event_name":"Duplicator","player_choice":"One dupe","floor":39,"damage_taken":0},{"event_name":"SensoryStone","player_choice":"Memory 3","floor":42,"damage_taken":0}],"boss_relics":[{"not_picked":["Calling Bell","Sozu"],"picked":"Inserter"},{"not_picked":["Tiny House","Cursed Key"],"picked":"Runic Dome"}],"items_purged_floors":[25,48],"potions_floor_spawned":[1,12,14,16,28,46],"seed_played":"-6752517608526872068","killed_by":"Time Eater","ascension_level":3,"potions_obtained":[{"floor":1,"key":"SteroidPotion"},{"floor":12,"key":"Energy Potion"},{"floor":14,"key":"Explosive Potion"},{"floor":28,"key":"SpeedPotion"},{"floor":46,"key":"Energy Potion"}],"is_trial":false}