{"path_per_floor":["M","M","M","M","?","R","E","R","T","?","R","M","?","?","R","B",null,"M","M","M","M","?","R","?","?","T","M","M","E","$","?","R"],"character_chosen":"IRONCLAD","items_purchased":["Regal Pillow","Flash of Steel"],"gold_per_floor":[110,122,136,156,256,256,284,284,310,310,310,330,330,330,330,402,402,402,402,402,402,402,402,402,327,327,327,327,327,3,3,3,3],"floor_reached":33,"campfire_rested":4,"playtime":1318,"current_hp_per_floor":[72,71,69,51,51,51,23,49,49,42,68,65,87,70,70,28,72,68,66,52,36,36,62,62,62,62,58,54,28,28,28,43,0],"items_purged":["Strike_R"],"gold":3,"score":466,"play_id":"0991af07-0db1-4b62-8978-de8d466b7a9c","local_time":"20180508180632","is_prod":false,"is_daily":false,"chose_seed":false,"is_ascension_mode":true,"campfire_upgraded":2,"timestamp":1525799192,"path_taken":["M","M","M","M","?","R","E","R","T","?","R","?","?","?","R","BOSS","M","M","M","?","?","R","?","?","T","M","?","E","$","?","R","BOSS"],"build_version":"2018-05-03","seed_source_timestamp":241599593405943,"purchased_purges":1,"victory":false,"master_deck":["Strike_R","Strike_R","Strike_R+1","Defend_R","Defend_R","Defend_R+1","Defend_R","Bash+1","AscendersBane","Battle Trance","Cleave","Rampage+1","Bludgeon","Offering","Shrug It Off","Flash of Steel","Ghostly","Ghostly","Ghostly","Ghostly","Ghostly"],"max_hp_per_floor":[80,80,80,80,80,80,87,87,87,87,87,87,87,87,87,87,87,87,87,87,87,87,87,87,87,87,87,87,87,87,43,43,43],"relics":["Sozu","Strawberry","Bronze Scales","Oddly Smooth Stone","Ectoplasm","Pen Nib","Vajra","Regal Pillow"],"card_choices":[{"not_picked":["Reckless Charge","Havoc"],"picked":"Battle Trance","floor":1},{"not_picked":["Evolve","Ghostly Armor"],"picked":"Cleave","floor":2},{"not_picked":["Corruption","Dual Wield"],"picked":"Rampage","floor":4},{"not_picked":["Infernal Blade","Iron Wave"],"picked":"Bludgeon","floor":7},{"not_picked":["Feed","Immolate"],"picked":"Offering","floor":16},{"not_picked":["Clothesline","Metallicize"],"picked":"Shrug It Off","floor":27}],"player_experience":239204,"potions_floor_usage":[],"damage_taken":[{"damage":0,"enemies":"Small Slimes","floor":1,"turns":2},{"damage":1,"enemies":"Cultist","floor":2,"turns":3},{"damage":2,"enemies":"Jaw Worm","floor":3,"turns":2},{"damage":18,"enemies":"Exordium Wildlife","floor":4,"turns":4},{"damage":35,"enemies":"Lagavulin","floor":7,"turns":4},{"damage":3,"enemies":"2 Fungi Beasts","floor":12,"turns":3},{"damage":42,"enemies":"Hexaghost","floor":16,"turns":7},{"damage":4,"enemies":"Chosen","floor":18,"turns":2},{"damage":2,"enemies":"Shell Parasite","floor":19,"turns":3},{"damage":14,"enemies":"Sentry and Sphere","floor":20,"turns":4},{"damage":16,"enemies":"Snake Plant","floor":21,"turns":3},{"damage":4,"enemies":"Cultist and Chosen","floor":27,"turns":5},{"damage":4,"enemies":"Chosen and Byrds","floor":28,"turns":3},{"damage":26,"enemies":"Gremlin Leader","floor":29,"turns":4},{"damage":85,"enemies":"Automaton","floor":33,"turns":6}],"event_choices":[{"event_name":"Golden Shrine","player_choice":"Pray","floor":5,"damage_taken":0},{"event_name":"Scrap Ooze","player_choice":"success","floor":10,"damage_taken":7},{"event_name":"Big Fish","player_choice":"Banana","floor":13,"damage_taken":0},{"event_name":"Shining Light","player_choice":"Entered Light","floor":14,"damage_taken":0},{"event_name":"Golden Shrine","player_choice":"Pray","floor":22,"damage_taken":0},{"event_name":"The Lab","player_choice":"Got Potions","floor":24,"damage_taken":0},{"event_name":"Beggar","player_choice":"Gave Gold","floor":25,"damage_taken":0},{"event_name":"Ghosts","player_choice":"Became a Ghost","floor":31,"damage_taken":0}],"boss_relics":[{"not_picked":["Calling Bell","Runic Cube"],"picked":"Ectoplasm"}],"potions_floor_spawned":[1,2,7,12,16,19,27,29],"seed_played":"1931776152887482995","killed_by":"Automaton","ascension_level":13,"is_trial":false}