{"gold_per_floor":[20,20,20,20,20,20,50,62,86,115,131,5,5,20,20,115,115,125,125,75,94,105,135,85,101,101,3,3,3,3,3,3,3],"floor_reached":33,"playtime":683,"items_purged":["Strike_R","Strike_R","Strike_R","Defend_R"],"score":271,"play_id":"932394bc-6eab-44b0-90c1-5efee810662c","local_time":"20190427160025","is_ascension_mode":false,"campfire_choices":[{"data":"Rampage","floor":6,"key":"SMITH"},{"data":"Defend_R","floor":15,"key":"SMITH"},{"floor":32,"key":"REST"}],"neow_cost":"NO_GOLD","seed_source_timestamp":3467282067140064,"circlet_count":0,"master_deck":["Defend_R+1","Defend_R","Bash","Rampage+1","Double Tap"],"relics":["Burning Blood","Pen Nib","Mummified Hand","Bronze Scales","Smiling Mask","StoneCalendar","Letter Opener","Busted Crown","Bird Faced Urn","Pear","Bottled Flame"],"potions_floor_usage":[10,14,16,22,29,33,33],"damage_taken":[{"damage":7,"enemies":"Small Slimes","floor":1,"turns":3},{"damage":38,"enemies":"3 Sentries","floor":7,"turns":8},{"damage":11,"enemies":"Jaw Worm","floor":8,"turns":2},{"damage":20,"enemies":"Lagavulin","floor":10,"turns":5},{"damage":1,"enemies":"Cultist","floor":11,"turns":3},{"damage":0,"enemies":"Gremlin Gang","floor":14,"turns":1},{"damage":10,"enemies":"The Guardian","floor":16,"turns":9},{"damage":3,"enemies":"3 Byrds","floor":18,"turns":2},{"damage":12,"enemies":"Chosen","floor":21,"turns":4},{"damage":30,"enemies":"Snecko","floor":22,"turns":4},{"damage":23,"enemies":"Book of Stabbing","floor":23,"turns":3},{"damage":13,"enemies":"Snake Plant","floor":25,"turns":2},{"damage":6,"enemies":"Colosseum Slavers","floor":29,"turns":1},{"damage":73,"enemies":"Automaton","floor":33,"turns":8}],"seed_played":"-9178395427756040511","potions_obtained":[{"floor":1,"key":"SpeedPotion"},{"floor":10,"key":"EssenceOfSteel"},{"floor":11,"key":"Explosive Potion"},{"floor":16,"key":"BloodPotion"},{"floor":21,"key":"Poison Potion"},{"floor":25,"key":"SpeedPotion"}],"is_trial":false,"path_per_floor":["M","?","?","$","T","R","E","M","T","E","M","$","?","M","R","B",null,"M","T","$","M","M","E","$","M","T","$","?","?","?","$","R","B"],"character_chosen":"IRONCLAD","items_purchased":["Whirlwind","SkillPotion"],"campfire_rested":1,"item_purchase_floors":[12,27],"current_hp_per_floor":[79,79,67,67,67,67,35,30,30,16,21,21,21,27,27,23,80,80,80,80,74,58,51,51,44,44,44,44,44,44,44,71,0],"gold":3,"neow_bonus":"REMOVE_TWO","is_prod":false,"is_daily":false,"chose_seed":false,"campfire_upgraded":2,"win_rate":0,"timestamp":1556377225,"path_taken":["M","?","?","$","?","R","E","?","T","E","M","$","?","M","R","BOSS","M","?","$","M","M","E","$","?","T","$","?","?","?","?","R","BOSS"],"build_version":"2019-01-23","purchased_purges":4,"victory":false,"max_hp_per_floor":[80,80,80,80,80,80,80,80,80,80,80,80,80,80,80,80,80,80,80,80,80,80,90,90,90,90,90,90,90,90,90,90,90],"card_choices":[{"not_picked":["Pommel Strike","Shrug It Off"],"picked":"Rampage","floor":1},{"not_picked":["Havoc","Anger"],"picked":"Rampage","floor":7},{"not_picked":["Pummel","Seeing Red","Cleave"],"picked":"SKIP","floor":8},{"not_picked":["Ghostly Armor","Armaments","Bludgeon"],"picked":"SKIP","floor":10},{"not_picked":["Havoc","Clothesline","Evolve"],"picked":"SKIP","floor":11},{"not_picked":["Body Slam","Armaments","Twin Strike"],"picked":"SKIP","floor":14},{"not_picked":["Offering","Barricade"],"picked":"Double Tap","floor":16},{"not_picked":["Entrench"],"picked":"SKIP","floor":18},{"not_picked":["Feel No Pain"],"picked":"SKIP","floor":21},{"not_picked":["Wild Strike+1"],"picked":"SKIP","floor":22},{"not_picked":["Wild Strike"],"picked":"SKIP","floor":23},{"not_picked":["Whirlwind+1"],"picked":"SKIP","floor":25}],"player_experience":705138,"relics_obtained":[{"floor":5,"key":"Mummified Hand"},{"floor":7,"key":"Bronze Scales"},{"floor":9,"key":"Smiling Mask"},{"floor":10,"key":"StoneCalendar"},{"floor":19,"key":"Bird Faced Urn"},{"floor":23,"key":"Pear"},{"floor":26,"key":"Bottled Flame"}],"event_choices":[{"cards_removed":["Strike_R"],"damage_healed":0,"gold_gain":0,"player_choice":"Forget","damage_taken":0,"max_hp_gain":0,"max_hp_loss":0,"event_name":"Living Wall","floor":2,"gold_loss":0},{"damage_healed":0,"gold_gain":0,"player_choice":"Success","damage_taken":12,"relics_obtained":["Pen Nib"],"max_hp_gain":0,"max_hp_loss":0,"event_name":"Scrap Ooze","floor":3,"gold_loss":0},{"cards_removed":["Rampage"],"damage_healed":0,"gold_gain":0,"player_choice":"Gave Card","damage_taken":0,"relics_obtained":["Letter Opener"],"max_hp_gain":0,"max_hp_loss":0,"event_name":"WeMeetAgain","floor":13,"gold_loss":0},{"damage_healed":0,"gold_gain":0,"player_choice":"Fight","damage_taken":0,"max_hp_gain":0,"max_hp_loss":0,"event_name":"Colosseum","floor":29,"gold_loss":0},{"damage_healed":0,"gold_gain":0,"player_choice":"Fled From Nobs","damage_taken":0,"max_hp_gain":0,"max_hp_loss":0,"event_name":"Colosseum","floor":29,"gold_loss":0},{"cards_removed":["Whirlwind"],"damage_healed":0,"gold_gain":0,"player_choice":"Elegance","damage_taken":0,"max_hp_gain":0,"max_hp_loss":0,"event_name":"Back to Basics","floor":30,"gold_loss":0}],"is_beta":false,"boss_relics":[{"not_picked":["Runic Dome","Astrolabe"],"picked":"Busted Crown"}],"items_purged_floors":[12,20,24,27],"is_endless":false,"potions_floor_spawned":[1,10,11,16,21,25,29],"killed_by":"Automaton","ascension_level":0}