{"gold_per_floor":[113,113,60,60,71,104,104,132,132,132,54,67,100,100,100,201,201,218,9,9,29,29,29,45,65,92,112,74,74,101,118,118,223,223,238,249,268,282,94,94],"floor_reached":40,"playtime":2085,"items_purged":["Strike_G"],"score":589,"play_id":"d829537c-0da1-4e64-b314-9d4273c0c8a7","local_time":"20190111001504","is_ascension_mode":true,"campfire_choices":[{"data":"Cloak And Dagger","floor":7,"key":"SMITH"},{"floor":10,"key":"REST"},{"data":"Choke","floor":15,"key":"SMITH"},{"floor":23,"key":"REST"},{"floor":29,"key":"REST"},{"floor":32,"key":"REST"}],"neow_cost":"NONE","seed_source_timestamp":1405905082901810,"circlet_count":0,"master_deck":["Defend_G","Defend_G","Defend_G","Defend_G","Strike_G","Strike_G","Survivor","Neutralize+1","PiercingWail","Cloak And Dagger+1","Blade Dance","Blade Dance","Flying Knee","Accuracy","Choke+1","Envenom","Dagger Throw","Blade Dance","Terror+1","Cloak And Dagger","Cloak And Dagger","Adrenaline","PiercingWail+1","PiercingWail","Footwork"],"relics":["Ring of the Serpent","NeowsBlessing","Incense Burner","Singing Bowl","Gambling Chip","Bird Faced Urn","Sozu","Membership Card","Bottled Flame","Juzu Bracelet","Strawberry","Prayer Wheel"],"potions_floor_usage":[18,27,33],"damage_taken":[{"damage":0,"enemies":"Small Slimes","floor":1,"turns":1},{"damage":0,"enemies":"2 Louse","floor":5,"turns":1},{"damage":0,"enemies":"Lagavulin","floor":6,"turns":1},{"damage":27,"enemies":"3 Sentries","floor":8,"turns":11},{"damage":6,"enemies":"Jaw Worm","floor":12,"turns":4},{"damage":10,"enemies":"Lagavulin","floor":13,"turns":5},{"damage":25,"enemies":"Hexaghost","floor":16,"turns":11},{"damage":6,"enemies":"2 Thieves","floor":18,"turns":3},{"damage":13,"enemies":"Spheric Guardian","floor":21,"turns":4},{"damage":12,"enemies":"Cultist and Chosen","floor":24,"turns":5},{"damage":9,"enemies":"3 Cultists","floor":25,"turns":5},{"damage":24,"enemies":"Sentry and Sphere","floor":27,"turns":5},{"damage":30,"enemies":"Book of Stabbing","floor":30,"turns":4},{"damage":18,"enemies":"Chosen and Byrds","floor":31,"turns":5},{"damage":50,"enemies":"Champ","floor":33,"turns":11},{"damage":0,"enemies":"Orb Walker","floor":35,"turns":3},{"damage":13,"enemies":"3 Darklings","floor":36,"turns":6},{"damage":18,"enemies":"Transient","floor":37,"turns":5},{"damage":5,"enemies":"4 Shapes","floor":38,"turns":9},{"damage":51,"enemies":"Reptomancer","floor":40,"turns":3}],"seed_played":"-8559036131115826937","potions_obtained":[{"floor":1,"key":"Energy Potion"},{"floor":8,"key":"Swift Potion"},{"floor":12,"key":"FearPotion"}],"is_trial":false,"path_per_floor":["M","?","$","?","M","E","R","E","T","R","$","M","E","?","R","B",null,"M","$","?","M","T","R","M","M","T","M","$","R","E","M","R","B",null,"M","M","M","M","$","E"],"character_chosen":"THE_SILENT","items_purchased":["Cloak And Dagger","Accuracy","Membership Card","Prayer Wheel","Footwork"],"campfire_rested":4,"item_purchase_floors":[3,11,19,39,39],"current_hp_per_floor":[70,70,70,63,63,63,63,36,36,57,57,51,43,43,43,20,59,57,57,57,44,44,66,58,53,53,35,35,57,40,26,51,5,65,69,62,50,47,47,0],"gold":94,"neow_bonus":"THREE_ENEMY_KILL","is_prod":false,"is_daily":false,"chose_seed":false,"campfire_upgraded":2,"win_rate":0,"timestamp":1547165704,"path_taken":["M","?","$","?","M","E","R","E","T","R","?","M","E","?","R","BOSS","M","?","?","?","?","R","M","M","T","M","$","R","E","M","R","BOSS","M","M","M","M","$","E"],"build_version":"2019-01-03v4","purchased_purges":1,"victory":false,"max_hp_per_floor":[70,70,70,70,70,70,70,70,70,70,70,70,72,72,72,72,72,74,74,74,74,74,74,74,74,74,76,76,76,85,85,85,85,85,85,87,89,89,89,89],"card_choices":[{"not_picked":["Backstab","Bane"],"picked":"PiercingWail","floor":1},{"not_picked":["Dodge and Roll","Dagger Throw"],"picked":"Blade Dance","floor":5},{"not_picked":["Sucker Punch","Outmaneuver"],"picked":"Blade Dance","floor":6},{"not_picked":["Well Laid Plans","Concentrate"],"picked":"Flying Knee","floor":8},{"not_picked":["Poisoned Stab","Dagger Throw"],"picked":"Choke","floor":12},{"not_picked":["Prepared","Reflex","Calculated Gamble"],"picked":"Singing Bowl","floor":13},{"not_picked":["Doppelganger","Burst"],"picked":"Envenom","floor":16},{"not_picked":["Sucker Punch","Footwork","Caltrops"],"picked":"Singing Bowl","floor":18},{"not_picked":["Well Laid Plans","Bouncing Flask"],"picked":"Blade Dance","floor":21},{"not_picked":["Sucker Punch","Underhanded Strike+1"],"picked":"Terror+1","floor":24},{"not_picked":["Deflect","Caltrops+1"],"picked":"Cloak And Dagger","floor":25},{"not_picked":["Bane","Flechettes+1","Calculated Gamble"],"picked":"Singing Bowl","floor":27},{"not_picked":["Phantasmal Killer","Dagger Throw","Bane+1"],"picked":"Singing Bowl","floor":30},{"not_picked":["Dodge and Roll","Dagger Throw"],"picked":"Cloak And Dagger","floor":31},{"not_picked":["Bullet Time","Unload"],"picked":"Adrenaline","floor":33},{"not_picked":["Deflect+1","Blade Dance+1"],"picked":"PiercingWail+1","floor":35},{"not_picked":["Cloak And Dagger","Poisoned Stab+1","Deadly Poison"],"picked":"Singing Bowl","floor":36},{"not_picked":["Outmaneuver+1","Poisoned Stab","Slice+1"],"picked":"Singing Bowl","floor":37},{"not_picked":["Envenom","Acrobatics+1"],"picked":"PiercingWail","floor":38}],"player_experience":178034,"relics_obtained":[{"floor":6,"key":"Incense Burner"},{"floor":8,"key":"Singing Bowl"},{"floor":9,"key":"Gambling Chip"},{"floor":13,"key":"Bird Faced Urn"},{"floor":22,"key":"Bottled Flame"},{"floor":26,"key":"Juzu Bracelet"},{"floor":30,"key":"Strawberry"}],"event_choices":[{"damage_healed":0,"gold_gain":0,"player_choice":"Grow","damage_taken":0,"max_hp_gain":0,"max_hp_loss":0,"event_name":"Living Wall","floor":2,"gold_loss":0,"cards_upgraded":["Neutralize"]},{"cards_removed":["Strike_G"],"damage_healed":0,"gold_gain":0,"player_choice":"Card Removal","damage_taken":7,"max_hp_gain":0,"max_hp_loss":0,"event_name":"Golden Wing","floor":4,"gold_loss":0},{"cards_removed":["Defend_G"],"damage_healed":0,"gold_gain":0,"player_choice":"Purged","damage_taken":0,"max_hp_gain":0,"max_hp_loss":0,"event_name":"Purifier","floor":14,"gold_loss":0},{"damage_healed":0,"gold_gain":0,"cards_transformed":["Strike_G"],"player_choice":"Transformed","damage_taken":0,"max_hp_gain":0,"max_hp_loss":0,"event_name":"Transmorgrifier","floor":20,"gold_loss":0,"cards_obtained":["Dagger Throw"]}],"is_beta":false,"boss_relics":[{"not_picked":["Busted Crown","Lizard Tail"],"picked":"Sozu"},{"not_picked":["Empty Cage","Calling Bell"],"picked":"Ring of the Serpent"}],"items_purged_floors":[28],"is_endless":false,"potions_floor_spawned":[1,8,12,27,30,31,33,38],"killed_by":"Reptomancer","ascension_level":5}