{"path_per_floor":["M","?","?","M","?","R","E","R","T","E","M","?","$","?","R","B",null,"M","?","?","?","M","R","?","T","T","M","M","T","$","M","R"],"character_chosen":"THE_SILENT","items_purchased":["Panache","Lantern","Snake Skull","Strength Potion"],"gold_per_floor":[112,112,187,201,201,201,232,232,232,265,290,290,215,390,390,509,509,533,533,533,533,511,511,511,592,646,669,693,738,87,112,112],"floor_reached":33,"campfire_rested":4,"playtime":1597,"current_hp_per_floor":[63,46,35,35,40,62,62,62,62,40,39,57,57,57,72,62,70,57,57,41,41,13,34,34,34,34,43,42,42,42,39,60],"items_purged":["Parasite","Doubt"],"gold":112,"score":373,"play_id":"06d88c48-c74a-4e49-95ce-41109988b3d2","is_prod":false,"is_daily":false,"is_ascension_mode":true,"campfire_upgraded":1,"path_taken":["M","?","?","?","?","R","E","R","T","E","M","?","?","?","R","BOSS","M","?","?","?","M","R","?","?","T","M","?","?","$","M","R","BOSS"],"build_version":"2018-02-22-PROD2","purchased_purges":2,"victory":false,"master_deck":["Defend_G+1","Defend_G+1","Defend_G+1","Defend_G+1","Defend_G+1","Strike_G+1","Strike_G+1","Strike_G+1","Strike_G+1","Strike_G+1","Survivor","Neutralize+1","Catalyst","Backflip","Tools of the Trade","Cloak And Dagger","Cloak And Dagger","Envenom","Writhe","Dagger Spray","Cloak And Dagger","Panache","Choke"],"max_hp_per_floor":[70,70,70,70,75,75,75,75,75,75,75,75,72,72,72,72,72,72,72,72,72,72,72,72,72,72,72,72,72,72,72,72],"relics":["Ring of the Snake","NeowsBlessing","Golden Idol","Ancient Tea Set","Sundial","Kunai","Runic Dome","Bag of Preparation","Nilry\u0027s Codex","Bottled Flame","Tiny Chest","Singing Bowl","Lantern","Snake Skull"],"card_choices":[{"not_picked":["Noxious Fumes","Flying Knee"],"picked":"Catalyst"},{"not_picked":["Cloak And Dagger","Slice"],"picked":"Backflip"},{"not_picked":["Bane","Dodge and Roll"],"picked":"Tools of the Trade"},{"not_picked":["Deflect","Well Laid Plans"],"picked":"Cloak And Dagger"},{"not_picked":["Flying Knee","Expertise"],"picked":"Cloak And Dagger"},{"not_picked":["A Thousand Cuts","Bullet Time"],"picked":"Envenom"},{"not_picked":["Eviscerate","Skewer"],"picked":"Dagger Spray"},{"not_picked":["Reflex","Sucker Punch"],"picked":"Cloak And Dagger"},{"not_picked":["Crippling Poison","Quick Slash"],"picked":"Choke"}],"player_experience":164047,"potions_floor_usage":[16,27,27,28],"damage_taken":[{"damage":0.0,"enemies":"2 Louse","floor":1.0,"turns":1.0},{"damage":0.0,"enemies":"Small Slimes","floor":4.0,"turns":1.0},{"damage":0.0,"enemies":"Lagavulin","floor":7.0,"turns":1.0},{"damage":22.0,"enemies":"3 Sentries","floor":10.0,"turns":11.0},{"damage":1,"enemies":"Jaw Worm","floor":11,"turns":4},{"damage":10,"enemies":"The Guardian","floor":16,"turns":14},{"damage":13,"enemies":"3 Byrds","floor":18,"turns":8},{"damage":28,"enemies":"2 Thieves","floor":22,"turns":5},{"damage":6,"enemies":"Snake Plant","floor":27,"turns":6},{"damage":16,"enemies":"Snecko","floor":28,"turns":6},{"damage":3,"enemies":"3 Cultists","floor":31,"turns":4},{"damage":65,"enemies":"Champ","floor":33,"turns":8}],"event_choices":[{"event_name":"Golden Idol","player_choice":"Take Damage","floor":2.0,"damage_taken":0.0},{"event_name":"World of Goop","player_choice":"Gather Gold","floor":3.0,"damage_taken":0.0},{"event_name":"Big Fish","player_choice":"Donut","floor":5.0,"damage_taken":0.0},{"event_name":"Mushrooms","player_choice":"Healed and dodged fight","floor":12,"damage_taken":0},{"event_name":"Liars Game","player_choice":"agreed","floor":14,"damage_taken":0},{"event_name":"The Mausoleum","player_choice":"Yes","floor":19,"damage_taken":0},{"event_name":"Cursed Tome","player_choice":"Obtained Book","floor":20,"damage_taken":0},{"event_name":"Match and Keep!","player_choice":"0 cards matched","floor":21,"damage_taken":0},{"event_name":"Back to Basics","player_choice":"Simplicity","floor":24,"damage_taken":0}],"boss_relics":[{"not_picked":["Lizard Tail","Snecko Eye"],"picked":"Runic Dome"}],"potions_floor_spawned":[1,7,10,11,22,27,31],"seed_played":"-9009102649530178339","killed_by":"Champ","ascension_level":7,"is_trial":false}