{"gold_per_floor":[114,127,139,152,19,38,38,52,76,76,76,26,26,43,43,43],"floor_reached":16,"playtime":364,"items_purged":[],"score":155,"play_id":"99fa0b5b-baa7-456d-abe2-e3939ede3659","local_time":"20190118232607","is_ascension_mode":true,"campfire_choices":[{"data":"Hologram","floor":10,"key":"SMITH"},{"data":"Scrape","floor":15,"key":"SMITH"}],"neow_cost":"NONE","seed_source_timestamp":2095918911476824,"circlet_count":0,"master_deck":["AscendersBane","Strike_B","Strike_B","Strike_B","Strike_B","Defend_B","Defend_B","Defend_B","Defend_B","Zap","Dualcast","Gash","Scrape+1","Skim","Stack","Rebound","Recycle","Hologram+1","Gash"],"relics":["Cracked Core","Blood Vial","Bird Faced Urn"],"potions_floor_usage":[6,14,16],"damage_taken":[{"damage":0,"enemies":"Cultist","floor":1,"turns":3},{"damage":13,"enemies":"Small Slimes","floor":2,"turns":3},{"damage":0,"enemies":"2 Louse","floor":3,"turns":1},{"damage":6,"enemies":"Blue Slaver","floor":4,"turns":4},{"damage":7,"enemies":"Exordium Wildlife","floor":6,"turns":3},{"damage":8,"enemies":"3 Louse","floor":8,"turns":3},{"damage":4,"enemies":"2 Fungi Beasts","floor":14,"turns":2},{"damage":29,"enemies":"Hexaghost","floor":16,"turns":8}],"seed_played":"-3468861025067882644","potions_obtained":[{"floor":4,"key":"Fire Potion"},{"floor":6,"key":"Strength Potion"},{"floor":8,"key":"SteroidPotion"}],"is_trial":false,"path_per_floor":["M","M","M","M","$","M","?","M","T","R","?","?","?","M","R","B"],"character_chosen":"DEFECT","items_purchased":["Genetic Algorithm","Stack"],"campfire_rested":0,"item_purchase_floors":[5,5],"current_hp_per_floor":[75,62,62,56,56,49,49,41,41,41,23,23,23,21,21,0],"gold":43,"neow_bonus":"TEN_PERCENT_HP_BONUS","is_prod":false,"is_daily":false,"chose_seed":false,"campfire_upgraded":2,"win_rate":0,"timestamp":1547853967,"path_taken":["M","M","M","M","$","M","?","?","T","R","?","?","?","M","R","BOSS"],"build_version":"2019-01-17v2","purchased_purges":0,"victory":false,"max_hp_per_floor":[82,82,82,82,82,82,82,82,82,82,82,82,82,82,82,82],"card_choices":[{"not_picked":["Ball Lightning","Redo"],"picked":"Gash","floor":1},{"not_picked":["Fusion","Conserve Battery"],"picked":"Scrape","floor":2},{"not_picked":["Beam Cell","Go for the Eyes","Lockon"],"picked":"SKIP","floor":3},{"not_picked":["Fusion","Sweeping Beam"],"picked":"Skim","floor":4},{"not_picked":["Recycle","Double Energy"],"picked":"Rebound","floor":6},{"not_picked":["Self Repair","Undo"],"picked":"Hologram","floor":8},{"not_picked":["Steam Power","Meteor Strike"],"picked":"Gash","floor":14}],"player_experience":426068,"relics_obtained":[{"floor":9,"key":"Blood Vial"}],"event_choices":[{"damage_healed":0,"gold_gain":0,"cards_transformed":["Genetic Algorithm"],"player_choice":"Transformed","damage_taken":0,"max_hp_gain":0,"max_hp_loss":0,"event_name":"Transmorgrifier","floor":7,"gold_loss":0,"cards_obtained":["Recycle"]},{"damage_healed":0,"gold_gain":0,"player_choice":"Success","damage_taken":18,"relics_obtained":["Bird Faced Urn"],"max_hp_gain":0,"max_hp_loss":0,"event_name":"Scrap Ooze","floor":11,"gold_loss":0},{"damage_healed":0,"gold_gain":0,"player_choice":"Left Gold","damage_taken":0,"max_hp_gain":0,"max_hp_loss":0,"event_name":"World of Goop","floor":12,"gold_loss":50},{"damage_healed":0,"gold_gain":0,"player_choice":"Ignored","damage_taken":0,"max_hp_gain":0,"max_hp_loss":0,"event_name":"Golden Idol","floor":13,"gold_loss":0}],"is_beta":false,"boss_relics":[],"items_purged_floors":[],"is_endless":false,"potions_floor_spawned":[4,6,8],"killed_by":"Hexaghost","ascension_level":13}