{"gold_per_floor":[109,120,120,146,146,172,172,201,201,201,201],"floor_reached":11,"playtime":220,"items_purged":[],"score":208,"play_id":"da74e3e5-b8d9-49bb-beea-6aab4155705e","local_time":"20190429171519","is_ascension_mode":true,"campfire_choices":[{"data":"Body Slam","floor":7,"key":"SMITH"},{"data":"Iron Wave","floor":10,"key":"SMITH"}],"neow_cost":"NONE","seed_source_timestamp":3180434508450327,"circlet_count":0,"master_deck":["AscendersBane","Strike_R","Strike_R","Strike_R","Strike_R","Strike_R","Defend_R","Defend_R","Defend_R","Defend_R","Bash+1","Iron Wave+1","Body Slam+1"],"relics":["Burning Blood","NeowsBlessing","Art of War","Juzu Bracelet","Darkstone Periapt","Shuriken"],"potions_floor_usage":[8,11],"damage_taken":[{"damage":0,"enemies":"Cultist","floor":1,"turns":1},{"damage":0,"enemies":"Small Slimes","floor":2,"turns":2},{"damage":0,"enemies":"Lagavulin","floor":6,"turns":1},{"damage":60,"enemies":"3 Sentries","floor":8,"turns":11},{"damage":25,"enemies":"Gremlin Nob","floor":11,"turns":3}],"seed_played":"1014286382505425171","potions_obtained":[{"floor":2,"key":"Swift Potion"},{"floor":6,"key":"PowerPotion"}],"is_trial":false,"path_per_floor":["M","M","?","T","?","E","R","E","T","R","E"],"character_chosen":"IRONCLAD","items_purchased":[],"campfire_rested":0,"item_purchase_floors":[],"current_hp_per_floor":[74,75,75,75,75,75,75,21,21,21,0],"gold":201,"neow_bonus":"THREE_ENEMY_KILL","is_prod":false,"is_daily":false,"chose_seed":false,"campfire_upgraded":2,"win_rate":0,"timestamp":1556554519,"path_taken":["M","?","?","?","?","E","R","E","T","R","E"],"build_version":"2019-01-23","purchased_purges":0,"victory":false,"max_hp_per_floor":[75,75,75,75,75,75,75,75,75,75,75],"card_choices":[{"not_picked":["Perfected Strike","Sever Soul","Corruption"],"picked":"SKIP","floor":1},{"not_picked":["Wild Strike","Heavy Blade"],"picked":"Iron Wave","floor":2},{"not_picked":["Anger","Perfected Strike"],"picked":"Body Slam","floor":6},{"not_picked":["Limit Break","Whirlwind","Dropkick"],"picked":"SKIP","floor":8}],"player_experience":259304,"relics_obtained":[{"floor":4,"key":"Art of War"},{"floor":6,"key":"Juzu Bracelet"},{"floor":8,"key":"Darkstone Periapt"},{"floor":9,"key":"Shuriken"}],"event_choices":[{"damage_healed":0,"gold_gain":0,"player_choice":"Grow","damage_taken":0,"max_hp_gain":0,"max_hp_loss":0,"event_name":"Living Wall","floor":3,"gold_loss":0,"cards_upgraded":["Bash"]},{"damage_healed":0,"gold_gain":0,"player_choice":"Ignored","damage_taken":0,"max_hp_gain":0,"max_hp_loss":0,"event_name":"Liars Game","floor":5,"gold_loss":0}],"is_beta":false,"boss_relics":[],"items_purged_floors":[],"is_endless":false,"potions_floor_spawned":[2,6],"killed_by":"Gremlin Nob","ascension_level":20}