{"gold_per_floor":[364,15,30,44,57,87,87,121,144,144,144,177,177,177,177,177],"floor_reached":16,"playtime":573,"items_purged":["Regret"],"score":177,"play_id":"49155ec8-5bbe-45c2-9ee8-2d4aba8e938d","local_time":"20190114214448","is_ascension_mode":true,"campfire_choices":[{"data":"Shrug It Off","floor":7,"key":"SMITH"},{"data":"Armaments","floor":11,"key":"SMITH"},{"data":"Body Slam","floor":15,"key":"SMITH"}],"neow_cost":"CURSE","seed_source_timestamp":784417392412510,"circlet_count":0,"master_deck":["AscendersBane","Strike_R","Strike_R","Strike_R","Strike_R","Defend_R+1","Defend_R","Defend_R","Defend_R+1","Bash","Thunderclap","Armaments+1","Shrug It Off+1","Headbutt","Evolve","Metallicize","Entrench","Body Slam+1"],"relics":["Burning Blood","Sling","Ornamental Fan","War Paint","Anchor","Blood Vial","Golden Idol"],"potions_floor_usage":[5,6,12,16],"damage_taken":[{"damage":13,"enemies":"Small Slimes","floor":1,"turns":3},{"damage":16,"enemies":"Jaw Worm","floor":3,"turns":4},{"damage":0,"enemies":"2 Louse","floor":4,"turns":3},{"damage":8,"enemies":"Blue Slaver","floor":5,"turns":5},{"damage":24,"enemies":"Lagavulin","floor":6,"turns":7},{"damage":14,"enemies":"3 Sentries","floor":8,"turns":8},{"damage":27,"enemies":"Lagavulin","floor":12,"turns":9},{"damage":43,"enemies":"Slime Boss","floor":16,"turns":10}],"seed_played":"3564324892933537972","potions_obtained":[{"floor":3,"key":"Dexterity Potion"},{"floor":4,"key":"BloodPotion"},{"floor":6,"key":"Weak Potion"},{"floor":8,"key":"Block Potion"}],"is_trial":false,"path_per_floor":["M","$","M","M","M","E","R","E","T","?","R","E","?","?","R","B"],"character_chosen":"IRONCLAD","items_purchased":["Sling","Thunderclap","Armaments"],"campfire_rested":0,"item_purchase_floors":[2,2,2],"current_hp_per_floor":[65,65,55,61,67,49,49,41,41,34,34,13,13,37,37,0],"gold":177,"neow_bonus":"TWO_FIFTY_GOLD","is_prod":false,"is_daily":false,"chose_seed":false,"campfire_upgraded":3,"win_rate":0,"timestamp":1547502288,"path_taken":["M","$","M","M","M","E","R","E","T","?","R","E","?","?","R","BOSS"],"build_version":"2019-01-10","purchased_purges":1,"victory":false,"max_hp_per_floor":[80,80,80,80,80,80,80,80,80,80,80,80,74,74,74,74],"card_choices":[{"not_picked":["Havoc","Perfected Strike","Armaments"],"picked":"SKIP","floor":1},{"not_picked":["Second Wind","Clash"],"picked":"Shrug It Off","floor":3},{"not_picked":["Carnage","Uppercut"],"picked":"Headbutt","floor":4},{"not_picked":["Clash","Pommel Strike"],"picked":"Evolve","floor":5},{"not_picked":["Havoc","Corruption","Metallicize"],"picked":"SKIP","floor":6},{"not_picked":["Havoc","Corruption"],"picked":"Metallicize","floor":6},{"not_picked":["Feed","Anger"],"picked":"Entrench","floor":8},{"not_picked":["Armaments","Flame Barrier"],"picked":"Body Slam","floor":12}],"player_experience":99789,"relics_obtained":[{"floor":6,"key":"Ornamental Fan"},{"floor":8,"key":"War Paint"},{"floor":9,"key":"Anchor"},{"floor":12,"key":"Blood Vial"}],"event_choices":[{"cards_removed":["Strike_R"],"damage_healed":0,"gold_gain":0,"player_choice":"Card Removal","damage_taken":7,"max_hp_gain":0,"max_hp_loss":0,"event_name":"Golden Wing","floor":10,"gold_loss":0},{"damage_healed":0,"gold_gain":0,"player_choice":"Lose Max HP","damage_taken":0,"relics_obtained":["Golden Idol"],"max_hp_gain":0,"max_hp_loss":6,"event_name":"Golden Idol","floor":13,"gold_loss":0},{"damage_healed":24,"gold_gain":0,"player_choice":"Banana","damage_taken":0,"max_hp_gain":0,"max_hp_loss":0,"event_name":"Big Fish","floor":14,"gold_loss":0}],"is_beta":false,"boss_relics":[],"items_purged_floors":[2],"is_endless":false,"potions_floor_spawned":[3,4,6,8],"killed_by":"Slime Boss","ascension_level":10}