{"gold_per_floor":[109,121,139,150,150,150,181,191,191,224,235,235,235,235,235,331,331,341,359,56,155,155,155,168,196,221,233,245,270,282,313,325,441,453,481,493,605,83,130,130,156,156,202,221,147,0,18,18,18,18],"floor_reached":51,"playtime":4549,"items_purged":[],"score":787,"play_id":"6ef349f5-ad9e-4aee-9a79-513319dede04","local_time":"20190108030826","is_ascension_mode":true,"campfire_choices":[{"floor":6,"key":"REST"},{"floor":13,"key":"REST"},{"data":"Buffer","floor":15,"key":"SMITH"},{"data":"Redo","floor":23,"key":"SMITH"},{"data":"Defragment","floor":28,"key":"SMITH"},{"data":"Dualcast","floor":30,"key":"SMITH"},{"data":"Rainbow","floor":32,"key":"SMITH"},{"floor":40,"key":"REST"},{"data":"Storm","floor":42,"key":"SMITH"},{"data":"Transmutation","floor":49,"key":"SMITH"}],"neow_cost":"NONE","seed_source_timestamp":1154603445580712,"circlet_count":0,"master_deck":["Strike_B","Strike_B","Strike_B","Strike_B","Defend_B","Defend_B","Defend_B","Defend_B","Zap","Dualcast+1","Blind","Ball Lightning","Conserve Battery","Buffer+1","Ball Lightning","Redo+1","Machine Learning+1","Reprogram","All For One+1","Ball Lightning","Defragment+1","Glacier","Rebound","Compile Driver","Ball Lightning+1","Thunder Strike","Glacier+1","Ball Lightning+1","Rainbow+1","Sweeping Beam","Electrodynamics","Aggregate","Transmutation+1","Capacitor","Stack","Storm+1","Lockon","Thunder Strike","Force Field+1"],"relics":["Cracked Core","Mummified Hand","Juzu Bracelet","Pantograph","Thread and Needle","Orrery","Whetstone","Meat on the Bone","MawBank","MutagenicStrength","Sozu","StoneCalendar","Oddly Smooth Stone","Vajra","Toy Ornithopter","FossilizedHelix","Blood Vial","Potion Belt","Red Mask"],"potions_floor_usage":[3,10,19,24,33,50,50],"damage_taken":[{"damage":10,"enemies":"Small Slimes","floor":1,"turns":4},{"damage":1,"enemies":"Jaw Worm","floor":2,"turns":3},{"damage":0,"enemies":"Cultist","floor":3,"turns":2},{"damage":5,"enemies":"2 Fungi Beasts","floor":4,"turns":3},{"damage":23,"enemies":"3 Sentries","floor":7,"turns":6},{"damage":0,"enemies":"Looter","floor":8,"turns":3},{"damage":10,"enemies":"Gremlin Nob","floor":10,"turns":4},{"damage":0,"enemies":"Blue Slaver","floor":11,"turns":3},{"damage":41,"enemies":"Hexaghost","floor":16,"turns":9},{"damage":0,"enemies":"Chosen","floor":18,"turns":4},{"damage":16,"enemies":"3 Byrds","floor":19,"turns":3},{"damage":12,"enemies":"Centurion and Healer","floor":24,"turns":5},{"damage":17,"enemies":"Gremlin Leader","floor":25,"turns":7},{"damage":6,"enemies":"Shelled Parasite and Fungi","floor":29,"turns":6},{"damage":6,"enemies":"Sentry and Sphere","floor":31,"turns":4},{"damage":33,"enemies":"Collector","floor":33,"turns":9},{"damage":7,"enemies":"3 Shapes","floor":35,"turns":3},{"damage":0,"enemies":"Mind Bloom Boss Battle","floor":37,"turns":4},{"damage":34,"enemies":"2 Orb Walkers","floor":39,"turns":3},{"damage":0,"enemies":"Giant Head","floor":41,"turns":8},{"damage":26,"enemies":"3 Darklings","floor":44,"turns":3},{"damage":15,"enemies":"4 Shapes","floor":47,"turns":4},{"damage":55,"enemies":"Time Eater","floor":50,"turns":9}],"seed_played":"-7818083147942889233","potions_obtained":[{"floor":1,"key":"Swift Potion"},{"floor":3,"key":"Fruit Juice"},{"floor":4,"key":"Block Potion"},{"floor":8,"key":"Poison Potion"},{"floor":10,"key":"Dexterity Potion"},{"floor":11,"key":"Explosive Potion"},{"floor":19,"key":"FocusPotion"},{"floor":24,"key":"Weak Potion"},{"floor":25,"key":"EssenceOfSteel"},{"floor":33,"key":"Swift Potion"}],"is_trial":false,"path_per_floor":["M","M","M","M","?","R","E","M","T","E","M","?","R","?","R","B",null,"M","M","$","?","?","R","M","E","T","?","R","M","R","M","R","B",null,"M","?","?","$","?","R","E","R","T","M","$","?","M","$","R","B",null],"character_chosen":"DEFECT","items_purchased":["Thunder Strike","Whetstone","Capacitor","Oddly Smooth Stone","Vajra","Toy Ornithopter","Thunder Strike"],"campfire_rested":3,"item_purchase_floors":[20,20,38,38,38,38,45],"current_hp_per_floor":[65,64,69,64,31,55,32,32,32,22,22,22,46,46,46,30,80,80,64,64,64,64,64,52,35,35,35,35,41,41,47,47,51,80,73,73,80,80,46,70,70,70,70,46,46,46,45,45,45,39],"gold":18,"neow_bonus":"RANDOM_COLORLESS","is_prod":false,"is_daily":false,"chose_seed":false,"campfire_upgraded":7,"win_rate":0,"timestamp":1546916906,"path_taken":["M","M","M","M","?","R","E","M","T","E","M","?","R","?","R","BOSS","M","M","$","?","?","R","M","E","T","?","R","M","R","M","R","BOSS","M","?","?","$","?","R","E","R","T","M","?","?","M","$","R","BOSS"],"build_version":"2019-01-03v4","purchased_purges":0,"victory":true,"max_hp_per_floor":[75,75,80,80,80,80,80,80,80,80,80,80,80,80,80,80,80,80,80,80,80,80,80,80,80,80,80,80,80,80,80,80,80,80,80,80,80,80,80,80,80,80,80,80,80,80,80,80,80,80],"card_choices":[{"not_picked":["Cold Snap","Coolheaded"],"picked":"Ball Lightning","floor":1},{"not_picked":["Leap","Double Energy"],"picked":"Conserve Battery","floor":2},{"not_picked":["Go for the Eyes","Auto Shields"],"picked":"Buffer","floor":3},{"not_picked":["Steam Power","Sweeping Beam"],"picked":"Ball Lightning","floor":4},{"not_picked":["Aggregate","Consume"],"picked":"Capacitor","floor":7},{"not_picked":["Reinforced Body","Double Energy"],"picked":"Redo","floor":8},{"not_picked":["Chill","Coolheaded"],"picked":"Machine Learning","floor":10},{"not_picked":["Stack","Coolheaded"],"picked":"Reprogram","floor":11},{"not_picked":["Seek","Amplify"],"picked":"All For One","floor":16},{"not_picked":["BootSequence","Self Repair"],"picked":"Ball Lightning","floor":17},{"not_picked":["Conserve Battery","Streamline"],"picked":"Defragment","floor":17},{"not_picked":["Reboot","Barrage"],"picked":"Glacier","floor":17},{"not_picked":["Hologram","White Noise"],"picked":"Rebound","floor":17},{"not_picked":["Coolheaded","Go for the Eyes"],"picked":"Compile Driver","floor":18},{"not_picked":["Go for the Eyes","Glacier"],"picked":"Ball Lightning","floor":19},{"not_picked":["Beam Cell","Steam"],"picked":"Glacier+1","floor":24},{"not_picked":["Steam","Cold Snap"],"picked":"Ball Lightning+1","floor":25},{"not_picked":["Steam","Scrape"],"picked":"Rainbow","floor":29},{"not_picked":["Turbo","Steam+1"],"picked":"Sweeping Beam","floor":31},{"not_picked":["Fission","Amplify"],"picked":"Electrodynamics","floor":33},{"not_picked":["Barrage","Blizzard"],"picked":"Aggregate","floor":35},{"not_picked":["Secret Technique","HandOfGreed"],"picked":"Transmutation","floor":36},{"not_picked":["Hello World+1","BootSequence+1"],"picked":"Stack","floor":39},{"not_picked":["Coolheaded+1","Leap"],"picked":"Storm","floor":41},{"not_picked":["Cold Snap","Heatsinks+1"],"picked":"Lockon","floor":44},{"not_picked":["Static Discharge+1","Reprogram"],"picked":"Force Field+1","floor":47}],"player_experience":63446,"relics_obtained":[{"floor":7,"key":"Juzu Bracelet"},{"floor":9,"key":"Pantograph"},{"floor":10,"key":"Thread and Needle"},{"floor":25,"key":"Meat on the Bone"},{"floor":26,"key":"MawBank"},{"floor":37,"key":"StoneCalendar"},{"floor":39,"key":"FossilizedHelix"},{"floor":41,"key":"Blood Vial"},{"floor":43,"key":"Potion Belt"}],"event_choices":[{"damage_healed":0,"gold_gain":0,"player_choice":"Success","damage_taken":33,"relics_obtained":["Mummified Hand"],"max_hp_gain":0,"max_hp_loss":0,"event_name":"Scrap Ooze","floor":5,"gold_loss":0},{"cards_removed":["Capacitor"],"damage_healed":0,"gold_gain":0,"player_choice":"Purged","damage_taken":0,"max_hp_gain":0,"max_hp_loss":0,"event_name":"Purifier","floor":12,"gold_loss":0},{"damage_healed":0,"gold_gain":0,"player_choice":"Grow","damage_taken":0,"max_hp_gain":0,"max_hp_loss":0,"event_name":"Living Wall","floor":14,"gold_loss":0,"cards_upgraded":["Machine Learning"]},{"damage_healed":0,"gold_gain":99,"player_choice":"Stole From Cult","damage_taken":0,"max_hp_gain":0,"max_hp_loss":0,"event_name":"Nest","floor":21,"gold_loss":0},{"damage_healed":0,"gold_gain":0,"player_choice":"Ignored","damage_taken":0,"max_hp_gain":0,"max_hp_loss":0,"event_name":"Ghosts","floor":22,"gold_loss":0},{"damage_healed":0,"gold_gain":0,"player_choice":"Inject Mutagens","damage_taken":0,"relics_obtained":["MutagenicStrength"],"max_hp_gain":0,"max_hp_loss":0,"event_name":"Drug Dealer","floor":27,"gold_loss":0},{"damage_healed":0,"gold_gain":0,"player_choice":"Memory 1","damage_taken":0,"max_hp_gain":0,"max_hp_loss":0,"event_name":"SensoryStone","floor":36,"gold_loss":0},{"damage_healed":0,"gold_gain":0,"player_choice":"Fight","damage_taken":0,"max_hp_gain":0,"max_hp_loss":0,"event_name":"MindBloom","floor":37,"gold_loss":0},{"damage_healed":0,"gold_gain":0,"player_choice":"Fight","damage_taken":0,"max_hp_gain":0,"max_hp_loss":0,"event_name":"Mysterious Sphere","floor":39,"gold_loss":0},{"damage_healed":0,"gold_gain":0,"player_choice":"Paid","damage_taken":0,"relics_obtained":["Red Mask"],"max_hp_gain":0,"max_hp_loss":0,"event_name":"Tomb of Lord Red Mask","floor":46,"gold_loss":147}],"is_beta":false,"boss_relics":[{"not_picked":["Fusion Hammer","Busted Crown"],"picked":"Orrery"},{"not_picked":["Cursed Key","Runic Dome"],"picked":"Sozu"}],"items_purged_floors":[],"is_endless":false,"potions_floor_spawned":[1,3,4,8,10,11,19,24,25,33,37,41,44],"ascension_level":1}