{"gold_per_floor":[14,164,164,89,99,43,60,60,60,73,84,104,104,4,4,80,80,99,99,99,99,29,29,55,75,150,150],"floor_reached":27,"playtime":570,"items_purged":["Pain","Doubt"],"score":456,"play_id":"783f7619-6bba-4921-ad4a-db069ff2bb30","local_time":"20190427203132","is_ascension_mode":true,"campfire_choices":[{"data":"Flex","floor":8,"key":"SMITH"},{"data":"Limit Break","floor":13,"key":"SMITH"},{"data":"Shrug It Off","floor":15,"key":"SMITH"},{"data":"Inflame","floor":23,"key":"SMITH"}],"neow_cost":"NO_GOLD","seed_source_timestamp":3019037646332211,"circlet_count":0,"master_deck":["AscendersBane","Defend_R+1","Defend_R+1","Defend_R+1","Defend_R+1","Bash","Limit Break+1","Flex+1","Sword Boomerang","Anger","Shrug It Off+1","Sword Boomerang","Limit Break","Spot Weakness","Writhe","Bite","Bite","Bite","Bite","Bite","Inflame+1","Impervious","Heavy Blade"],"relics":["Burning Blood","WarpedTongs","The Courier","Sozu","Bag of Preparation","Potion Belt","Bottled Flame"],"potions_floor_usage":[10,12,16,18],"damage_taken":[{"damage":4,"enemies":"Small Slimes","floor":1,"turns":4},{"damage":14,"enemies":"2 Louse","floor":5,"turns":4},{"damage":6,"enemies":"Cultist","floor":7,"turns":3},{"damage":7,"enemies":"Large Slime","floor":10,"turns":5},{"damage":11,"enemies":"3 Louse","floor":11,"turns":3},{"damage":7,"enemies":"Looter","floor":12,"turns":3},{"damage":27,"enemies":"Hexaghost","floor":16,"turns":7},{"damage":26,"enemies":"3 Byrds","floor":18,"turns":6},{"damage":14,"enemies":"Book of Stabbing","floor":24,"turns":2},{"damage":16,"enemies":"Spheric Guardian","floor":25,"turns":4},{"damage":48,"enemies":"Slavers","floor":27,"turns":2}],"seed_played":"8188899468349149755","potions_obtained":[{"floor":1,"key":"Strength Potion"},{"floor":11,"key":"BloodPotion"},{"floor":12,"key":"Regen Potion"}],"is_trial":false,"path_per_floor":["M","?","?","$","M","$","M","R","T","M","M","M","R","$","R","B",null,"M","?","?","?","$","R","E","M","T","E"],"character_chosen":"IRONCLAD","items_purchased":["Fire Potion","Sword Boomerang","Inflame"],"campfire_rested":0,"item_purchase_floors":[6,14,22],"current_hp_per_floor":[70,70,70,70,62,62,62,62,62,61,56,62,62,62,62,41,67,62,62,52,52,52,52,49,44,44,0],"gold":150,"neow_bonus":"THREE_RARE_CARDS","is_prod":false,"is_daily":false,"chose_seed":false,"campfire_upgraded":4,"win_rate":0,"timestamp":1556393492,"path_taken":["M","?","?","$","M","$","M","R","T","M","M","M","R","$","R","BOSS","M","?","?","?","$","R","E","M","T","E"],"build_version":"2019-01-23","purchased_purges":2,"victory":false,"max_hp_per_floor":[75,75,75,75,75,75,75,75,75,75,75,75,75,75,75,75,75,75,75,52,52,52,52,52,52,52,52],"card_choices":[{"not_picked":["Brutality","Exhume"],"picked":"Limit Break","floor":0},{"not_picked":["Burning Pact","Warcry"],"picked":"Flex","floor":1},{"not_picked":["Warcry","Armaments"],"picked":"Sword Boomerang","floor":5},{"not_picked":["Perfected Strike","Bloodletting"],"picked":"Anger","floor":7},{"not_picked":["Anger","Second Wind","Clothesline"],"picked":"SKIP","floor":10},{"not_picked":["Wild Strike","Reckless Charge","Combust"],"picked":"SKIP","floor":11},{"not_picked":["Hemokinesis","Flex"],"picked":"Shrug It Off","floor":12},{"not_picked":["Reaper","Offering"],"picked":"Limit Break","floor":16},{"not_picked":["Blood for Blood","Power Through"],"picked":"Spot Weakness","floor":18},{"not_picked":["Rupture","Flex"],"picked":"Impervious","floor":24},{"not_picked":["Feel No Pain","Perfected Strike"],"picked":"Heavy Blade","floor":25}],"player_experience":230954,"relics_obtained":[{"floor":9,"key":"The Courier"},{"floor":24,"key":"Potion Belt"},{"floor":26,"key":"Bottled Flame"}],"event_choices":[{"damage_healed":0,"gold_gain":150,"player_choice":"AGREE","damage_taken":0,"max_hp_gain":0,"max_hp_loss":0,"event_name":"Liars Game","floor":2,"gold_loss":0,"cards_obtained":["Doubt"]},{"damage_healed":0,"gold_gain":0,"player_choice":"Rummage","damage_taken":0,"relics_obtained":["WarpedTongs"],"max_hp_gain":0,"max_hp_loss":0,"event_name":"Accursed Blacksmith","floor":3,"gold_loss":0,"cards_obtained":["Pain"]},{"damage_healed":0,"gold_gain":0,"player_choice":"Opened","damage_taken":0,"relics_obtained":["Bag of Preparation"],"max_hp_gain":0,"max_hp_loss":0,"event_name":"The Mausoleum","floor":19,"gold_loss":0,"cards_obtained":["Writhe"]},{"damage_healed":0,"gold_gain":0,"player_choice":"Became a vampire","damage_taken":0,"max_hp_gain":0,"max_hp_loss":23,"event_name":"Vampires","floor":20,"gold_loss":0,"cards_obtained":["Bite","Bite","Bite","Bite","Bite"]},{"damage_healed":0,"gold_gain":0,"player_choice":"Simplicity","damage_taken":0,"max_hp_gain":0,"max_hp_loss":0,"event_name":"Back to Basics","floor":21,"gold_loss":0,"cards_upgraded":["Defend_R","Defend_R","Defend_R","Defend_R"]}],"is_beta":false,"boss_relics":[{"not_picked":["Coffee Dripper","Lizard Tail"],"picked":"Sozu"}],"items_purged_floors":[4,14],"is_endless":false,"potions_floor_spawned":[1,11,12,24],"killed_by":"Slavers","ascension_level":19}