{"path_per_floor":["M","?","M","M","M","R","M","R","T","?","R","M","M","?","R","B",null,"M","?","M","M","$","R","M","R","T","M","$","?","R","M","R","B",null,"M","?","$","M","M","E","R","M","T","R","?","M","R","E","R","B"],"character_chosen":"IRONCLAD","items_purchased":["Inflame","Fiend Fire"],"gold_per_floor":[113,113,132,149,159,159,170,170,170,170,170,185,202,202,202,299,299,309,209,219,238,81,81,101,101,127,138,64,14,14,34,34,130,130,145,145,70,85,103,129,129,146,146,146,146,165,165,199,199,199],"floor_reached":24,"campfire_rested":0,"playtime":1747,"current_hp_per_floor":[80,80,80,80,80,80,80,80,80,64,64,70,76,76,76,80,80,80,80,80,65,65,65,68,68,68,71,71,71,71,61,61,57,80,65,65,65,68,39,55,55,58,58,58,58,64,64,70,70,35],"items_purged":["Strike_R","Strike_R"],"gold":199,"play_id":"d74b85d7-12ff-47e5-9703-066da58e152e","is_prod":false,"is_daily":false,"campfire_rituals":0,"campfire_upgraded":12,"is_hardmode":false,"path_taken":["M","?","M","M","M","R","M","R","T","?","R","?","M","?","R","BOSS","M","?","M","M","$","R","M","R","T","?","$","?","R","M","R","BOSS","M","?","$","M","M","E","R","M","T","R","?","M","R","E","R","BOSS"],"build_version":"2018-01-18-PROD4","purchased_purges":2,"victory":true,"master_deck":["Strike_R","Defend_R","Defend_R","Defend_R","Bash","Battle Trance","Searing Blow","Clash","Cleave","Shrug It Off","Flex","Double Tap","J.A.X.","Seeing Red","Headbutt","Inflame","Inflame","Fiend Fire","Headbutt","Searing Blow","Armaments"],"max_hp_per_floor":[80,80,80,80,80,80,80,80,80,80,80,80,80,80,80,80,80,80,80,80,80,80,80,80,80,80,80,80,80,80,80,80,80,80,80,80,80,80,80,90,90,90,90,90,90,90,90,90,90,90],"relics":["Burning Blood","Ginger","Black Star","Dream Catcher","Runic Dome","Pear","Shuriken","Gambling Chip","Bag of Preparation","Orichalcum"],"campfire_meditates":0,"card_choices":[{"not_picked":["Power Through","Battle Trance"],"picked":"Searing Blow"},{"not_picked":["Blood for Blood","Bloodletting"],"picked":"Cleave"},{"not_picked":["Infernal Blade","Twin Strike"],"picked":"Shrug It Off"},{"not_picked":["Rupture","Iron Wave"],"picked":"Flex"},{"not_picked":["Impervious","Demon Form"],"picked":"Double Tap"},{"not_picked":["Sword Boomerang","Rupture"],"picked":"Seeing Red"},{"not_picked":["Havoc","Wild Strike"],"picked":"Headbutt"},{"not_picked":["Heavy Blade","Sentinel"],"picked":"Inflame"},{"not_picked":["Clash","Heavy Blade"],"picked":"Headbutt"},{"not_picked":["Headbutt","Sword Boomerang"],"picked":"Armaments"}],"player_experience":302613,"potions_floor_usage":[13,23,23],"damage_taken":[{"damage":5.0,"enemies":"Jaw Worm","floor":1.0,"turns":4.0},{"damage":0.0,"enemies":"Blue Slaver","floor":3.0,"turns":2.0},{"damage":0.0,"enemies":"Small Slimes","floor":4.0,"turns":2.0},{"damage":0.0,"enemies":"Looter","floor":5.0,"turns":2.0},{"damage":0.0,"enemies":"2 Fungi Beasts","floor":5.0,"turns":3.0},{"damage":0.0,"enemies":"Large Slime","floor":5.0,"turns":5.0},{"damage":0.0,"enemies":"Lots of Slimes","floor":5.0,"turns":6.0},{"damage":0.0,"enemies":"Slime Boss","floor":5.0,"turns":9.0},{"damage":0.0,"enemies":"Shell Parasite","floor":5.0,"turns":9.0},{"damage":0.0,"enemies":"3 Byrds","floor":5.0,"turns":12.0},{"damage":0.0,"enemies":"Snake Plant","floor":5.0,"turns":14.0},{"damage":0.0,"enemies":"3 Cultists","floor":5.0,"turns":16.0},{"damage":0.0,"enemies":"Snecko","floor":5.0,"turns":18.0},{"damage":16.0,"enemies":"Snake Plant","floor":7.0,"turns":3.0},{"damage":7.0,"enemies":"Champ","floor":9.0,"turns":3.0},{"damage":0.0,"enemies":"Orb Walker","floor":11.0,"turns":4.0},{"damage":0,"enemies":"3 Darklings","floor":13,"turns":3},{"damage":0,"enemies":"4 Shapes","floor":13,"turns":6},{"damage":0,"enemies":"Giant Head","floor":13,"turns":7},{"damage":3,"enemies":"Maw","floor":15,"turns":2},{"damage":0,"enemies":"3 Darklings","floor":19,"turns":2},{"damage":0,"enemies":"Nemesis","floor":21,"turns":1},{"damage":41,"enemies":"Awakened One","floor":23,"turns":4}],"event_choices":[{"event_name":"Transmorgrifier","player_choice":"Transform","floor":2.0,"damage_taken":0.0},{"event_name":"Shining Light","player_choice":"Entered Light","floor":5.0,"damage_taken":0.0},{"event_name":"Living Wall","player_choice":"Grow","floor":5.0,"damage_taken":0.0},{"event_name":"Drug Dealer","player_choice":"Got JAXXED","floor":5.0,"damage_taken":0.0},{"event_name":"The Joust","player_choice":"Bet on Owner","floor":5.0,"damage_taken":0.0},{"event_name":"Duplicator","player_choice":"One dupe","floor":18,"damage_taken":0}],"boss_relics":[],"potions_floor_spawned":[1,3,4,5,5,13,13,15],"seed_played":"2177401809387650104","is_trial":false}