{"path_per_floor":["M","?","?","M","M","E","R","M","T","?","$","M","E","M","R","B",null,"M","?","M","?","M","E","M","R","T","M","?","M","$","M","R","B",null,"M","?","M","?","M","R","E","?","T","$","M","T","$"],"character_chosen":"THE_SILENT","items_purchased":["Frozen Eye"],"gold_per_floor":[116,116,66,76,90,116,116,135,161,161,86,105,133,147,147,251,251,271,271,283,283,297,325,345,345,345,358,358,377,277,292,292,394,394,410,410,425,425,437,437,467,518,545,106,124,151,1],"floor_reached":48,"campfire_rested":3,"playtime":4755,"current_hp_per_floor":[70,70,70,70,70,52,52,52,52,52,52,52,44,44,44,24,70,70,54,37,60,51,24,10,46,46,41,41,37,37,27,63,49,70,58,48,39,39,19,55,43,15,15,15,12,12,12],"items_purged":["Regret","Defend_G","Madness","Strike_G"],"gold":1,"play_id":"2ec6e1d6-76ce-4839-8fbe-b3bcabfa2885","is_prod":false,"is_daily":false,"campfire_rituals":0,"campfire_upgraded":2,"is_hardmode":false,"path_taken":["M","?","?","M","M","E","R","M","T","?","$","M","E","M","R","BOSS","M","?","M","?","?","E","M","R","T","M","?","M","$","M","R","BOSS","M","?","M","?","M","R","E","?","T","$","M","?","?","M"],"build_version":"2018-01-04-PROD1","purchased_purges":5,"victory":false,"master_deck":["Defend_G","Defend_G","Defend_G","Strike_G","Survivor","Neutralize","Backflip","Prepared","Bouncing Flask","Flying Knee","Adrenaline","Dagger Spray","Well Laid Plans","Poisoned Stab","Corpse Explosion","Noxious Fumes","Bane","Prepared","Terror","Poisoned Stab","Noxious Fumes","Deadly Poison","Blur","Adrenaline","Acrobatics","Madness","Concentrate","Poisoned Stab"],"max_hp_per_floor":[70,70,70,70,70,70,70,70,70,70,70,70,70,70,70,70,70,70,70,70,70,70,70,70,70,70,70,70,70,70,70,70,70,70,70,70,70,70,70,70,70,84,84,84,84,84,84],"relics":["Ring of the Snake","Ancient Tea Set","Regal Pillow","Happy Flower","Tough Bandages","Orrery","Enchiridion","Centennial Puzzle","Juzu Bracelet","The Specimen","Ginger","Mango","Omamori","Frozen Eye","Singing Bowl"],"campfire_meditates":0,"card_choices":[{"not_picked":["PiercingWail","Quick Slash"],"picked":"Backflip"},{"not_picked":["Setup","Backstab"],"picked":"Bouncing Flask"},{"not_picked":["Masterful Stab","Slice"],"picked":"Flying Knee"},{"not_picked":["Bane","PiercingWail"],"picked":"Adrenaline"},{"not_picked":["Deflect","Blade Dance"],"picked":"Dagger Spray"},{"not_picked":["Eviscerate","Flying Knee"],"picked":"Well Laid Plans"},{"not_picked":["Bane","Flying Knee"],"picked":"Poisoned Stab"},{"not_picked":["Grand Finale","Storm of Steel"],"picked":"Corpse Explosion"},{"not_picked":["Sucker Punch","Dagger Throw"],"picked":"Noxious Fumes"},{"not_picked":["Poisoned Stab","Infinite Blades"],"picked":"Bane"},{"not_picked":["Deflect","Slice"],"picked":"Prepared"},{"not_picked":["Endless Agony","Sucker Punch"],"picked":"Terror"},{"not_picked":["Cloak And Dagger","Backflip"],"picked":"Poisoned Stab"},{"not_picked":["Terror","Setup"],"picked":"Noxious Fumes"},{"not_picked":["Bane","Outmaneuver"],"picked":"Deadly Poison"},{"not_picked":["Bane","Predator"],"picked":"Blur"},{"not_picked":["Dash","Cloak And Dagger"],"picked":"Adrenaline"},{"not_picked":["Flying Knee","Underhanded Strike"],"picked":"Acrobatics"},{"not_picked":["Predator","Footwork"],"picked":"Concentrate"},{"not_picked":["Slice","Well Laid Plans"],"picked":"Poisoned Stab"}],"player_experience":184845,"potions_floor_usage":[6,6,13,16,22,23,23,33,48],"damage_taken":[{"damage":0,"enemies":"Cultist","floor":1,"turns":5},{"damage":0,"enemies":"Blue Slaver","floor":4,"turns":7},{"damage":0,"enemies":"Small Slimes","floor":5,"turns":6},{"damage":18,"enemies":"3 Sentries","floor":6,"turns":9},{"damage":0,"enemies":"3 Louse","floor":8,"turns":2},{"damage":0,"enemies":"Looter","floor":12,"turns":3},{"damage":8,"enemies":"Lagavulin","floor":13,"turns":5},{"damage":0,"enemies":"Red Slaver","floor":14,"turns":3},{"damage":20,"enemies":"Slime Boss","floor":16,"turns":7},{"damage":0,"enemies":"Chosen","floor":18,"turns":3},{"damage":17,"enemies":"2 Thieves","floor":20,"turns":3},{"damage":15,"enemies":"Snake Plant","floor":22,"turns":3},{"damage":27,"enemies":"Gremlin Leader","floor":23,"turns":5},{"damage":14,"enemies":"3 Cultists","floor":24,"turns":5},{"damage":5,"enemies":"Snecko","floor":27,"turns":5},{"damage":4,"enemies":"Centurion and Healer","floor":29,"turns":5},{"damage":10,"enemies":"Slaver and Parasite","floor":31,"turns":5},{"damage":14,"enemies":"Collector","floor":33,"turns":9},{"damage":12,"enemies":"Orb Walker","floor":35,"turns":3},{"damage":9,"enemies":"3 Darklings","floor":37,"turns":5},{"damage":20,"enemies":"4 Shapes","floor":39,"turns":4},{"damage":12,"enemies":"Giant Head","floor":41,"turns":6},{"damage":42,"enemies":"Mysterious Sphere","floor":42,"turns":5},{"damage":3,"enemies":"Maw","floor":45,"turns":7},{"damage":19,"enemies":"3 Darklings","floor":48,"turns":2}],"event_choices":[{"event_name":"Transmorgrifier","player_choice":"Transform","floor":2,"damage_taken":0},{"event_name":"The Cleric","player_choice":"Card Removal","floor":3,"damage_taken":0},{"event_name":"Big Fish","player_choice":"Box","floor":10,"damage_taken":0},{"event_name":"Cursed Tome","player_choice":"Obtained Book","floor":19,"damage_taken":0},{"event_name":"The Library","player_choice":"Heal","floor":21,"damage_taken":0},{"event_name":"Purifier","player_choice":"One Purge","floor":28,"damage_taken":0},{"event_name":"Winding Halls","player_choice":"Embrace Madness","floor":36,"damage_taken":0},{"event_name":"Mysterious Sphere","player_choice":"Fight","floor":42,"damage_taken":0}],"boss_relics":[{"not_picked":["Philosopher\u0027s Stone","Runic Pyramid"],"picked":"Orrery"},{"not_picked":["Black Star","Runic Dome"],"picked":"The Specimen"}],"potions_floor_spawned":[1,4,5,6,14,16,18,24,27,31,33,35,39,42],"seed_played":"6879167708861172966","killed_by":"3 Darklings","is_trial":false}