{"path_per_floor":["M","$","?","M","M","E","$","M","T","?","R","M","R","M","R","B",null,"M","$","?","M","?","E","?","E","T","M","E","R","M","$","R","B",null,"M","$","?","M","M","E","T","M","T","$","E","M","R","M","R"],"character_chosen":"IRONCLAD","items_purchased":["Pen Nib","Sentinel"],"gold_per_floor":[113,38,38,53,67,102,2,21,98,98,98,115,115,125,125,228,228,247,122,122,139,139,164,164,189,189,208,240,240,255,105,105,200,200,210,67,67,77,91,125,125,141,141,106,135,154,154,168,168],"floor_reached":50,"campfire_rested":4,"playtime":3816,"current_hp_per_floor":[68,68,61,56,57,42,42,45,45,31,31,37,37,43,43,19,72,72,72,72,72,72,61,61,28,28,22,25,46,27,27,48,40,72,68,68,68,48,41,38,38,41,41,41,33,8,30,32,54],"items_purged":["Defend_R","Strike_R","Strike_R","Defend_R"],"gold":168,"play_id":"f40c3f53-eece-48c7-8489-930588df45f7","is_prod":false,"is_daily":false,"campfire_rituals":0,"campfire_upgraded":3,"is_hardmode":false,"path_taken":["M","$","?","M","?","E","?","M","T","?","R","M","R","?","R","BOSS","M","$","?","M","?","E","?","E","T","M","E","R","M","?","R","BOSS","M","$","?","M","?","E","?","M","T","$","E","M","R","M","R","BOSS"],"build_version":"2018-01-11-PROD2","purchased_purges":5,"victory":false,"master_deck":["Strike_R","Defend_R","Defend_R","Bash","Clash","Rampage","Dual Wield","Sever Soul","Seeing Red","Battle Trance","Headbutt","Clash","Metallicize","Inflame","Second Wind","Sentinel","Barricade","Whirlwind","Clash","Body Slam","Headbutt","Sentinel","Seeing Red"],"max_hp_per_floor":[72,72,72,72,72,72,72,72,72,72,72,72,72,72,72,72,72,72,72,72,72,72,72,72,72,72,72,72,72,72,72,72,72,72,72,72,72,72,72,72,72,72,72,72,74,74,74,76,76],"relics":["Burning Blood","Orichalcum","Mummified Hand","Orrery","Blue Candle","Bag of Preparation","Unceasing Top","Art of War","Black Star","Pen Nib","Gremlin Horn","Bottled Lightning","Frozen Eye","Letter Opener","Singing Bowl","Toxic Egg"],"campfire_meditates":0,"card_choices":[{"not_picked":["Sword Boomerang","Perfected Strike"],"picked":"Clash"},{"not_picked":["Armaments","Flex"],"picked":"Rampage"},{"not_picked":["Clash","Heavy Blade"],"picked":"Dual Wield"},{"not_picked":["Infernal Blade","Corruption"],"picked":"Sever Soul"},{"not_picked":["Perfected Strike","Sever Soul"],"picked":"Seeing Red"},{"not_picked":["Infernal Blade","Power Through"],"picked":"Battle Trance"},{"not_picked":["Combust","Body Slam"],"picked":"Headbutt"},{"not_picked":["Heavy Blade","Clothesline"],"picked":"Clash"},{"not_picked":["Armaments","Limit Break"],"picked":"Metallicize"},{"not_picked":["Pommel Strike","Wild Strike"],"picked":"Second Wind"},{"not_picked":["Sever Soul","Clash"],"picked":"Sentinel"},{"not_picked":["Demon Form","Reaper"],"picked":"Barricade"},{"not_picked":["Perfected Strike","Heavy Blade"],"picked":"Whirlwind"},{"not_picked":["Blood for Blood","True Grit"],"picked":"Clash"},{"not_picked":["Armaments","Exhume"],"picked":"Body Slam"},{"not_picked":["Clothesline","Pommel Strike"],"picked":"Headbutt"},{"not_picked":["Pummel","Impervious"],"picked":"Seeing Red"}],"player_experience":227415,"potions_floor_usage":[16,25,25,28,40,42,48,50,50],"damage_taken":[{"damage":10,"enemies":"Blue Slaver","floor":1,"turns":6},{"damage":11,"enemies":"Jaw Worm","floor":4,"turns":2},{"damage":5,"enemies":"Small Slimes","floor":5,"turns":3},{"damage":21,"enemies":"Lagavulin","floor":6,"turns":6},{"damage":3,"enemies":"Red Slaver","floor":8,"turns":2},{"damage":0,"enemies":"3 Louse","floor":12,"turns":3},{"damage":0,"enemies":"Large Slime","floor":14,"turns":3},{"damage":30,"enemies":"The Guardian","floor":16,"turns":7},{"damage":0,"enemies":"Spheric Guardian","floor":18,"turns":2},{"damage":5,"enemies":"2 Thieves","floor":21,"turns":3},{"damage":17,"enemies":"Book of Stabbing","floor":23,"turns":5},{"damage":39,"enemies":"Slavers","floor":25,"turns":5},{"damage":12,"enemies":"Slaver and Parasite","floor":27,"turns":5},{"damage":6,"enemies":"Book of Stabbing","floor":28,"turns":2},{"damage":25,"enemies":"3 Cultists","floor":30,"turns":5},{"damage":14,"enemies":"Collector","floor":33,"turns":6},{"damage":10,"enemies":"3 Darklings","floor":35,"turns":4},{"damage":26,"enemies":"Orb Walker","floor":38,"turns":4},{"damage":13,"enemies":"Maw","floor":39,"turns":5},{"damage":9,"enemies":"2 Orb Walkers","floor":40,"turns":3},{"damage":3,"enemies":"3 Darklings","floor":42,"turns":3},{"damage":16,"enemies":"Giant Head","floor":45,"turns":6},{"damage":31,"enemies":"Sphere and 2 Shapes","floor":46,"turns":4},{"damage":6,"enemies":"4 Shapes","floor":48,"turns":2},{"damage":54,"enemies":"Time Eater","floor":50,"turns":7}],"event_choices":[{"event_name":"Golden Wing","player_choice":"Card Removal","floor":3,"damage_taken":0},{"event_name":"Shining Light","player_choice":"Entered Light","floor":10,"damage_taken":0},{"event_name":"Back to Basics","player_choice":"Elegance","floor":20,"damage_taken":0},{"event_name":"Vampires","player_choice":"Ignored","floor":22,"damage_taken":0},{"event_name":"The Library","player_choice":"Read","floor":24,"damage_taken":0},{"event_name":"Upgrade Shrine","player_choice":"Upgraded","floor":37,"damage_taken":0}],"boss_relics":[{"not_picked":["Ectoplasm","Runic Dome"],"picked":"Orrery"},{"not_picked":["Mark of Pain","Cursed Key"],"picked":"Black Star"}],"potions_floor_spawned":[4,6,8,12,21,23,27,28,39,40,42,48],"seed_played":"-3022182833175606676","killed_by":"Time Eater","is_trial":false}