{"gold_per_floor":[119,133,149,166,183,183,211,223,235,28,28,62,62,80,80,178,178,191,191,22,36,51,51,81,81,107,124,39,39,56,85,85,85],"floor_reached":33,"playtime":4496,"items_purged":["Strike_R","Strike_R"],"score":386,"play_id":"4e9933a9-8a0e-4d85-b239-7b35c5a90d8d","local_time":"20190301232216","is_ascension_mode":true,"campfire_choices":[{"data":"True Grit","floor":6,"key":"SMITH"},{"floor":8,"key":"REST"},{"data":"Pommel Strike","floor":13,"key":"SMITH"},{"data":"Shrug It Off","floor":15,"key":"SMITH"},{"floor":23,"key":"REST"},{"data":"Anger","floor":25,"key":"SMITH"},{"floor":32,"key":"REST"}],"neow_cost":"NONE","seed_source_timestamp":16248179442620,"circlet_count":0,"master_deck":["Strike_R","Strike_R","Strike_R","Defend_R","Defend_R","Defend_R","Defend_R","Bash+1","Twin Strike+1","Armaments","True Grit+1","Pommel Strike+1","Anger+1","Shrug It Off+1","Twin Strike+1","Warcry+1","Uppercut+1","Shrug It Off+1","Immolate+1","Inflame","Spot Weakness","Fire Breathing"],"relics":["Burning Blood","MawBank","Molten Egg 2","Oddly Smooth Stone","Gremlin Horn","Mark of Pain","Singing Bowl","Omamori","Bag of Marbles","Lantern"],"potions_floor_usage":[7,16,31,31],"damage_taken":[{"damage":9,"enemies":"Cultist","floor":1,"turns":5},{"damage":4,"enemies":"Jaw Worm","floor":2,"turns":5},{"damage":7,"enemies":"Small Slimes","floor":3,"turns":3},{"damage":22,"enemies":"Exordium Thugs","floor":4,"turns":9},{"damage":11,"enemies":"Blue Slaver","floor":5,"turns":4},{"damage":26,"enemies":"3 Sentries","floor":7,"turns":10},{"damage":29,"enemies":"Gremlin Nob","floor":12,"turns":4},{"damage":1,"enemies":"Looter","floor":14,"turns":3},{"damage":28,"enemies":"The Guardian","floor":16,"turns":12},{"damage":28,"enemies":"2 Thieves","floor":18,"turns":4},{"damage":12,"enemies":"Spheric Guardian","floor":21,"turns":4},{"damage":7,"enemies":"Snecko","floor":22,"turns":6},{"damage":12,"enemies":"Gremlin Leader","floor":24,"turns":10},{"damage":0,"enemies":"Chosen and Byrds","floor":27,"turns":6},{"damage":8,"enemies":"Shelled Parasite and Fungi","floor":30,"turns":2},{"damage":25,"enemies":"Book of Stabbing","floor":31,"turns":5},{"damage":82,"enemies":"Collector","floor":33,"turns":6}],"seed_played":"-8559178199633131587","potions_obtained":[{"floor":0,"key":"Energy Potion"},{"floor":0,"key":"LiquidBronze"},{"floor":0,"key":"LiquidBronze"},{"floor":12,"key":"LiquidBronze"},{"floor":16,"key":"Poison Potion"},{"floor":31,"key":"Energy Potion"}],"is_trial":false,"path_per_floor":["M","M","M","M","M","R","E","R","T","$","?","E","R","M","R","B",null,"M","?","$","M","M","R","E","R","T","M","?","?","M","E","R","B"],"character_chosen":"IRONCLAD","items_purchased":["Oddly Smooth Stone","Uppercut+1"],"campfire_rested":3,"item_purchase_floors":[10,20],"current_hp_per_floor":[69,71,70,54,49,49,29,53,53,53,53,30,30,35,35,13,63,41,41,41,35,34,58,52,52,52,58,58,58,56,37,61,0],"gold":85,"neow_bonus":"THREE_SMALL_POTIONS","is_prod":false,"is_daily":false,"chose_seed":false,"campfire_upgraded":4,"win_rate":0,"timestamp":1551504136,"path_taken":["M","?","M","M","M","R","E","R","T","$","?","E","R","M","R","BOSS","M","?","?","M","M","R","E","R","T","M","?","?","M","E","R","BOSS"],"build_version":"2019-01-23","purchased_purges":2,"victory":false,"max_hp_per_floor":[80,80,80,80,80,80,80,80,80,80,80,80,80,80,80,80,80,80,80,80,80,80,80,80,80,80,80,80,80,80,80,80,80],"card_choices":[{"not_picked":["Sentinel","Entrench"],"picked":"Twin Strike","floor":1},{"not_picked":["Pummel","Sentinel"],"picked":"Armaments","floor":2},{"not_picked":["Wild Strike","Body Slam","Blood for Blood"],"picked":"SKIP","floor":3},{"not_picked":["Ghostly Armor","Pommel Strike"],"picked":"True Grit","floor":4},{"not_picked":["Wild Strike","Headbutt"],"picked":"Pommel Strike","floor":5},{"not_picked":["Bloodletting","Dual Wield"],"picked":"Anger","floor":7},{"not_picked":["Pommel Strike+1","Flex"],"picked":"Shrug It Off","floor":12},{"not_picked":["Feel No Pain","Shockwave"],"picked":"Twin Strike+1","floor":14},{"not_picked":["Iron Wave+1","Clash+1"],"picked":"Warcry+1","floor":18},{"not_picked":["Shockwave","Dropkick+1"],"picked":"Shrug It Off+1","floor":21},{"not_picked":["Cleave+1","Havoc","Pommel Strike+1"],"picked":"SKIP","floor":22},{"not_picked":["Havoc+1","Seeing Red"],"picked":"Immolate+1","floor":24},{"not_picked":["Pummel+1","Perfected Strike+1"],"picked":"Inflame","floor":27},{"not_picked":["Armaments","Clothesline+1"],"picked":"Spot Weakness","floor":30},{"not_picked":["Combust","Headbutt+1"],"picked":"Fire Breathing","floor":31}],"player_experience":504867,"relics_obtained":[{"floor":7,"key":"MawBank"},{"floor":9,"key":"Molten Egg 2"},{"floor":12,"key":"Gremlin Horn"},{"floor":24,"key":"Singing Bowl"},{"floor":26,"key":"Omamori"},{"floor":31,"key":"Lantern"}],"event_choices":[{"damage_healed":0,"gold_gain":0,"player_choice":"Grow","damage_taken":0,"max_hp_gain":0,"max_hp_loss":0,"event_name":"Living Wall","floor":11,"gold_loss":0,"cards_upgraded":["Bash"]},{"damage_healed":0,"gold_gain":0,"player_choice":"Upgraded","damage_taken":0,"max_hp_gain":0,"max_hp_loss":0,"event_name":"Upgrade Shrine","floor":19,"gold_loss":0,"cards_upgraded":["Twin Strike"]},{"damage_healed":0,"gold_gain":0,"player_choice":"Obtained Relic","damage_taken":0,"relics_obtained":["Bag of Marbles"],"max_hp_gain":0,"max_hp_loss":0,"event_name":"Addict","floor":28,"gold_loss":85},{"damage_healed":0,"gold_gain":0,"player_choice":"Smashed Altar","damage_taken":0,"max_hp_gain":0,"max_hp_loss":0,"event_name":"Forgotten Altar","floor":29,"gold_loss":0,"cards_obtained":["Decay"]}],"is_beta":false,"boss_relics":[{"not_picked":["White Beast Statue","Runic Cube"],"picked":"Mark of Pain"}],"items_purged_floors":[10,20],"is_endless":false,"potions_floor_spawned":[3,4,5,12,16,18,24,31],"killed_by":"Collector","ascension_level":6}