{"path_per_floor":["M","?","?","M","M","R","$","E","T","T","R","M","E","M","R","B",null,"M","?","?","M","$","E","T","E","T","$","M","M","M","M","R","B",null,"M","$","?","?","M","R","E","R","T","E","M","?","M","M","R","B"],"character_chosen":"IRONCLAD","items_purchased":["Feel No Pain","Heavy Blade","Armaments","Perfected Strike","Ornamental Fan","Swift Strike","Flash of Steel","Pen Nib","Juzu Bracelet"],"gold_per_floor":[114,114,189,204,219,219,78,108,183,183,183,198,528,543,543,643,643,658,658,608,623,249,279,304,334,334,87,102,117,132,147,147,247,247,262,112,0,0,15,15,45,45,95,125,140,140,155,170,170,170],"floor_reached":51,"campfire_rested":0,"playtime":3611,"current_hp_per_floor":[80,86,75,62,63,63,63,56,56,56,56,54,53,56,56,52,92,91,91,91,76,76,83,89,53,59,59,50,61,61,61,61,71,135,135,135,135,135,135,135,135,135,141,136,134,147,147,145,145,95],"items_purged":[],"gold":170,"score":964,"play_id":"bf782aa3-4b2c-4813-a0c5-094c801eb9c4","local_time":"20180317190958","daily_mods":["Allstar","Cursed Run","Hoarder"],"is_prod":false,"is_daily":true,"is_ascension_mode":false,"campfire_upgraded":6,"timestamp":1521310198,"path_taken":["M","?","?","M","M","R","?","E","T","?","R","M","E","?","R","BOSS","M","?","?","M","$","E","?","E","T","$","M","M","M","M","R","BOSS","M","$","?","?","M","R","E","R","T","E","M","?","M","M","R","BOSS"],"build_version":"2018-03-15v2","purchased_purges":0,"victory":true,"master_deck":["Strike_R","Strike_R","Strike_R","Defend_R","Defend_R+1","Defend_R","Defend_R","Bash+1","Bandage Up","Bandage Up+1","Bandage Up","Secret Weapon","Secret Weapon","Secret Weapon","Bloodletting","Bloodletting","Bloodletting","Regret","Regret","Regret","Seeing Red","Seeing Red","Seeing Red","Fire Breathing","Fire Breathing","Fire Breathing","Feel No Pain+1","Feel No Pain","Feel No Pain+1","Heavy Blade","Heavy Blade","Heavy Blade","Armaments+1","Armaments+1","Armaments+1","Headbutt","Headbutt","Headbutt","Body Slam","Body Slam","Body Slam","Flex","Flex","Flex","Perfected Strike","Perfected Strike","Perfected Strike","Doubt","Doubt","Doubt","Immolate","Immolate","Immolate","Spot Weakness","Spot Weakness","Spot Weakness","True Grit","True Grit","True Grit","Rage","Rage","Rage","Perfected Strike","Perfected Strike","Perfected Strike","Swift Strike","Swift Strike","Swift Strike","Perfected Strike","Perfected Strike","Perfected Strike","Decay","Decay","Decay","Twin Strike","Twin Strike","Twin Strike","Regret","Regret","Regret","Flash of Steel","Flash of Steel","Flash of Steel","Pummel","Pummel","Pummel","Burning Pact","Burning Pact","Burning Pact","Pummel","Pummel","Pummel","Shockwave+1","Shockwave","Shockwave","Parasite","Parasite","Parasite","Impervious","Impervious","Impervious","Writhe","Writhe","Writhe","Clumsy","Clumsy","Clumsy","Parasite","Parasite","Parasite","Heavy Blade+1","Heavy Blade","Heavy Blade","Corruption+1","Corruption","Corruption","Inflame","Inflame","Inflame","Regret","Regret","Regret","Double Tap","Double Tap","Double Tap","Perfected Strike","Perfected Strike","Perfected Strike","Writhe","Writhe","Writhe","Sever Soul","Sever Soul","Sever Soul","Clothesline+1","Clothesline","Clothesline","Writhe","Writhe","Writhe"],"max_hp_per_floor":[80,86,86,86,86,86,86,86,86,86,86,86,86,86,86,92,92,92,92,92,92,92,92,98,105,111,111,111,111,111,111,111,117,135,135,135,135,135,135,135,135,135,141,141,141,147,147,147,147,153],"relics":["Cursed Key","Darkstone Periapt","Du-Vu Doll","Omamori","Ancient Tea Set","Meat on the Bone","Bottled Tornado","Old Coin","Mark of Pain","Ornamental Fan","Bottled Lightning","Anchor","Strawberry","Shovel","Pen Nib","Calling Bell","Red Skull","Bag of Preparation","Magic Flower","Juzu Bracelet","Red Mask","War Paint","Dream Catcher","Regal Pillow","Mummified Hand"],"card_choices":[{"not_picked":["Havoc","Thunderclap"],"picked":"Bloodletting"},{"not_picked":["Anger","Headbutt"],"picked":"Seeing Red"},{"not_picked":["Thunderclap","Pommel Strike"],"picked":"Fire Breathing"},{"not_picked":["Juggernaut","Feel No Pain"],"picked":"Headbutt"},{"not_picked":["Infernal Blade","Dropkick"],"picked":"Body Slam"},{"not_picked":["Dropkick","Second Wind"],"picked":"Flex"},{"not_picked":["Headbutt","Heavy Blade"],"picked":"Perfected Strike"},{"not_picked":["Berserk","Demon Form"],"picked":"Immolate"},{"not_picked":["Cleave","Clothesline"],"picked":"Spot Weakness"},{"not_picked":["True Grit","Clash"],"picked":"Rage"},{"not_picked":["Twin Strike","Clash"],"picked":"Perfected Strike"},{"not_picked":["Sentinel","Berserk"],"picked":"Twin Strike"},{"not_picked":["Headbutt","Cleave"],"picked":"Pummel"},{"not_picked":["Clash","Warcry"],"picked":"Burning Pact"},{"not_picked":["Entrench","Flex"],"picked":"Pummel"},{"not_picked":["Havoc","Fire Breathing"],"picked":"Shockwave"},{"not_picked":["Demon Form","Berserk"],"picked":"Impervious"},{"not_picked":["Metallicize","Clothesline"],"picked":"Heavy Blade"},{"not_picked":["Body Slam","Wild Strike"],"picked":"Corruption"},{"not_picked":["Berserk","Clothesline"],"picked":"Inflame"},{"not_picked":["Sword Boomerang","Fiend Fire"],"picked":"Double Tap"},{"not_picked":["Searing Blow","Dropkick"],"picked":"Perfected Strike"},{"not_picked":["Shrug It Off","Armaments"],"picked":"Sever Soul"},{"not_picked":["Blood for Blood","Flame Barrier"],"picked":"Clothesline"}],"player_experience":164267,"potions_floor_usage":[23,23,25,50,50,50],"damage_taken":[{"damage":0,"enemies":"2 Louse","floor":1,"turns":2},{"damage":25,"enemies":"Jaw Worm","floor":4,"turns":5},{"damage":7,"enemies":"Small Slimes","floor":5,"turns":2},{"damage":15,"enemies":"Gremlin Nob","floor":8,"turns":4},{"damage":6,"enemies":"2 Fungi Beasts","floor":12,"turns":3},{"damage":5,"enemies":"Lagavulin","floor":13,"turns":3},{"damage":3,"enemies":"Large Slime","floor":14,"turns":4},{"damage":18,"enemies":"The Guardian","floor":16,"turns":7},{"damage":1,"enemies":"Shell Parasite","floor":18,"turns":4},{"damage":15,"enemies":"Spheric Guardian","floor":21,"turns":4},{"damage":3,"enemies":"Gremlin Leader","floor":23,"turns":5},{"damage":59,"enemies":"Slavers","floor":25,"turns":6},{"damage":25,"enemies":"Snake Plant","floor":28,"turns":4},{"damage":1,"enemies":"Chosen and Byrds","floor":29,"turns":3},{"damage":0,"enemies":"Cultist and Chosen","floor":30,"turns":2},{"damage":0,"enemies":"3 Cultists","floor":31,"turns":2},{"damage":8,"enemies":"Collector","floor":33,"turns":4},{"damage":0,"enemies":"Orb Walker","floor":35,"turns":1},{"damage":0,"enemies":"3 Shapes","floor":39,"turns":2},{"damage":0,"enemies":"Giant Head","floor":41,"turns":2},{"damage":5,"enemies":"Nemesis","floor":44,"turns":3},{"damage":2,"enemies":"Maw","floor":45,"turns":4},{"damage":0,"enemies":"4 Shapes","floor":47,"turns":3},{"damage":2,"enemies":"3 Darklings","floor":48,"turns":3},{"damage":56,"enemies":"Time Eater","floor":50,"turns":8}],"event_choices":[{"event_name":"Big Fish","player_choice":"Box","floor":2,"damage_taken":0},{"event_name":"World of Goop","player_choice":"Gather Gold","floor":3,"damage_taken":0},{"event_name":"Transmorgrifier","player_choice":"Transform","floor":19,"damage_taken":0},{"event_name":"The Joust","player_choice":"Bet on Murderer","floor":20,"damage_taken":0},{"event_name":"Tomb of Lord Red Mask","player_choice":"Paid","floor":37,"damage_taken":0},{"event_name":"Winding Halls","player_choice":"Writhe","floor":46,"damage_taken":0}],"boss_relics":[{"not_picked":["Velvet Choker","Runic Dome"],"picked":"Mark of Pain"},{"not_picked":["Tiny House","Black Star"],"picked":"Calling Bell"}],"potions_floor_spawned":[4,13,14,16,21,23,28,39,41,44,47],"seed_played":"8809221095910533381","ascension_level":0,"is_trial":false}