{"gold_per_floor":[114,124,134,150,160,160,494,669,669,649,679,679,690,78,78,183,183,200,187,204,204,104,139,139,139],"floor_reached":25,"playtime":2682,"items_purged":["Doubt","Strike_G"],"score":311,"play_id":"b13049ac-c103-4283-b4ed-7177c509f960","local_time":"20180802000900","is_ascension_mode":true,"campfire_choices":[{"data":"Neutralize","floor":6,"key":"SMITH"},{"data":"Prepared","floor":12,"key":"SMITH"},{"floor":15,"key":"REST"},{"data":"Tactician","floor":24,"key":"SMITH"}],"neow_cost":"","seed_source_timestamp":443282953708607,"circlet_count":0,"master_deck":["Defend_G","Defend_G","Defend_G","Defend_G","Defend_G","Strike_G","Strike_G","Strike_G","Strike_G","Survivor","Neutralize+1","Tactician+1","Poisoned Stab","Prepared+1","Reflex","Infinite Blades+1","Backflip","Adrenaline","Accuracy+1","Backflip","After Image+1","Prepared","Underhanded Strike","Underhanded Strike"],"relics":["Ring of the Snake","Old Coin","Frozen Egg 2","Vajra","Kunai","Busted Crown","Du-Vu Doll"],"potions_floor_usage":[7,11,11,16,20,25],"damage_taken":[{"damage":3,"enemies":"Cultist","floor":1,"turns":4},{"damage":1,"enemies":"Small Slimes","floor":2,"turns":4},{"damage":7,"enemies":"Jaw Worm","floor":3,"turns":4},{"damage":0,"enemies":"Looter","floor":4,"turns":4},{"damage":6,"enemies":"2 Fungi Beasts","floor":5,"turns":4},{"damage":17,"enemies":"3 Sentries","floor":7,"turns":12},{"damage":18,"enemies":"Gremlin Nob","floor":11,"turns":5},{"damage":3,"enemies":"Red Slaver","floor":13,"turns":5},{"damage":0,"enemies":"Hexaghost","floor":16,"turns":12},{"damage":4,"enemies":"Spheric Guardian","floor":18,"turns":4},{"damage":0,"enemies":"2 Thieves","floor":19,"turns":4},{"damage":5,"enemies":"Snake Plant","floor":20,"turns":6},{"damage":8,"enemies":"Book of Stabbing","floor":23,"turns":7},{"damage":56,"enemies":"Gremlin Leader","floor":25,"turns":8}],"seed_played":"7532186233205235793","potions_obtained":[{"floor":1,"key":"PowerPotion"},{"floor":4,"key":"Regen Potion"},{"floor":7,"key":"Swift Potion"},{"floor":10,"key":"AttackPotion"},{"floor":13,"key":"EssenceOfSteel"},{"floor":23,"key":"Dexterity Potion"}],"is_trial":false,"path_per_floor":["M","M","M","M","M","R","E","?","T","?","E","R","M","$","R","B",null,"M","M","M","?","$","E","R"],"character_chosen":"THE_SILENT","items_purchased":["Adrenaline","Kunai","Accuracy+1","Backflip"],"campfire_rested":1,"item_purchase_floors":[14,14,14,14],"current_hp_per_floor":[67,66,59,59,53,53,51,51,51,51,33,33,30,30,51,51,70,66,66,61,61,61,53,53,0],"gold":139,"neow_bonus":"","is_prod":false,"is_daily":false,"chose_seed":false,"campfire_upgraded":3,"win_rate":0,"timestamp":1533139740,"path_taken":["M","M","M","?","M","R","E","?","T","?","E","R","M","$","R","BOSS","M","M","M","?","?","E","R","E"],"build_version":"2018-07-26","purchased_purges":2,"victory":false,"max_hp_per_floor":[70,70,70,70,70,70,70,70,70,70,70,70,70,70,70,70,70,70,70,70,70,70,70,70,70],"card_choices":[{"not_picked":["Deflect","Bane"],"picked":"Tactician","floor":1},{"not_picked":["Accuracy","Slice"],"picked":"Poisoned Stab","floor":2},{"not_picked":["Deflect","PiercingWail","Finisher"],"picked":"SKIP","floor":3},{"not_picked":["Sucker Punch","Flying Knee","Predator"],"picked":"SKIP","floor":4},{"not_picked":["Tactician","Slice"],"picked":"Prepared","floor":5},{"not_picked":["Tactician","Quick Slash"],"picked":"Reflex","floor":7},{"not_picked":["Dodge and Roll","Night Terror"],"picked":"Infinite Blades+1","floor":11},{"not_picked":["Masterful Stab","Predator"],"picked":"Backflip","floor":13},{"not_picked":["Unload","Phantasmal Killer"],"picked":"After Image+1","floor":16},{"not_picked":[],"picked":"Prepared","floor":18},{"not_picked":["Heel Hook"],"picked":"SKIP","floor":19},{"not_picked":[],"picked":"Underhanded Strike","floor":20},{"not_picked":["Bane"],"picked":"SKIP","floor":23}],"player_experience":238477,"relics_obtained":[{"floor":7,"key":"Old Coin"},{"floor":9,"key":"Frozen Egg 2"},{"floor":11,"key":"Vajra"},{"floor":23,"key":"Du-Vu Doll"}],"event_choices":[{"event_name":"Liars Game","player_choice":"agreed","floor":8,"damage_taken":0},{"event_name":"The Woman in Blue","player_choice":"Bought 1 Potion","floor":10,"damage_taken":0},{"event_name":"The Library","player_choice":"Read","floor":21,"damage_taken":0}],"is_beta":false,"boss_relics":[{"not_picked":["Ring of the Serpent","Astrolabe"],"picked":"Busted Crown"}],"items_purged_floors":[14,22],"is_endless":false,"potions_floor_spawned":[1,4,7,13,23],"killed_by":"Gremlin Leader","ascension_level":2}