{"path_per_floor":[null,"M","M","?","M","M","R","E","R","T","M","E","R","?","M","R","B",null,"M","?","$","M","M","E","?","E","T","$","E","$","R","M","R","B",null,"M","T","?","?","M"],"character_chosen":"THE_SILENT","items_purchased":["Tools of the Trade","Panache","Footwork"],"gold_per_floor":[99,115,127,202,218,232,232,262,262,332,349,379,379,379,390,390,485,485,500,500,76,86,106,140,65,95,170,70,95,15,15,32,32,134,134,154,206,206,206,224],"floor_reached":37,"campfire_rested":2,"playtime":2599,"current_hp_per_floor":[70,70,70,59,59,59,59,46,46,46,46,34,34,34,34,34,34,70,70,70,70,62,44,44,44,27,27,27,12,12,33,22,43,22,70,70,70,70,70,54],"items_purged":["Strike_G","Defend_G"],"gold":224,"play_id":"5127d3f8-ef4f-4c82-897a-c38c11132416","is_prod":false,"is_daily":false,"campfire_rituals":0,"campfire_upgraded":2,"is_hardmode":false,"path_taken":["M","M","?","M","?","R","E","R","T","M","E","R","?","M","R","BOSS","M","?","$","?","M","E","?","E","T","$","E","$","R","M","R","BOSS","M","?","?","?","M","E"],"build_version":"2018-01-11-PROD2","purchased_purges":2,"victory":false,"master_deck":["Defend_G","Defend_G","Defend_G","Defend_G","Strike_G","Survivor","Neutralize","Dagger Throw","Deadly Poison","Bouncing Flask","Noxious Fumes","Escape Plan","Poisoned Stab","Footwork","Well Laid Plans","Wraith Form","Tools of the Trade","Panache","Noxious Fumes","Adrenaline","Footwork","After Image","Writhe","Flechettes"],"max_hp_per_floor":[70,70,70,70,70,70,70,70,70,70,70,70,70,70,70,70,70,70,70,70,70,70,70,70,70,70,70,70,70,70,70,70,70,70,70,70,70,70,70,70],"relics":["Ring of the Snake","Lantern","Shovel","Bag of Preparation","Mummified Hand","Shuriken","Oddly Smooth Stone","Black Star","Ninja Scroll","Happy Flower","Molten Egg","Dodecahedron","Paper Crane","Tiny Chest","Vajra","Orichalcum","Cursed Key","Snake Skull"],"campfire_meditates":0,"card_choices":[{"not_picked":["Quick Slash","Dodge and Roll"],"picked":"Dagger Throw"},{"not_picked":["Bane","Leg Sweep"],"picked":"Deadly Poison"},{"not_picked":["Bane","Backflip"],"picked":"Bouncing Flask"},{"not_picked":["Endless Agony","Bane"],"picked":"Noxious Fumes"},{"not_picked":["Footwork","Dagger Throw"],"picked":"Escape Plan"},{"not_picked":["Deadly Poison","Cloak And Dagger"],"picked":"Poisoned Stab"},{"not_picked":["Riddle With Holes","Escape Plan"],"picked":"Well Laid Plans"},{"not_picked":["Glass Knife","After Image"],"picked":"Wraith Form"},{"not_picked":["Underhanded Strike","Terror"],"picked":"Noxious Fumes"},{"not_picked":["Quick Slash","Accuracy"],"picked":"Adrenaline"},{"not_picked":["Corpse Explosion","Wraith Form"],"picked":"After Image"},{"not_picked":["Dagger Spray","Deflect"],"picked":"Flechettes"}],"player_experience":286607,"potions_floor_usage":[25,28,30],"damage_taken":[{"damage":0.0,"enemies":"Cultist","floor":16.0,"turns":4.0},{"damage":0.0,"enemies":"Jaw Worm","floor":16.0,"turns":6.0},{"damage":0.0,"enemies":"Blue Slaver","floor":16.0,"turns":8.0},{"damage":0.0,"enemies":"Exordium Wildlife","floor":16.0,"turns":9.0},{"damage":0.0,"enemies":"3 Sentries","floor":16.0,"turns":13.0},{"damage":0.0,"enemies":"Red Slaver","floor":16.0,"turns":13.0},{"damage":0.0,"enemies":"Lagavulin","floor":16.0,"turns":16.0},{"damage":0.0,"enemies":"3 Louse","floor":16.0,"turns":17.0},{"damage":0.0,"enemies":"Slime Boss","floor":16.0,"turns":23.0},{"damage":0.0,"enemies":"Spheric Guardian","floor":18.0,"turns":3.0},{"damage":8.0,"enemies":"2 Thieves","floor":21.0,"turns":4.0},{"damage":18.0,"enemies":"3 Cultists","floor":22.0,"turns":5.0},{"damage":15.0,"enemies":"Book of Stabbing","floor":23.0,"turns":5.0},{"damage":17.0,"enemies":"Slavers","floor":25.0,"turns":4.0},{"damage":0,"enemies":"Gremlin Leader","floor":25,"turns":5},{"damage":11,"enemies":"Snake Plant","floor":28,"turns":3},{"damage":21,"enemies":"Collector","floor":30,"turns":7},{"damage":0,"enemies":"Orb Walker","floor":32,"turns":3},{"damage":16,"enemies":"3 Shapes","floor":36,"turns":5},{"damage":55,"enemies":"2 Orb Walkers","floor":37,"turns":4}],"event_choices":[{"event_name":"World of Goop","player_choice":"Gather Gold","floor":16.0,"damage_taken":0.0},{"event_name":"Transmorgrifier","player_choice":"Transform","floor":16.0,"damage_taken":0.0},{"event_name":"Wheel of Change","player_choice":"Relic","floor":19.0,"damage_taken":0.0},{"event_name":"Beggar","player_choice":"Gave Gold","floor":24.0,"damage_taken":0.0},{"event_name":"Tomb of Lord Red Mask","player_choice":"Ignored","floor":34,"damage_taken":0}],"boss_relics":[{"not_picked":["Astrolabe","Snecko Eye"],"picked":"Cursed Key"}],"potions_floor_spawned":[16,16,16,16,16,16,16,16,18,25,25,28],"seed_played":"-998597935813609246","killed_by":"2 Orb Walkers","is_trial":false}