{"gold_per_floor":[119,135,285,65,65,100,100,143,212,212,285,304,342,362,362,458,458,474,497,497,518,149,192,192,227,252,252,267,267,301,317,317,411,411,429,454,195,195,68,68,81,81,106,149,195,218,46,61,61,61],"floor_reached":51,"playtime":2001,"items_purged":["Doubt","Streamline","Beam Cell"],"score":1500,"play_id":"ee353230-1ea0-4eb3-88ec-45a19725ea52","local_time":"20190201195540","is_ascension_mode":true,"campfire_choices":[{"data":"Coolheaded","floor":7,"key":"SMITH"},{"floor":10,"key":"REST"},{"data":"Defragment","floor":15,"key":"SMITH"},{"data":"Loop","floor":24,"key":"SMITH"},{"data":"Capacitor","floor":29,"key":"SMITH"},{"floor":32,"key":"REST"},{"data":"Electrodynamics","floor":40,"key":"SMITH"},{"data":"Biased Cognition","floor":42,"key":"SMITH"},{"floor":49,"key":"REST"}],"neow_cost":"NONE","seed_source_timestamp":537579753789077,"circlet_count":0,"master_deck":["AscendersBane","Zap","Dualcast","Ball Lightning","Electrodynamics+1","Coolheaded+1","Glacier","Defragment+1","Coolheaded+1","Darkness+1","Coolheaded+1","Reinforced Body+1","Biased Cognition+1","Self Repair","Reinforced Body+1","Darkness+1","Steam Power+1","Barrage","Ball Lightning","Steam+1","Coolheaded+1","Defragment+1","Loop+1","Capacitor+1","Hologram+1","Seek+1","Conserve Battery+1","Coolheaded+1","Amplify+1","Force Field+1","Echo Form","Reinforced Body+1","Hologram+1"],"relics":["Cracked Core","Happy Flower","Golden Idol","Juzu Bracelet","Pen Nib","Toxic Egg 2","Tiny Chest","Odd Mushroom","Pandora\u0027s Box","DollysMirror","Blood Vial","Matryoshka","Orichalcum","Art of War","Smiling Mask","Inserter","Blue Candle","DataDisk","Question Card","Boot"],"potions_floor_usage":[13,14,16,23,25,30,44,50,50],"damage_taken":[{"damage":6,"enemies":"2 Louse","floor":1,"turns":2},{"damage":7,"enemies":"Small Slimes","floor":2,"turns":3},{"damage":34,"enemies":"Gremlin Nob","floor":6,"turns":5},{"damage":15,"enemies":"Lagavulin","floor":8,"turns":8},{"damage":17,"enemies":"3 Sentries","floor":11,"turns":4},{"damage":7,"enemies":"Jaw Worm","floor":12,"turns":2},{"damage":5,"enemies":"The Mushroom Lair","floor":13,"turns":3},{"damage":0,"enemies":"Red Slaver","floor":14,"turns":3},{"damage":0,"enemies":"Slime Boss","floor":16,"turns":7},{"damage":4,"enemies":"Spheric Guardian","floor":18,"turns":3},{"damage":12,"enemies":"Chosen","floor":19,"turns":4},{"damage":0,"enemies":"3 Cultists","floor":21,"turns":2},{"damage":7,"enemies":"Slavers","floor":23,"turns":4},{"damage":45,"enemies":"Gremlin Leader","floor":25,"turns":4},{"damage":4,"enemies":"Cultist and Chosen","floor":28,"turns":4},{"damage":25,"enemies":"Slavers","floor":30,"turns":5},{"damage":11,"enemies":"Shelled Parasite and Fungi","floor":31,"turns":7},{"damage":8,"enemies":"Champ","floor":33,"turns":7},{"damage":4,"enemies":"Orb Walker","floor":35,"turns":4},{"damage":1,"enemies":"3 Shapes","floor":36,"turns":4},{"damage":2,"enemies":"Spire Growth","floor":41,"turns":6},{"damage":68,"enemies":"Reptomancer","floor":44,"turns":6},{"damage":1,"enemies":"3 Darklings","floor":46,"turns":4},{"damage":16,"enemies":"4 Shapes","floor":48,"turns":3},{"damage":27,"enemies":"Donu and Deca","floor":50,"turns":8}],"seed_played":"-1282327835118073608","potions_obtained":[{"floor":2,"key":"Dexterity Potion"},{"floor":6,"key":"Weak Potion"},{"floor":11,"key":"Fire Potion"},{"floor":13,"key":"Poison Potion"},{"floor":16,"key":"FearPotion"},{"floor":18,"key":"SkillPotion"},{"floor":21,"key":"Fire Potion"},{"floor":23,"key":"SkillPotion"},{"floor":28,"key":"Dexterity Potion"},{"floor":44,"key":"SkillPotion"}],"is_trial":false,"path_per_floor":["M","M","?","$","?","E","R","E","T","R","E","M","?","M","R","B",null,"M","M","?","M","$","E","R","E","T","?","M","R","E","M","R","B",null,"M","M","$","?","$","R","M","R","T","E","T","M","$","M","R","B",null],"character_chosen":"DEFECT","items_purchased":["Happy Flower","Coolheaded","DollysMirror","Loop","PowerPotion","Amplify+1","Force Field+1","Echo Form","Reinforced Body+1"],"campfire_rested":3,"item_purchase_floors":[4,4,22,22,37,37,39,47,47],"current_hp_per_floor":[65,58,58,58,58,24,24,9,9,30,13,6,1,1,1,1,54,57,52,71,71,71,71,71,33,33,81,81,81,56,54,78,79,81,77,81,81,81,81,81,81,81,81,13,13,28,28,21,45,20],"gold":61,"neow_bonus":"TEN_PERCENT_HP_BONUS","is_prod":false,"is_daily":false,"chose_seed":false,"campfire_upgraded":6,"win_rate":0,"timestamp":1549050940,"path_taken":["M","M","?","$","?","E","R","E","T","R","E","M","?","M","R","BOSS","M","M","?","M","$","E","R","E","T","?","M","R","E","M","R","BOSS","M","M","$","?","?","R","M","R","T","E","?","M","$","M","R","BOSS"],"build_version":"2019-01-23","purchased_purges":3,"victory":true,"max_hp_per_floor":[78,78,78,78,71,71,71,71,71,71,71,71,71,71,71,71,71,71,71,71,71,71,71,71,71,71,81,81,81,81,81,81,81,81,81,81,81,81,81,81,81,81,81,81,81,81,81,81,81,81],"card_choices":[{"not_picked":["Compile Driver","Stack"],"picked":"Ball Lightning","floor":1},{"not_picked":["Compile Driver","Tempest"],"picked":"Electrodynamics","floor":2},{"not_picked":["Consume","Barrage"],"picked":"Glacier","floor":6},{"not_picked":["Steam Power","Undo"],"picked":"Defragment","floor":8},{"not_picked":["Compile Driver","Conserve Battery+1"],"picked":"Coolheaded+1","floor":11},{"not_picked":["Sweeping Beam","Beam Cell"],"picked":"Darkness+1","floor":12},{"not_picked":["Scrape","Redo+1"],"picked":"Coolheaded+1","floor":13},{"not_picked":["Coolheaded+1","Undo+1"],"picked":"Reinforced Body+1","floor":14},{"not_picked":["All For One","Fission+1"],"picked":"Biased Cognition","floor":16},{"not_picked":["Compile Driver","Aggregate+1"],"picked":"Steam+1","floor":18},{"not_picked":["Doom and Gloom","Undo+1"],"picked":"Coolheaded+1","floor":19},{"not_picked":["Streamline","Cold Snap","Beam Cell"],"picked":"SKIP","floor":21},{"not_picked":["Sunder","Compile Driver"],"picked":"Biased Cognition","floor":23},{"not_picked":["Sweeping Beam","Tempest+1","Cold Snap"],"picked":"SKIP","floor":25},{"not_picked":["Heatsinks","Rebound"],"picked":"Capacitor","floor":28},{"not_picked":["Chaos+1","Skim+1","Rip and Tear"],"picked":"SKIP","floor":30},{"not_picked":["Double Energy+1","Rebound"],"picked":"Hologram+1","floor":31},{"not_picked":["Biased Cognition","Reboot+1"],"picked":"Seek+1","floor":33},{"not_picked":["Leap+1","Streamline"],"picked":"Conserve Battery+1","floor":35},{"not_picked":["Redo+1","Sweeping Beam"],"picked":"Coolheaded+1","floor":36},{"not_picked":["Rebound+1","Gash","Sweeping Beam"],"picked":"SKIP","floor":41},{"not_picked":["Compile Driver+1","Hyperbeam","Thunder Strike"],"picked":"SKIP","floor":44},{"not_picked":["Sweeping Beam+1","Ball Lightning","Go for the Eyes","Stack+1"],"picked":"SKIP","floor":46},{"not_picked":["Coolheaded+1","Compile Driver","Leap+1"],"picked":"Hologram+1","floor":48}],"player_experience":178077,"relics_obtained":[{"floor":6,"key":"Juzu Bracelet"},{"floor":8,"key":"Pen Nib"},{"floor":9,"key":"Toxic Egg 2"},{"floor":11,"key":"Tiny Chest"},{"floor":13,"key":"Odd Mushroom"},{"floor":23,"key":"Blood Vial"},{"floor":25,"key":"Matryoshka"},{"floor":26,"key":"Orichalcum"},{"floor":26,"key":"Art of War"},{"floor":30,"key":"Smiling Mask"},{"floor":43,"key":"Blue Candle"},{"floor":43,"key":"DataDisk"},{"floor":44,"key":"Question Card"},{"floor":45,"key":"Boot"}],"event_choices":[{"damage_healed":0,"gold_gain":150,"player_choice":"AGREE","damage_taken":0,"max_hp_gain":0,"max_hp_loss":0,"event_name":"Liars Game","floor":3,"gold_loss":0,"cards_obtained":["Doubt"]},{"damage_healed":0,"gold_gain":0,"player_choice":"Lose Max HP","damage_taken":0,"relics_obtained":["Golden Idol"],"max_hp_gain":0,"max_hp_loss":7,"event_name":"Golden Idol","floor":5,"gold_loss":0},{"damage_healed":0,"gold_gain":0,"player_choice":"Fought Mushrooms","damage_taken":0,"max_hp_gain":0,"max_hp_loss":0,"event_name":"Mushrooms","floor":13,"gold_loss":0},{"damage_healed":19,"gold_gain":0,"player_choice":"Full Heal","damage_taken":0,"max_hp_gain":0,"max_hp_loss":0,"event_name":"Wheel of Change","floor":20,"gold_loss":0},{"cards_removed":["Biased Cognition"],"damage_healed":38,"gold_gain":0,"player_choice":"Offered Rare","damage_taken":0,"max_hp_gain":10,"max_hp_loss":0,"event_name":"Bonfire Elementals","floor":27,"gold_loss":0},{"damage_healed":0,"gold_gain":0,"player_choice":"Got Potions","damage_taken":0,"max_hp_gain":0,"max_hp_loss":0,"event_name":"Lab","floor":38,"gold_loss":0}],"is_beta":false,"boss_relics":[{"not_picked":["Runic Dome","FrozenCore"],"picked":"Pandora\u0027s Box"},{"not_picked":["Sozu","Eternal Feather"],"picked":"Inserter"}],"items_purged_floors":[22,37,39],"is_endless":false,"potions_floor_spawned":[2,6,11,13,16,18,21,23,28,44,46,48],"ascension_level":16}