{"gold_per_floor":[14,28,47,59,11,11,11,11,11,44,44,44,70,80,80,179,179,196,214,314,314,333,333],"floor_reached":23,"playtime":704,"items_purged":[],"score":402,"play_id":"df63d20c-b7f3-4ef3-a3bb-94a314f5b998","local_time":"20190114225650","is_ascension_mode":true,"campfire_choices":[{"data":"Rip and Tear","floor":6,"key":"SMITH"},{"data":"Zap","floor":11,"key":"SMITH"},{"data":"Dualcast","floor":15,"key":"SMITH"}],"neow_cost":"NO_GOLD","seed_source_timestamp":788614855941061,"circlet_count":0,"master_deck":["AscendersBane","Strike_B","Strike_B","Strike_B","Defend_B","Defend_B","Defend_B","Defend_B","Zap+1","Dualcast+1","Ball Lightning","Cold Snap","Hologram","Rip and Tear+1","Cold Snap","Auto Shields","Cold Snap","Electrodynamics","Chill+1","Ball Lightning+1","Coolheaded+1","Cold Snap+1"],"relics":["Cracked Core","Nunchaku","Meat on the Bone","Regal Pillow","Ancient Tea Set","Cables","Black Star","Du-Vu Doll","Matryoshka","Juzu Bracelet","Gremlin Horn"],"potions_floor_usage":[14,16,16,20,20,23],"damage_taken":[{"damage":1,"enemies":"2 Louse","floor":1,"turns":3},{"damage":7,"enemies":"Small Slimes","floor":2,"turns":2},{"damage":0,"enemies":"Cultist","floor":3,"turns":3},{"damage":0,"enemies":"2 Fungi Beasts","floor":4,"turns":3},{"damage":31,"enemies":"3 Sentries","floor":10,"turns":6},{"damage":4,"enemies":"Gremlin Nob","floor":13,"turns":3},{"damage":16,"enemies":"Exordium Wildlife","floor":14,"turns":3},{"damage":0,"enemies":"Slime Boss","floor":16,"turns":7},{"damage":23,"enemies":"2 Thieves","floor":18,"turns":4},{"damage":0,"enemies":"Spheric Guardian","floor":19,"turns":3},{"damage":16,"enemies":"Colosseum Slavers","floor":20,"turns":3},{"damage":30,"enemies":"Colosseum Nobs","floor":20,"turns":4},{"damage":11,"enemies":"Centurion and Healer","floor":22,"turns":4},{"damage":23,"enemies":"Book of Stabbing","floor":23,"turns":5}],"seed_played":"-5748914204204529885","potions_obtained":[{"floor":1,"key":"Energy Potion"},{"floor":4,"key":"Weak Potion"},{"floor":13,"key":"Dexterity Potion"},{"floor":18,"key":"Weak Potion"},{"floor":19,"key":"Ancient Potion"},{"floor":22,"key":"EssenceOfSteel"}],"is_trial":false,"path_per_floor":["M","M","M","M","$","R","?","?","T","E","R","?","E","M","R","B",null,"M","M","?","T","M","E"],"character_chosen":"DEFECT","items_purchased":["Strength Potion"],"campfire_rested":0,"item_purchase_floors":[5],"current_hp_per_floor":[67,60,60,60,60,60,57,57,57,38,38,38,46,42,42,42,67,44,44,22,22,23,0],"gold":333,"neow_bonus":"ONE_RARE_RELIC","is_prod":false,"is_daily":false,"chose_seed":false,"campfire_upgraded":3,"win_rate":0,"timestamp":1547506610,"path_taken":["M","M","M","M","$","R","?","?","T","E","R","?","E","M","R","BOSS","M","?","?","?","M","E"],"build_version":"2019-01-10","purchased_purges":0,"victory":false,"max_hp_per_floor":[75,75,75,75,75,75,75,75,75,75,75,75,75,75,75,75,75,75,75,75,75,75,75],"card_choices":[{"not_picked":["Darkness","Beam Cell"],"picked":"Ball Lightning","floor":1},{"not_picked":["Compile Driver","Streamline"],"picked":"Cold Snap","floor":2},{"not_picked":["Streamline","Redo"],"picked":"Hologram","floor":3},{"not_picked":["Compile Driver","Self Repair"],"picked":"Rip and Tear","floor":4},{"not_picked":["Genetic Algorithm","Streamline"],"picked":"Cold Snap","floor":10},{"not_picked":["Tempest","Thunder Strike"],"picked":"Auto Shields","floor":13},{"not_picked":["Stack","Chaos"],"picked":"Cold Snap","floor":14},{"not_picked":["Reboot","Creative AI"],"picked":"Electrodynamics","floor":16},{"not_picked":["Coolheaded+1","Hologram+1"],"picked":"Chill+1","floor":18},{"not_picked":["Heatsinks","Streamline+1"],"picked":"Ball Lightning+1","floor":19},{"not_picked":["Sweeping Beam","Go for the Eyes"],"picked":"Coolheaded+1","floor":20},{"not_picked":["Turbo+1","FTL"],"picked":"Cold Snap+1","floor":22}],"player_experience":103881,"relics_obtained":[{"floor":9,"key":"Regal Pillow"},{"floor":10,"key":"Ancient Tea Set"},{"floor":13,"key":"Cables"},{"floor":20,"key":"Du-Vu Doll"},{"floor":20,"key":"Matryoshka"},{"floor":21,"key":"Juzu Bracelet"},{"floor":21,"key":"Gremlin Horn"}],"event_choices":[{"damage_healed":0,"gold_gain":0,"player_choice":"Success","damage_taken":3,"relics_obtained":["Meat on the Bone"],"max_hp_gain":0,"max_hp_loss":0,"event_name":"Scrap Ooze","floor":7,"gold_loss":0},{"damage_healed":0,"gold_gain":0,"player_choice":"Leave","damage_taken":0,"max_hp_gain":0,"max_hp_loss":0,"event_name":"The Cleric","floor":8,"gold_loss":0},{"cards_removed":["Strike_B"],"damage_healed":0,"gold_gain":0,"player_choice":"Offered Basic","damage_taken":0,"max_hp_gain":0,"max_hp_loss":0,"event_name":"Bonfire Elementals","floor":12,"gold_loss":0},{"damage_healed":0,"gold_gain":0,"player_choice":"Fight","damage_taken":0,"max_hp_gain":0,"max_hp_loss":0,"event_name":"Colosseum","floor":20,"gold_loss":0},{"damage_healed":0,"gold_gain":0,"player_choice":"Fought Nobs","damage_taken":0,"max_hp_gain":0,"max_hp_loss":0,"event_name":"Colosseum","floor":20,"gold_loss":0}],"is_beta":false,"boss_relics":[{"not_picked":["Orrery","FrozenCore"],"picked":"Black Star"}],"items_purged_floors":[],"is_endless":false,"potions_floor_spawned":[1,4,13,18,19,22],"killed_by":"Book of Stabbing","ascension_level":10}