{"path_per_floor":["M","?","M","$","M","R","E","M","T","?","M","E","?","M","R","B",null,"M","?","M","?","?","M","E","$","T","R","$","M","R","M","R","B",null,"M","M","M","?","?","R","$","M","T"],"character_chosen":"IRONCLAD","items_purchased":["Spot Weakness","Flash of Steel"],"gold_per_floor":[112,112,130,15,33,33,63,82,82,82,98,141,216,241,241,370,370,386,386,410,335,335,353,387,387,387,387,180,194,194,212,212,310,310,325,335,351,351,403,403,278,298,298],"floor_reached":44,"campfire_rested":0,"playtime":2368,"current_hp_per_floor":[80,80,75,75,76,76,56,54,54,38,44,50,39,45,45,51,80,78,78,79,79,79,72,65,65,65,65,65,65,65,65,65,43,80,80,80,58,78,66,74,74,17,17],"items_purged":["Strike_R","Regret","Writhe"],"gold":298,"play_id":"7769b5ca-ffe6-4e64-a4ec-62abe4655acb","is_prod":false,"is_daily":false,"campfire_rituals":0,"campfire_upgraded":6,"is_hardmode":false,"path_taken":["M","?","M","?","M","R","E","M","T","?","M","E","?","?","R","BOSS","M","?","M","?","?","M","E","?","T","R","$","M","R","M","R","BOSS","M","M","M","?","?","R","$","?","T","M"],"build_version":"2018-01-04-PROD1","purchased_purges":3,"victory":false,"master_deck":["Strike_R","Strike_R","Strike_R","Defend_R","Defend_R","Defend_R","Bash","Clash","Clash","Spot Weakness","Rampage","Clash","Pommel Strike","Pommel Strike","Headbutt","Double Tap","Shrug It Off","Dual Wield","Flash of Steel","Shrug It Off","Limit Break","Clumsy","Disarm"],"max_hp_per_floor":[80,80,80,80,80,80,80,80,80,80,80,80,80,80,80,80,80,80,80,80,80,80,80,80,80,80,80,80,80,80,80,80,80,80,80,80,80,80,94,94,94,94,94],"relics":["Burning Blood","Pen Nib","Bloody Idol","Whetstone","Cursed Key","Kunai","Toolbox","Ice Cream","Eternal Feather","Mango"],"campfire_meditates":0,"card_choices":[{"not_picked":["Warcry","Heavy Blade"],"picked":"Clash"},{"not_picked":["Anger","Flame Barrier"],"picked":"Clash"},{"not_picked":["Burning Pact","Searing Blow"],"picked":"Rampage"},{"not_picked":["Heavy Blade","Body Slam"],"picked":"Clash"},{"not_picked":["Second Wind","Metallicize"],"picked":"Pommel Strike"},{"not_picked":["Rage","True Grit"],"picked":"Pommel Strike"},{"not_picked":["Evolve","Power Through"],"picked":"Headbutt"},{"not_picked":["Feed","Juggernaut"],"picked":"Double Tap"},{"not_picked":["Perfected Strike","Anger"],"picked":"Shrug It Off"},{"not_picked":["Clothesline","Havoc"],"picked":"Dual Wield"},{"not_picked":["Wild Strike","Iron Wave"],"picked":"Shrug It Off"},{"not_picked":["Fiend Fire","Juggernaut"],"picked":"Limit Break"},{"not_picked":["Corruption","Entrench"],"picked":"Disarm"}],"player_experience":203728,"potions_floor_usage":[11,23,24,24,35,37,39,44],"damage_taken":[{"damage":1,"enemies":"Cultist","floor":1,"turns":4},{"damage":11,"enemies":"Jaw Worm","floor":3,"turns":2},{"damage":5,"enemies":"Small Slimes","floor":5,"turns":2},{"damage":26,"enemies":"Lagavulin","floor":7,"turns":6},{"damage":8,"enemies":"Exordium Thugs","floor":8,"turns":3},{"damage":0,"enemies":"3 Louse","floor":11,"turns":3},{"damage":0,"enemies":"Gremlin Nob","floor":12,"turns":2},{"damage":0,"enemies":"Large Slime","floor":14,"turns":1},{"damage":0,"enemies":"Slime Boss","floor":16,"turns":6},{"damage":8,"enemies":"Chosen","floor":18,"turns":4},{"damage":5,"enemies":"2 Thieves","floor":20,"turns":3},{"damage":18,"enemies":"Snecko","floor":23,"turns":5},{"damage":18,"enemies":"Gremlin Leader","floor":24,"turns":4},{"damage":11,"enemies":"Centurion and Healer","floor":29,"turns":3},{"damage":11,"enemies":"Snake Plant","floor":31,"turns":2},{"damage":33,"enemies":"Automaton","floor":33,"turns":5},{"damage":8,"enemies":"3 Darklings","floor":35,"turns":3},{"damage":0,"enemies":"Orb Walker","floor":36,"turns":2},{"damage":33,"enemies":"4 Shapes","floor":37,"turns":4},{"damage":37,"enemies":"Mysterious Sphere","floor":39,"turns":5},{"damage":68,"enemies":"Maw","floor":42,"turns":8},{"damage":26,"enemies":"3 Darklings","floor":44,"turns":3}],"event_choices":[{"event_name":"Living Wall","player_choice":"Forget","floor":2,"damage_taken":0},{"event_name":"Golden Idol","player_choice":"Take Damage","floor":10,"damage_taken":0},{"event_name":"World of Goop","player_choice":"Gather Gold","floor":13,"damage_taken":0},{"event_name":"The Mausoleum","player_choice":"Yes","floor":19,"damage_taken":0},{"event_name":"Beggar","player_choice":"Gave Gold","floor":21,"damage_taken":0},{"event_name":"Forgotten Altar","player_choice":"Gave Idol","floor":22,"damage_taken":0},{"event_name":"Winding Halls","player_choice":"Writhe","floor":38,"damage_taken":0},{"event_name":"Mysterious Sphere","player_choice":"Fight","floor":39,"damage_taken":0}],"boss_relics":[{"not_picked":["Ectoplasm","Tiny House"],"picked":"Cursed Key"},{"not_picked":["Calling Bell","Orrery"],"picked":"Eternal Feather"}],"potions_floor_spawned":[7,11,16,18,20,33,35,36,42],"seed_played":"-1341334338148532609","killed_by":"3 Darklings","is_trial":false}