{"gold_per_floor":[119,75,89,89,239,239,164,164,164,89,101,127,127,145,145,224,224,241,254,254,273,273,307,307,307],"floor_reached":25,"playtime":775,"items_purged":["Regret"],"score":427,"play_id":"3aca5aa8-ecfe-44f3-b9c7-8a9269e60967","local_time":"20180915125325","is_ascension_mode":true,"campfire_choices":[{"data":"Hemokinesis","floor":6,"key":"SMITH"},{"data":"Bash","floor":13,"key":"SMITH"},{"data":"Carnage","floor":15,"key":"SMITH"},{"floor":24,"key":"REST"}],"neow_cost":"NONE","seed_source_timestamp":84516683901017,"circlet_count":0,"master_deck":["Strike_R","Strike_R","Strike_R","Strike_R","Defend_R","Defend_R","Defend_R","Defend_R","Bash+1","AscendersBane","Searing Blow","Ghostly Armor","Hemokinesis+1","Carnage+1","Reckless Charge","Metallicize","Immolate","Blood for Blood","Decay","Brutality"],"relics":["Burning Blood","Lantern","Red Skull","Paper Frog","Philosopher\u0027s Stone","Calipers"],"potions_floor_usage":[23,23,25],"damage_taken":[{"damage":1,"enemies":"Cultist","floor":1,"turns":3},{"damage":3,"enemies":"2 Louse","floor":3,"turns":4},{"damage":4,"enemies":"Jaw Worm","floor":11,"turns":3},{"damage":10,"enemies":"Gremlin Nob","floor":12,"turns":3},{"damage":8,"enemies":"Blue Slaver","floor":14,"turns":2},{"damage":46,"enemies":"Slime Boss","floor":16,"turns":8},{"damage":39,"enemies":"Shell Parasite","floor":18,"turns":4},{"damage":10,"enemies":"Spheric Guardian","floor":19,"turns":3},{"damage":24,"enemies":"Shelled Parasite and Fungi","floor":21,"turns":2},{"damage":19,"enemies":"Book of Stabbing","floor":23,"turns":2},{"damage":41,"enemies":"Masked Bandits","floor":25,"turns":3}],"seed_played":"-6002296149985269096","potions_obtained":[{"floor":3,"key":"SpeedPotion"},{"floor":12,"key":"FearPotion"},{"floor":16,"key":"GamblersBrew"},{"floor":19,"key":"PowerPotion"},{"floor":23,"key":"Strength Potion"}],"is_trial":false,"path_per_floor":["M","$","M","?","?","R","?","?","T","$","M","E","R","M","R","B",null,"M","M","?","M","?","E","R"],"character_chosen":"IRONCLAD","items_purchased":["Hemokinesis"],"campfire_rested":1,"item_purchase_floors":[2],"current_hp_per_floor":[73,73,75,75,75,75,75,75,75,75,75,71,71,69,69,29,64,31,27,27,9,24,11,33,0],"gold":307,"neow_bonus":"THREE_CARDS","is_prod":false,"is_daily":false,"chose_seed":false,"campfire_upgraded":3,"win_rate":0,"timestamp":1537012405,"path_taken":["M","$","M","?","?","R","?","?","T","?","?","E","R","M","R","BOSS","M","M","?","M","?","E","R","?"],"build_version":"2018-09-06","purchased_purges":1,"victory":false,"max_hp_per_floor":[75,75,75,75,75,75,75,75,75,75,75,75,75,75,75,75,75,75,75,75,75,75,75,75,75],"card_choices":[{"not_picked":["Heavy Blade","Clash"],"picked":"Searing Blow","floor":0},{"not_picked":["Perfected Strike","Body Slam"],"picked":"Ghostly Armor","floor":1},{"not_picked":["Armaments","Wild Strike"],"picked":"Carnage","floor":3},{"not_picked":["Evolve","Iron Wave","Headbutt"],"picked":"SKIP","floor":11},{"not_picked":["Hemokinesis","Shrug It Off"],"picked":"Reckless Charge","floor":12},{"not_picked":["Hemokinesis","Sword Boomerang"],"picked":"Metallicize","floor":14},{"not_picked":["Offering","Feed"],"picked":"Immolate","floor":16},{"not_picked":["Shrug It Off","Cleave"],"picked":"Blood for Blood","floor":18},{"not_picked":["Rampage","Carnage","Clash+1"],"picked":"SKIP","floor":19},{"not_picked":["Flame Barrier","True Grit","Iron Wave+1"],"picked":"SKIP","floor":21},{"not_picked":["Ghostly Armor","Corruption"],"picked":"Brutality","floor":23}],"player_experience":360300,"relics_obtained":[{"floor":9,"key":"Red Skull"},{"floor":12,"key":"Paper Frog"},{"floor":23,"key":"Calipers"}],"event_choices":[{"event_name":"Living Wall","player_choice":"Forget","floor":4,"damage_taken":0},{"event_name":"Liars Game","player_choice":"agreed","floor":5,"damage_taken":0},{"event_name":"The Cleric","player_choice":"Card Removal","floor":7,"damage_taken":0},{"event_name":"Big Fish","player_choice":"Box","floor":8,"damage_taken":0},{"event_name":"Forgotten Altar","player_choice":"Smashed Altar","floor":20,"damage_taken":0},{"event_name":"The Library","player_choice":"Heal","floor":22,"damage_taken":0},{"event_name":"Masked Bandits","player_choice":"Fought Bandits","floor":25,"damage_taken":0}],"is_beta":false,"boss_relics":[{"not_picked":["Coffee Dripper","Fusion Hammer"],"picked":"Philosopher\u0027s Stone"}],"items_purged_floors":[10],"is_endless":false,"potions_floor_spawned":[3,12,16,19,21,23],"killed_by":"Masked Bandits","ascension_level":19}