{"path_per_floor":["M","?","M","?","?","R","M","E","T","M","R","?","R","M","R"],"character_chosen":"IRONCLAD","items_purchased":[],"gold_per_floor":[113,113,125,200,150,150,168,198,198,210,210,210,210,220,220],"floor_reached":16,"campfire_rested":0,"playtime":639,"current_hp_per_floor":[80,80,80,69,69,69,69,52,52,51,51,56,56,62,62],"items_purged":[],"gold":220,"score":105,"play_id":"2f0f88ed-5e28-498b-bea8-cb9ee1447d4a","is_prod":false,"is_daily":false,"is_ascension_mode":true,"campfire_upgraded":4,"path_taken":["M","?","M","?","?","R","M","E","T","M","R","?","R","M","R","BOSS"],"build_version":"2018-02-08-BETA1","purchased_purges":0,"victory":false,"master_deck":["Strike_R","Strike_R","Strike_R","Strike_R","Defend_R","Defend_R","Defend_R","Defend_R","Bash+1","Shrug It Off+1","Perfected Strike+1","Pommel Strike","Headbutt","Inflame+1","Sentinel","Ghostly Armor+1"],"max_hp_per_floor":[80,80,80,80,80,80,80,80,80,80,80,85,85,85,85],"relics":["Burning Blood","Prayer Wheel","Charon\u0027s Ashes"],"card_choices":[{"not_picked":["Body Slam","Headbutt"],"picked":"Shrug It Off"},{"not_picked":["Infernal Blade","Feel No Pain"],"picked":"Perfected Strike"},{"not_picked":["Power Through","Disarm"],"picked":"Pommel Strike"},{"not_picked":["True Grit","Cleave"],"picked":"Headbutt"},{"not_picked":["Cleave","Shrug It Off"],"picked":"Inflame"},{"not_picked":["True Grit","Iron Wave"],"picked":"Sentinel"},{"not_picked":["Searing Blow","Twin Strike"],"picked":"Ghostly Armor"}],"player_experience":141542,"potions_floor_usage":[],"damage_taken":[{"damage":5.0,"enemies":"2 Louse","floor":1.0,"turns":3.0},{"damage":2.0,"enemies":"Blue Slaver","floor":3.0,"turns":4.0},{"damage":6.0,"enemies":"Jaw Worm","floor":7.0,"turns":4.0},{"damage":23.0,"enemies":"3 Sentries","floor":8.0,"turns":10.0},{"damage":7,"enemies":"Exordium Wildlife","floor":10,"turns":5},{"damage":0,"enemies":"2 Fungi Beasts","floor":14,"turns":3},{"damage":21,"enemies":"The Guardian","floor":16,"turns":3}],"event_choices":[{"event_name":"Transmorgrifier","player_choice":"Transform","floor":2.0,"damage_taken":0.0},{"event_name":"World of Goop","player_choice":"Gather Gold","floor":4.0,"damage_taken":0.0},{"event_name":"The Cleric","player_choice":"Card Removal","floor":5.0,"damage_taken":0.0},{"event_name":"Big Fish","player_choice":"Donut","floor":12,"damage_taken":0}],"boss_relics":[],"potions_floor_spawned":[7,8,14],"seed_played":"5908712597992375326","killed_by":"The Guardian","ascension_level":1,"is_trial":false}