{"path_per_floor":["M","M","?","$","M","R","E","R","T","M","M","M","?","M","R","B",null,"M","M","M","M","M","$","R","?","T","R","M","M","E","?","R","B",null,"M","$","M","?","M","E","R","M","T","?","M","R","M","M","R"],"character_chosen":"THE_SILENT","items_purchased":["Bronze Scales","Blood Vial","Jack Of All Trades","Lantern"],"gold_per_floor":[114,129,79,79,94,94,124,124,149,164,179,194,194,213,213,338,338,357,376,395,414,433,31,31,31,106,106,125,144,182,82,82,207,207,226,76,95,428,443,473,473,488,538,538,553,553,568,583,583],"floor_reached":50,"campfire_rested":3,"playtime":2434,"current_hp_per_floor":[68,67,66,65,64,63,58,58,58,58,58,57,43,43,54,45,52,50,40,40,35,28,28,28,28,28,40,41,40,34,34,34,14,35,34,33,30,30,22,20,20,9,9,9,11,23,22,21,20],"items_purged":[],"gold":583,"score":552,"play_id":"34b5e14a-7401-47d0-b571-334a199912b0","local_time":"20180311005406","daily_mods":["Shiny","Uncertain Future","Terminal"],"is_prod":false,"is_daily":true,"is_ascension_mode":false,"campfire_upgraded":6,"timestamp":1520729646,"path_taken":["M","M","?","$","M","R","E","R","T","?","M","M","?","M","R","BOSS","M","M","M","M","M","$","R","?","T","R","M","?","E","?","R","BOSS","M","$","M","?","M","E","R","M","T","?","?","R","M","M","R","BOSS"],"build_version":"2018-03-09","purchased_purges":1,"victory":false,"master_deck":["Defend_G+1","Defend_G+1","Defend_G+1","Defend_G+1","Strike_G+1","Strike_G+1","Strike_G+1","Strike_G+1","Strike_G+1","Survivor","Neutralize+1","Die Die Die+1","Skewer","Adrenaline+1","Footwork+1","Envenom+1","Envenom+1","Riddle With Holes","Escape Plan","Infinite Blades+1","Jack Of All Trades","Caltrops","Burst","Blur","J.A.X.","Corpse Explosion","Bane+1","Noxious Fumes+1","Catalyst+1","Footwork+1","Adrenaline"],"max_hp_per_floor":[68,67,66,65,64,63,62,61,60,59,58,57,56,55,54,53,52,51,50,49,48,47,46,45,44,43,42,41,40,39,38,37,36,35,34,33,32,31,30,29,28,27,26,25,24,23,22,21,20],"relics":["Ring of the Snake","Anchor","Art of War","Sozu","Bronze Scales","Blood Vial","Mummified Hand","Snake Skull","Lizard Tail","Lantern","Regal Pillow","Ancient Tea Set"],"card_choices":[{"not_picked":["Poisoned Stab","Backflip"],"picked":"Skewer"},{"not_picked":["Backstab","Flying Knee"],"picked":"Adrenaline"},{"not_picked":["Underhanded Strike","Setup"],"picked":"Footwork"},{"not_picked":["Terror","Deadly Poison"],"picked":"Envenom"},{"not_picked":["Night Terror","Tactician"],"picked":"Envenom"},{"not_picked":["Accuracy","Flying Knee"],"picked":"Backflip"},{"not_picked":["Deadly Poison","PiercingWail"],"picked":"Riddle With Holes"},{"not_picked":["Bane","Backflip"],"picked":"Escape Plan"},{"not_picked":["Flying Knee","Acrobatics"],"picked":"Infinite Blades"},{"not_picked":["Choke","Bouncing Flask"],"picked":"Caltrops"},{"not_picked":["Dagger Throw","Poisoned Stab"],"picked":"Burst"},{"not_picked":["Quick Slash","Outmaneuver"],"picked":"Blur"},{"not_picked":["A Thousand Cuts","Glass Knife"],"picked":"Corpse Explosion"},{"not_picked":["Dagger Throw","Choke"],"picked":"Bane"},{"not_picked":["Sucker Punch","Skewer"],"picked":"Noxious Fumes"},{"not_picked":["Bullet Time","Dagger Throw"],"picked":"Catalyst"},{"not_picked":["Dodge and Roll","Slice"],"picked":"Footwork"},{"not_picked":["Acrobatics","Sucker Punch"],"picked":"Adrenaline"}],"player_experience":235627,"potions_floor_usage":[16,33,33,40],"damage_taken":[{"damage":0,"enemies":"Cultist","floor":1,"turns":4},{"damage":0,"enemies":"2 Louse","floor":2,"turns":2},{"damage":0,"enemies":"Small Slimes","floor":5,"turns":1},{"damage":5,"enemies":"Gremlin Nob","floor":7,"turns":4},{"damage":0,"enemies":"Gremlin Gang","floor":10,"turns":1},{"damage":0,"enemies":"Exordium Wildlife","floor":11,"turns":2},{"damage":0,"enemies":"Blue Slaver","floor":12,"turns":2},{"damage":0,"enemies":"Looter","floor":14,"turns":2},{"damage":9,"enemies":"Slime Boss","floor":16,"turns":11},{"damage":2,"enemies":"2 Thieves","floor":18,"turns":4},{"damage":10,"enemies":"Spheric Guardian","floor":19,"turns":4},{"damage":0,"enemies":"Centurion and Healer","floor":20,"turns":5},{"damage":5,"enemies":"Snake Plant","floor":21,"turns":5},{"damage":7,"enemies":"3 Cultists","floor":22,"turns":4},{"damage":0,"enemies":"Centurion and Healer","floor":28,"turns":4},{"damage":0,"enemies":"Snake Plant","floor":29,"turns":3},{"damage":6,"enemies":"Book of Stabbing","floor":30,"turns":4},{"damage":22,"enemies":"Automaton","floor":33,"turns":7},{"damage":0,"enemies":"Orb Walker","floor":35,"turns":2},{"damage":3,"enemies":"3 Darklings","floor":37,"turns":3},{"damage":9,"enemies":"4 Shapes","floor":39,"turns":5},{"damage":8,"enemies":"Giant Head","floor":40,"turns":6},{"damage":13,"enemies":"Maw","floor":42,"turns":5},{"damage":0,"enemies":"Sphere and 2 Shapes","floor":45,"turns":5},{"damage":0,"enemies":"3 Darklings","floor":47,"turns":4},{"damage":0,"enemies":"Maw","floor":48,"turns":5},{"damage":40,"enemies":"Donu and Deca","floor":50,"turns":5}],"event_choices":[{"event_name":"The Cleric","player_choice":"Card Removal","floor":3,"damage_taken":0},{"event_name":"Golden Idol","player_choice":"Take Damage","floor":13,"damage_taken":0},{"event_name":"Back to Basics","player_choice":"Simplicity","floor":25,"damage_taken":0},{"event_name":"Drug Dealer","player_choice":"Got JAXXED","floor":31,"damage_taken":0},{"event_name":"The Moai Head","player_choice":"Gave Idol","floor":38,"damage_taken":0}],"boss_relics":[{"not_picked":["Eternal Feather","Ectoplasm"],"picked":"Sozu"},{"not_picked":["Snecko Eye","The Specimen"],"picked":"Lizard Tail"}],"potions_floor_spawned":[1,5,11,12,16,20,28,29,30,33,39,42,48],"seed_played":"4792185374842203756","killed_by":"Donu and Deca","ascension_level":0,"is_trial":false}