{"gold_per_floor":[218,237,248,248,262,262,88,121,121,41,73,89,99,113,113,113],"floor_reached":16,"playtime":1062,"items_purged":["Strike_B","Strike_B"],"score":137,"play_id":"14a287a2-9170-47f8-994a-7526b0e50fd0","local_time":"20180801124624","is_ascension_mode":true,"campfire_choices":[{"data":"Zap","floor":6,"key":"SMITH"},{"floor":15,"key":"REST"}],"neow_cost":"NONE","seed_source_timestamp":404003243643554,"circlet_count":0,"master_deck":["Strike_B","Defend_B","Defend_B","Defend_B","Defend_B","Zap+1","Dualcast","Darkness","Cold Snap","Coolheaded","Cold Snap","Electrodynamics","Glacier"],"relics":["Cracked Core","The Courier","Letter Opener","Symbiotic Virus"],"potions_floor_usage":[5,8],"damage_taken":[{"damage":0,"enemies":"Small Slimes","floor":1,"turns":2},{"damage":2,"enemies":"Jaw Worm","floor":2,"turns":3},{"damage":5,"enemies":"2 Louse","floor":3,"turns":3},{"damage":0,"enemies":"Lots of Slimes","floor":5,"turns":1},{"damage":13,"enemies":"Lagavulin","floor":8,"turns":5},{"damage":7,"enemies":"3 Sentries","floor":11,"turns":7},{"damage":8,"enemies":"3 Louse","floor":12,"turns":2},{"damage":2,"enemies":"Looter","floor":13,"turns":3},{"damage":19,"enemies":"Exordium Wildlife","floor":14,"turns":2},{"damage":37,"enemies":"Hexaghost","floor":16,"turns":11}],"seed_played":"8661519628756954221","potions_obtained":[{"floor":1,"key":"SteroidPotion"},{"floor":3,"key":"Explosive Potion"},{"floor":11,"key":"Explosive Potion"},{"floor":12,"key":"FocusPotion"}],"is_trial":false,"path_per_floor":["M","M","M","?","M","R","$","E","T","$","E","M","M","M","R"],"character_chosen":"DEFECT","items_purchased":["Cold Snap","PowerPotion"],"campfire_rested":1,"item_purchase_floors":[7,7],"current_hp_per_floor":[75,73,68,61,61,61,61,48,48,48,41,33,31,12,34,0],"gold":113,"neow_bonus":"HUNDRED_GOLD","is_prod":false,"is_daily":false,"chose_seed":false,"campfire_upgraded":1,"win_rate":0,"timestamp":1533098784,"path_taken":["M","M","M","?","M","R","$","E","T","$","E","M","M","M","R","BOSS"],"build_version":"2018-07-26","purchased_purges":2,"victory":false,"max_hp_per_floor":[75,75,75,75,75,75,75,75,75,75,75,75,75,75,75,75],"card_choices":[{"not_picked":["Compile Driver","Go for the Eyes"],"picked":"Darkness","floor":1},{"not_picked":["Self Repair","Force Field"],"picked":"Cold Snap","floor":2},{"not_picked":["Self Repair","Steam Power","Hello World"],"picked":"SKIP","floor":3},{"not_picked":["Ball Lightning","Beam Cell"],"picked":"Coolheaded","floor":5},{"not_picked":["Coolheaded","Steam","Tempest"],"picked":"SKIP","floor":8},{"not_picked":["Conserve Battery","Sunder"],"picked":"Electrodynamics","floor":11},{"not_picked":["Barrage","Beam Cell","Rip and Tear"],"picked":"SKIP","floor":12},{"not_picked":["Chaos","Chill"],"picked":"Glacier","floor":13},{"not_picked":["Beam Cell","Sweeping Beam","Barrage"],"picked":"SKIP","floor":14}],"player_experience":230974,"relics_obtained":[{"floor":8,"key":"The Courier"},{"floor":9,"key":"Letter Opener"},{"floor":11,"key":"Symbiotic Virus"}],"event_choices":[{"event_name":"Golden Wing","player_choice":"Card Removal","floor":4,"damage_taken":0}],"is_beta":false,"boss_relics":[],"items_purged_floors":[7,10],"is_endless":false,"potions_floor_spawned":[1,3,11,12],"killed_by":"Hexaghost","ascension_level":4}