{"path_per_floor":["M","?","?","M","M","E","R","M","T","R","$","M","M","E","R","B",null,"M","$","M","?","?"],"character_chosen":"DEFECT","items_purchased":["Impulse"],"gold_per_floor":[115,115,115,134,148,182,182,193,245,245,146,159,171,202,202,298,328,341,291,311,311,311,311],"floor_reached":23,"campfire_rested":0,"playtime":629,"current_hp_per_floor":[68,68,68,67,67,67,67,65,65,65,65,60,60,53,53,53,73,64,64,38,38,22,0],"items_purged":["Strike_B","Strike_B"],"gold":311,"score":276,"play_id":"b5166e89-9b63-4b0f-975e-5fcb56ec87a8","local_time":"20180428112332","is_prod":false,"is_daily":false,"chose_seed":false,"is_ascension_mode":false,"campfire_upgraded":3,"timestamp":1524936212,"path_taken":["M","?","?","M","M","E","R","M","T","R","$","M","M","E","R","BOSS","M","$","M","?","?","E"],"build_version":"2018-04-27v3","seed_source_timestamp":229159696476816,"purchased_purges":2,"victory":false,"master_deck":["Defend_B","Defend_B","Defend_B","Defend_B","Zap","Dualcast","Rip and Tear","Doom and Gloom+1","Capacitor","Capacitor+1","Beam Cell","Rainbow+1","Impulse+1","Ball Lightning","Rebound","Ball Lightning","Redo","Rebound","Loop"],"max_hp_per_floor":[68,68,68,68,68,68,68,68,68,68,68,68,68,68,68,68,73,73,73,73,73,73,73],"relics":["Cracked Core","Thread and Needle","Smiling Mask","Prayer Wheel","Oddly Smooth Stone","Tiny House","Enchiridion"],"card_choices":[{"not_picked":["Force Field","Reprogram"],"picked":"Capacitor","floor":4},{"not_picked":["Conserve Battery","Hologram"],"picked":"Capacitor","floor":5},{"not_picked":["Scrape","Turbo"],"picked":"Beam Cell","floor":6},{"not_picked":["Stack","Hologram"],"picked":"Rainbow","floor":8},{"not_picked":["Beam Cell","Cold Snap"],"picked":"Ball Lightning","floor":12},{"not_picked":["Reprogram","Hologram"],"picked":"Rebound","floor":13},{"not_picked":["Rip and Tear","Leap"],"picked":"Ball Lightning","floor":14},{"not_picked":["Seek","Reboot"],"picked":"Redo","floor":16},{"not_picked":["Leap","Reprogram"],"picked":"Rebound","floor":17},{"not_picked":["Double Energy","Aggregate"],"picked":"Loop","floor":18}],"player_experience":356158,"potions_floor_usage":[6,6,16,18,18,23,23],"damage_taken":[{"damage":0,"enemies":"Small Slimes","floor":1,"turns":3},{"damage":1,"enemies":"Cultist","floor":4,"turns":3},{"damage":0,"enemies":"2 Louse","floor":5,"turns":2},{"damage":0,"enemies":"3 Sentries","floor":6,"turns":5},{"damage":2,"enemies":"Blue Slaver","floor":8,"turns":3},{"damage":5,"enemies":"Exordium Thugs","floor":12,"turns":3},{"damage":0,"enemies":"Looter","floor":13,"turns":3},{"damage":7,"enemies":"Gremlin Nob","floor":14,"turns":4},{"damage":0,"enemies":"Slime Boss","floor":16,"turns":4},{"damage":9,"enemies":"2 Thieves","floor":18,"turns":3},{"damage":26,"enemies":"Chosen","floor":20,"turns":4},{"damage":22,"enemies":"Slavers","floor":23,"turns":1}],"event_choices":[{"event_name":"Transmorgrifier","player_choice":"Transform","floor":2,"damage_taken":0},{"event_name":"Living Wall","player_choice":"Change","floor":3,"damage_taken":0},{"event_name":"Drug Dealer","player_choice":"Ignored","floor":21,"damage_taken":0},{"event_name":"Cursed Tome","player_choice":"Obtained Book","floor":22,"damage_taken":0}],"boss_relics":[{"not_picked":["Philosopher\u0027s Stone","Pandora\u0027s Box"],"picked":"Tiny House"}],"potions_floor_spawned":[4,5,8,12,14,20],"seed_played":"-7075083855770718763","killed_by":"Slavers","ascension_level":0,"is_trial":false}