{"gold_per_floor":[109,128,128,141,8,34,34,49,73,97,126,126,140,154,154,254,254,264,38,138,237,251,251,251],"floor_reached":24,"playtime":887,"items_purged":["Strike_G"],"score":258,"play_id":"cacdf327-932b-4103-ad8c-9513f525b48f","local_time":"20190112022517","is_ascension_mode":true,"campfire_choices":[{"data":"Dodge and Roll","floor":7,"key":"SMITH"},{"data":"Bouncing Flask","floor":15,"key":"SMITH"},{"floor":23,"key":"REST"}],"neow_cost":"NONE","seed_source_timestamp":1501319823830549,"circlet_count":0,"master_deck":["Defend_G","Defend_G","Defend_G","Defend_G","Strike_G","Strike_G","Strike_G","Survivor","Neutralize","Dodge and Roll+1","Slice","Corpse Explosion","Sucker Punch","Adrenaline","Poisoned Stab","Quick Slash","Bane","Deflect","Bouncing Flask+1","Bouncing Flask","PiercingWail"],"relics":["Ring of the Snake","NeowsBlessing","Pen Nib","Art of War","Snake Skull","Centennial Puzzle","Black Star","Tiny Chest","Calipers","Dodecahedron"],"potions_floor_usage":[14,20,20,24],"damage_taken":[{"damage":0,"enemies":"2 Louse","floor":1,"turns":1},{"damage":0,"enemies":"Cultist","floor":2,"turns":1},{"damage":0,"enemies":"Jaw Worm","floor":4,"turns":1},{"damage":1,"enemies":"3 Sentries","floor":6,"turns":3},{"damage":0,"enemies":"2 Fungi Beasts","floor":8,"turns":2},{"damage":17,"enemies":"Lagavulin","floor":11,"turns":4},{"damage":0,"enemies":"Exordium Thugs","floor":13,"turns":3},{"damage":2,"enemies":"Large Slime","floor":14,"turns":6},{"damage":14,"enemies":"The Guardian","floor":16,"turns":7},{"damage":0,"enemies":"Spheric Guardian","floor":18,"turns":3},{"damage":14,"enemies":"Colosseum Slavers","floor":20,"turns":2},{"damage":19,"enemies":"Colosseum Nobs","floor":20,"turns":3},{"damage":10,"enemies":"2 Thieves","floor":22,"turns":2},{"damage":51,"enemies":"Gremlin Leader","floor":24,"turns":8}],"seed_played":"8057823334229822389","potions_obtained":[{"floor":4,"key":"PowerPotion"},{"floor":13,"key":"Weak Potion"},{"floor":14,"key":"LiquidBronze"},{"floor":16,"key":"Block Potion"},{"floor":18,"key":"Explosive Potion"}],"is_trial":false,"path_per_floor":["M","M","?","M","$","E","R","M","T","T","E","?","M","M","R","B",null,"M","$","?","?","M","R","E"],"character_chosen":"THE_SILENT","items_purchased":["Adrenaline","Poisoned Stab","Tiny Chest","Bouncing Flask"],"campfire_rested":1,"item_purchase_floors":[5,5,19,19],"current_hp_per_floor":[70,70,70,70,70,69,69,69,69,69,52,52,52,50,50,36,62,62,62,29,29,19,40,0],"gold":251,"neow_bonus":"THREE_ENEMY_KILL","is_prod":false,"is_daily":false,"chose_seed":false,"campfire_upgraded":2,"win_rate":0,"timestamp":1547259917,"path_taken":["M","M","?","M","?","E","R","M","T","?","E","?","?","M","R","BOSS","M","$","?","?","M","R","E"],"build_version":"2019-01-10","purchased_purges":1,"victory":false,"max_hp_per_floor":[70,70,70,70,70,70,70,70,70,70,70,70,70,70,70,70,70,70,70,70,70,70,70,70],"card_choices":[{"not_picked":["Deflect","Calculated Gamble"],"picked":"Dodge and Roll","floor":1},{"not_picked":["Noxious Fumes","Poisoned Stab"],"picked":"Slice","floor":2},{"not_picked":["Dodge and Roll","Concentrate"],"picked":"Sucker Punch","floor":4},{"not_picked":["Caltrops","Slice"],"picked":"Quick Slash","floor":6},{"not_picked":["Backflip","Outmaneuver"],"picked":"Bane","floor":8},{"not_picked":["Dagger Spray","Reflex"],"picked":"Deflect","floor":11},{"not_picked":["Cloak And Dagger","Underhanded Strike","Slice"],"picked":"SKIP","floor":13},{"not_picked":["Flechettes","Sucker Punch"],"picked":"Bouncing Flask","floor":14},{"not_picked":["Underhanded Strike+1","Choke+1","Tactician"],"picked":"SKIP","floor":18},{"not_picked":["Dash","Leg Sweep"],"picked":"PiercingWail","floor":20},{"not_picked":["Blade Dance+1","Concentrate","Caltrops"],"picked":"SKIP","floor":22}],"player_experience":197529,"relics_obtained":[{"floor":6,"key":"Pen Nib"},{"floor":9,"key":"Art of War"},{"floor":10,"key":"Snake Skull"},{"floor":11,"key":"Centennial Puzzle"},{"floor":20,"key":"Calipers"},{"floor":20,"key":"Dodecahedron"}],"event_choices":[{"damage_healed":0,"gold_gain":0,"cards_transformed":["Strike_G"],"player_choice":"Transformed","damage_taken":0,"max_hp_gain":0,"max_hp_loss":0,"event_name":"Transmorgrifier","floor":3,"gold_loss":0,"cards_obtained":["Corpse Explosion"]},{"cards_removed":["Defend_G"],"damage_healed":0,"gold_gain":0,"player_choice":"Purged","damage_taken":0,"max_hp_gain":0,"max_hp_loss":0,"event_name":"Purifier","floor":12,"gold_loss":0},{"damage_healed":0,"gold_gain":0,"player_choice":"Fight","damage_taken":0,"max_hp_gain":0,"max_hp_loss":0,"event_name":"Colosseum","floor":20,"gold_loss":0},{"damage_healed":0,"gold_gain":0,"player_choice":"Fought Nobs","damage_taken":0,"max_hp_gain":0,"max_hp_loss":0,"event_name":"Colosseum","floor":20,"gold_loss":0},{"damage_healed":0,"gold_gain":99,"player_choice":"Stole From Cult","damage_taken":0,"max_hp_gain":0,"max_hp_loss":0,"event_name":"Nest","floor":21,"gold_loss":0}],"is_beta":false,"boss_relics":[{"not_picked":["Eternal Feather","Velvet Choker"],"picked":"Black Star"}],"items_purged_floors":[19],"is_endless":false,"potions_floor_spawned":[4,13,14,16,18,20],"killed_by":"Gremlin Leader","ascension_level":5}