{"path_per_floor":["M","?","M","M","?","E","R","E","T","T","R","$","?","M","R","B",null,"M","?","M"],"character_chosen":"DEFECT","items_purchased":["Shuriken","Auto Shields"],"gold_per_floor":[110,110,125,135,235,300,300,334,334,334,334,5,0,18,18,122,122,139,165,178,178],"floor_reached":21,"campfire_rested":1,"playtime":1003,"item_purchase_floors":[12,12],"current_hp_per_floor":[64,57,56,55,55,38,60,45,45,45,45,45,45,43,43,26,63,46,8,1,0],"items_purged":[],"gold":178,"score":234,"play_id":"d3d6474c-eb27-40b4-a0c3-fefbb434157b","local_time":"20180618131456","is_prod":false,"is_daily":false,"chose_seed":false,"is_ascension_mode":true,"campfire_upgraded":0,"win_rate":0,"timestamp":1529324096,"campfire_choices":[{"floor":7,"key":"REST"},{"data":"1","floor":11,"key":"LIFT"},{"data":"2","floor":15,"key":"LIFT"}],"path_taken":["M","?","?","M","?","E","R","E","T","?","R","?","?","M","R","BOSS","M","?","?","?"],"build_version":"2018-06-14v2","seed_source_timestamp":0,"purchased_purges":0,"victory":false,"master_deck":["Strike_B","Strike_B","Strike_B","Strike_B","Defend_B","Defend_B","Defend_B","Defend_B","Zap","Static Discharge","Ball Lightning","Barrage","Recycle","Auto Shields","Melter","Core Surge","Gash"],"max_hp_per_floor":[75,75,75,75,75,75,75,75,75,75,75,75,75,75,75,75,75,75,75,75,75],"special_seed":0,"relics":["White Beast Statue","Tiny Chest","Torii","Bottled Lightning","Girya","Shuriken","Fusion Hammer","Red Mask"],"card_choices":[{"not_picked":["Go for the Eyes","Steam"],"picked":"Static Discharge","floor":1.0},{"not_picked":["Go for the Eyes","Rip and Tear"],"picked":"Ball Lightning","floor":3.0},{"not_picked":["Turbo","Doom and Gloom"],"picked":"Barrage","floor":4.0},{"not_picked":["Cold Snap","Reinforced Body"],"picked":"Recycle","floor":6},{"not_picked":["Barrage","Redo","Hello World"],"picked":"SKIP","floor":8},{"not_picked":["Barrage","Capacitor"],"picked":"Melter","floor":14},{"not_picked":["Hyperbeam","Seek"],"picked":"Core Surge","floor":16},{"not_picked":["Compile Driver","Recycle"],"picked":"Gash","floor":18},{"not_picked":["Turbo","Conserve Battery","Force Field+1"],"picked":"SKIP","floor":20}],"player_experience":300609,"potions_floor_usage":[6,8,16,16,19,19,20,20,21],"damage_taken":[{"damage":11.0,"enemies":"Small Slimes","floor":1.0,"turns":4.0},{"damage":1.0,"enemies":"2 Louse","floor":3.0,"turns":4.0},{"damage":1.0,"enemies":"Cultist","floor":4.0,"turns":3.0},{"damage":17,"enemies":"3 Sentries","floor":6,"turns":6},{"damage":15,"enemies":"Gremlin Nob","floor":8,"turns":4},{"damage":2,"enemies":"Red Slaver","floor":14,"turns":5},{"damage":32,"enemies":"The Guardian","floor":16,"turns":7},{"damage":17,"enemies":"Shell Parasite","floor":18,"turns":5},{"damage":38,"floor":19,"turns":4},{"damage":7,"enemies":"Chosen","floor":20,"turns":4},{"damage":10,"enemies":"3 Cultists","floor":21,"turns":3}],"relics_obtained":[{"floor":6,"key":"Tiny Chest"},{"floor":8,"key":"Torii"},{"floor":9,"key":"Bottled Lightning"},{"floor":10,"key":"Girya"},{"floor":19,"key":"Red Mask"}],"event_choices":[{"event_name":"Golden Wing","player_choice":"Card Removal","floor":2.0,"damage_taken":0.0},{"event_name":"Golden Shrine","player_choice":"Pray","floor":5,"damage_taken":0},{"event_name":"World of Goop","player_choice":"Left","floor":13,"damage_taken":0},{"event_name":"Masked Bandits","player_choice":"Fought over 139 gold","floor":19,"damage_taken":0}],"boss_relics":[{"not_picked":["Pandora\u0027s Box","Tiny House"],"picked":"Fusion Hammer"}],"items_purged_floors":[],"is_endless":false,"potions_floor_spawned":[1,3,4,6,8,14,16,18,19,20],"seed_played":"-2753081562438403029","killed_by":"3 Cultists","ascension_level":5,"potions_obtained":[{"floor":1.0,"key":"SkillPotion"},{"floor":3.0,"key":"Weak Potion"},{"floor":4.0,"key":"Strength Potion"},{"floor":6,"key":"Regen Potion"},{"floor":8,"key":"Ancient Potion"},{"floor":14,"key":"Poison Potion"},{"floor":16,"key":"SkillPotion"},{"floor":18,"key":"GamblersBrew"},{"floor":19,"key":"GamblersBrew"},{"floor":20,"key":"Energy Potion"}],"is_trial":false}