{"path_per_floor":["M","?","$","M","?","E","R","E","T","R","$","E","M","M","R","B",null,"M","M","?","M","$","R","$","E","T","R","M","?","M","M","R"],"character_chosen":"DEFECT","items_purchased":["Ball Lightning","Defragment","FTL","Capacitor"],"gold_per_floor":[117,117,19,30,30,57,57,90,137,137,18,49,69,88,88,191,191,202,219,219,239,116,116,116,144,144,144,155,155,168,180,180,180],"floor_reached":33,"campfire_rested":5,"playtime":1188,"current_hp_per_floor":[70,70,70,60,53,32,54,41,41,63,63,70,70,69,69,46,75,59,55,55,41,41,63,63,26,26,48,37,37,37,27,49,0],"items_purged":["Injury","Strike_B"],"gold":180,"score":310,"play_id":"025ba01f-8d70-4bea-96d8-4f7847e6e130","local_time":"20180428105948","is_prod":false,"is_daily":false,"chose_seed":false,"is_ascension_mode":false,"campfire_upgraded":1,"timestamp":1524934788,"path_taken":["M","?","$","M","?","E","R","E","T","R","$","E","?","M","R","BOSS","M","M","?","M","$","R","?","E","T","R","M","?","?","M","R","BOSS"],"build_version":"2018-04-27v3","seed_source_timestamp":227175278903226,"purchased_purges":2,"victory":false,"master_deck":["Defend_B","Defend_B","Defend_B","Defend_B","Zap","Dualcast","Double Energy+1","Ball Lightning","Beam Cell","Leap","Self Repair","Defragment+1","FTL","Impulse+1","Conserve Battery+1","All For One","Storm","Capacitor","Beam Cell","Capacitor","Hello World","Buffer","Rebound","Barrage+1"],"max_hp_per_floor":[75,75,75,75,75,75,75,75,75,75,75,75,75,75,75,75,75,75,75,75,75,75,75,75,75,75,75,75,75,75,75,75,75],"relics":["Cracked Core","Orichalcum","Toxic Egg 2","Bag of Marbles","Turnip","Sozu","Lantern","Cables"],"card_choices":[{"not_picked":["Rebound","Stack"],"picked":"Double Energy","floor":1},{"not_picked":["Force Field","Skim"],"picked":"Beam Cell","floor":4},{"not_picked":["Hologram","Machine Learning"],"picked":"Leap","floor":6},{"not_picked":["Doom and Gloom","Beam Cell"],"picked":"Self Repair","floor":8},{"not_picked":["Barrage","Steam Power"],"picked":"Impulse","floor":12},{"not_picked":["Chaos","Aggregate"],"picked":"Conserve Battery","floor":14},{"not_picked":["Biased Cognition","Hyperbeam"],"picked":"All For One","floor":16},{"not_picked":["Blaster","Barrage"],"picked":"Storm","floor":18},{"not_picked":["Hologram","Hello World"],"picked":"Capacitor","floor":19},{"not_picked":["Self Repair","Sweeping Beam"],"picked":"Beam Cell","floor":21},{"not_picked":["Streamline","Glacier"],"picked":"Hello World","floor":25},{"not_picked":["Stack","Beam Cell"],"picked":"Buffer","floor":28},{"not_picked":["Axe Kick","Prime"],"picked":"Rebound","floor":30},{"not_picked":["Sweeping Beam","Axe Kick"],"picked":"Barrage","floor":31}],"player_experience":354361,"potions_floor_usage":[12,16,18],"damage_taken":[{"damage":5,"enemies":"Cultist","floor":1,"turns":4},{"damage":10,"enemies":"Small Slimes","floor":4,"turns":2},{"damage":21,"enemies":"Lagavulin","floor":6,"turns":6},{"damage":13,"enemies":"3 Sentries","floor":8,"turns":7},{"damage":0,"enemies":"Gremlin Nob","floor":12,"turns":3},{"damage":0,"enemies":"2 Louse","floor":13,"turns":2},{"damage":1,"enemies":"Looter","floor":14,"turns":3},{"damage":30,"enemies":"Hexaghost","floor":16,"turns":8},{"damage":23,"enemies":"3 Byrds","floor":18,"turns":5},{"damage":4,"enemies":"Chosen","floor":19,"turns":3},{"damage":21,"enemies":"Centurion and Healer","floor":21,"turns":6},{"damage":44,"enemies":"Slavers","floor":25,"turns":5},{"damage":18,"enemies":"Snecko","floor":28,"turns":4},{"damage":7,"enemies":"Snake Plant","floor":30,"turns":3},{"damage":17,"enemies":"Slaver and Parasite","floor":31,"turns":4},{"damage":54,"enemies":"Collector","floor":33,"turns":3}],"event_choices":[{"event_name":"Accursed Blacksmith","player_choice":"Forge","floor":2,"damage_taken":0},{"event_name":"Golden Wing","player_choice":"Card Removal","floor":5,"damage_taken":0},{"event_name":"Back to Basics","player_choice":"Elegance","floor":20,"damage_taken":0},{"event_name":"Purifier","player_choice":"One Purge","floor":29,"damage_taken":0}],"boss_relics":[{"not_picked":["Philosopher\u0027s Stone","Cursed Key"],"picked":"Sozu"}],"potions_floor_spawned":[6,13,16,19,21,25,30],"seed_played":"3887151929469598202","killed_by":"Collector","ascension_level":0,"is_trial":false}