{"gold_per_floor":[116,41,51,1,1,1,76,91,91,153,153,167,67,83,83,178,178,198,209,209,209,169,169,269,269,269,287,287,314,334,179,179,179],"floor_reached":33,"playtime":1320,"items_purged":["Defend_R","Strike_R"],"score":253,"play_id":"d777fec1-5a2d-4e36-897c-70734c2dc7ea","local_time":"20180913130216","is_ascension_mode":false,"campfire_choices":[{"data":"Perfected Strike","floor":6,"key":"SMITH"},{"data":"Bash","floor":11,"key":"SMITH"},{"data":"Flex","floor":15,"key":"SMITH"},{"data":"Thunderclap","floor":23,"key":"SMITH"},{"data":"Strike_R","floor":25,"key":"SMITH"},{"floor":28,"key":"REST"},{"data":"Pommel Strike","floor":32,"key":"SMITH"}],"neow_cost":"","seed_source_timestamp":2499907610585779,"circlet_count":0,"master_deck":["Strike_R","Strike_R+1","Strike_R+1","Strike_R","Defend_R+1","Defend_R+1","Bash+1","Perfected Strike+1","Thunderclap+1","Flex+1","Wild Strike+1","RitualDagger+1","Perfected Strike+1","Flex+1","Pommel Strike+1"],"relics":["Burning Blood","Blue Candle","Meat on the Bone","War Paint","Mark of Pain","Charon\u0027s Ashes","Frozen Egg 2","Darkstone Periapt","Du-Vu Doll","Vajra"],"potions_floor_usage":[24,24,29,33],"damage_taken":[{"damage":4,"enemies":"2 Louse","floor":1,"turns":4},{"damage":2,"enemies":"Small Slimes","floor":3,"turns":4},{"damage":6,"enemies":"Jaw Worm","floor":8,"turns":2},{"damage":26,"enemies":"3 Sentries","floor":10,"turns":8},{"damage":0,"enemies":"2 Fungi Beasts","floor":12,"turns":3},{"damage":4,"enemies":"Looter","floor":14,"turns":3},{"damage":60,"enemies":"The Guardian","floor":16,"turns":9},{"damage":14,"enemies":"2 Thieves","floor":18,"turns":3},{"damage":10,"enemies":"Spheric Guardian","floor":19,"turns":3},{"damage":24,"enemies":"Colosseum Slavers","floor":24,"turns":3},{"damage":20,"enemies":"Colosseum Nobs","floor":24,"turns":4},{"damage":17,"enemies":"Shelled Parasite and Fungi","floor":27,"turns":3},{"damage":4,"enemies":"Gremlin Leader","floor":29,"turns":4},{"damage":12,"enemies":"Cultist and Chosen","floor":30,"turns":4},{"damage":85,"enemies":"Automaton","floor":33,"turns":6}],"seed_played":"-5889224716092172108","potions_obtained":[{"floor":3,"key":"SteroidPotion"},{"floor":14,"key":"Dexterity Potion"},{"floor":16,"key":"PowerPotion"},{"floor":18,"key":"Fire Potion"},{"floor":24,"key":"Poison Potion"},{"floor":29,"key":"Dexterity Potion"}],"is_trial":false,"path_per_floor":["M","$","M","?","?","R","?","M","T","?","R","M","$","M","R","B",null,"M","M","?","?","?","R","?","R","T","M","R","E","M","$","R"],"character_chosen":"IRONCLAD","items_purchased":["Vajra"],"campfire_rested":1,"item_purchase_floors":[31],"current_hp_per_floor":[80,80,80,80,73,73,62,62,62,54,54,60,60,62,62,20,80,72,68,68,62,62,62,54,54,54,55,79,80,74,74,74,0],"gold":179,"neow_bonus":"","is_prod":false,"is_daily":false,"chose_seed":false,"campfire_upgraded":6,"win_rate":0,"timestamp":1536840136,"path_taken":["M","$","M","?","?","R","?","?","T","?","R","M","?","M","R","BOSS","M","M","?","?","?","R","?","R","T","M","R","E","M","$","R","BOSS"],"build_version":"2018-09-06","purchased_purges":2,"victory":false,"max_hp_per_floor":[80,80,80,80,80,80,80,80,80,80,80,80,80,80,80,80,80,80,80,80,80,80,80,80,80,80,80,80,80,80,80,80,80],"card_choices":[{"not_picked":["Body Slam","Havoc"],"picked":"Perfected Strike","floor":1},{"not_picked":["Sever Soul","Rage","Havoc"],"picked":"SKIP","floor":3},{"not_picked":["Cleave","Sever Soul"],"picked":"Thunderclap","floor":8},{"not_picked":["Heavy Blade","Anger"],"picked":"Flex","floor":12},{"not_picked":["Headbutt","Havoc","Sword Boomerang"],"picked":"SKIP","floor":14},{"not_picked":["Headbutt+1","Sword Boomerang+1"],"picked":"Wild Strike+1","floor":18},{"not_picked":["Wild Strike","Havoc","Reckless Charge+1"],"picked":"SKIP","floor":19},{"not_picked":["Armaments","Body Slam"],"picked":"Perfected Strike+1","floor":24},{"not_picked":["Warcry","Wild Strike"],"picked":"Flex+1","floor":27},{"not_picked":["Thunderclap+1","Dual Wield","Flex"],"picked":"SKIP","floor":29},{"not_picked":["Brutality+1","Combust+1"],"picked":"Pommel Strike","floor":30}],"player_experience":347886,"relics_obtained":[{"floor":9,"key":"Meat on the Bone"},{"floor":10,"key":"War Paint"},{"floor":24,"key":"Charon\u0027s Ashes"},{"floor":24,"key":"Frozen Egg 2"},{"floor":26,"key":"Darkstone Periapt"},{"floor":29,"key":"Du-Vu Doll"}],"event_choices":[{"event_name":"The Cleric","player_choice":"Card Removal","floor":4,"damage_taken":0},{"event_name":"Scrap Ooze","player_choice":"success","floor":5,"damage_taken":7},{"event_name":"World of Goop","player_choice":"Gather Gold","floor":7,"damage_taken":0},{"event_name":"Dead Adventurer","player_choice":"Searched \u00272\u0027 times","floor":10,"damage_taken":0},{"event_name":"Vampires","player_choice":"Ignored","floor":20,"damage_taken":0},{"event_name":"Nest","player_choice":"Joined the Cult","floor":21,"damage_taken":0},{"event_name":"Designer","player_choice":"Upgrade 2 Random Cards","floor":22,"damage_taken":0},{"event_name":"Colosseum","player_choice":"Fight","floor":24,"damage_taken":0},{"event_name":"Colosseum","player_choice":"Fought Nobs","floor":24,"damage_taken":0}],"is_beta":false,"boss_relics":[{"not_picked":["Empty Cage","White Beast Statue"],"picked":"Mark of Pain"}],"items_purged_floors":[2,13],"is_endless":false,"potions_floor_spawned":[3,14,16,18,24,24,29],"killed_by":"Automaton","ascension_level":0}