{"gold_per_floor":[116,116,291,140,158,190,205,233,256,1,21,48,61,78,78,78],"floor_reached":16,"playtime":592,"items_purged":["Doubt"],"score":243,"play_id":"57c2dbe8-4e6f-4e8c-9994-2c4c013fb0f2","local_time":"20190118205524","is_ascension_mode":true,"campfire_choices":[{"floor":15,"key":"REST"}],"neow_cost":"NONE","seed_source_timestamp":1127010497460874,"circlet_count":0,"master_deck":["AscendersBane","Defend_G","Defend_G","Defend_G","Defend_G","Defend_G","Strike_G","Strike_G","Strike_G","Strike_G","Strike_G+1","Survivor","Neutralize","Flechettes+1","Flechettes","Leg Sweep","Acrobatics","Backstab","Dagger Spray+1"],"relics":["Ring of the Snake","NeowsBlessing","Regal Pillow","Orichalcum","MawBank","OrangePellets","Whetstone"],"potions_floor_usage":[8,12,14,16,16],"damage_taken":[{"damage":0,"enemies":"2 Louse","floor":1,"turns":1},{"damage":0,"enemies":"Small Slimes","floor":5,"turns":1},{"damage":0,"enemies":"3 Sentries","floor":6,"turns":1},{"damage":2,"enemies":"Cultist","floor":7,"turns":4},{"damage":19,"enemies":"Gremlin Nob","floor":8,"turns":4},{"damage":7,"enemies":"Red Slaver","floor":11,"turns":6},{"damage":22,"enemies":"Lagavulin","floor":12,"turns":6},{"damage":0,"enemies":"Blue Slaver","floor":13,"turns":3},{"damage":0,"enemies":"Gremlin Gang","floor":14,"turns":3},{"damage":61,"enemies":"Slime Boss","floor":16,"turns":10}],"seed_played":"-4951345449287837020","potions_obtained":[{"floor":1,"key":"SteroidPotion"},{"floor":8,"key":"Poison Potion"},{"floor":13,"key":"Regen Potion"},{"floor":14,"key":"Dexterity Potion"}],"is_trial":false,"path_per_floor":["M","?","?","$","M","E","M","E","T","$","M","E","M","M","R","B"],"character_chosen":"THE_SILENT","items_purchased":["GhostInAJar","Flechettes","OrangePellets"],"campfire_rested":1,"item_purchase_floors":[4,4,10],"current_hp_per_floor":[63,63,63,63,63,63,61,42,42,42,35,13,13,22,58,0],"gold":78,"neow_bonus":"THREE_ENEMY_KILL","is_prod":false,"is_daily":false,"chose_seed":false,"campfire_upgraded":0,"win_rate":0,"timestamp":1547844924,"path_taken":["M","?","?","$","M","E","M","E","T","$","M","E","M","M","R","BOSS"],"build_version":"2019-01-17v2","purchased_purges":1,"victory":false,"max_hp_per_floor":[70,70,70,70,70,70,70,70,70,70,70,70,70,70,70,70],"card_choices":[{"not_picked":["Bane","Deflect"],"picked":"Flechettes","floor":1},{"not_picked":["Prepared","Eviscerate","Flying Knee"],"picked":"SKIP","floor":5},{"not_picked":["Accuracy","Catalyst"],"picked":"Leg Sweep","floor":6},{"not_picked":["Prepared","Heel Hook","Outmaneuver"],"picked":"SKIP","floor":7},{"not_picked":["Dodge and Roll","Bane","Acrobatics"],"picked":"SKIP","floor":8},{"not_picked":["Dodge and Roll","Bane"],"picked":"Acrobatics","floor":8},{"not_picked":["Infinite Blades","Sucker Punch"],"picked":"Backstab","floor":11},{"not_picked":["PiercingWail","Sucker Punch"],"picked":"Dagger Spray","floor":12},{"not_picked":["Outmaneuver","Poisoned Stab","Flying Knee"],"picked":"SKIP","floor":13},{"not_picked":["Blur","Night Terror","Dagger Throw"],"picked":"SKIP","floor":14}],"player_experience":138923,"relics_obtained":[{"floor":6,"key":"Regal Pillow"},{"floor":8,"key":"Orichalcum"},{"floor":9,"key":"MawBank"},{"floor":12,"key":"Whetstone"}],"event_choices":[{"damage_healed":0,"gold_gain":0,"player_choice":"Grow","damage_taken":0,"max_hp_gain":0,"max_hp_loss":0,"event_name":"Living Wall","floor":2,"gold_loss":0,"cards_upgraded":["Flechettes"]},{"damage_healed":0,"gold_gain":175,"player_choice":"AGREE","damage_taken":0,"max_hp_gain":0,"max_hp_loss":0,"event_name":"Liars Game","floor":3,"gold_loss":0,"cards_obtained":["Doubt"]}],"is_beta":false,"boss_relics":[],"items_purged_floors":[10],"is_endless":false,"potions_floor_spawned":[1,5,8,13,14],"killed_by":"Slime Boss","ascension_level":13}