{"gold_per_floor":[361,109,140,140,178,178,260,260,260,289,289,331,25,65,65,190,190,260,435,449,449,459,459,489,23,23,78,78,78,119,161,161,266,266,282,294,254,322,340,340,15,51,51,69,69,94,16,35,35,35],"floor_reached":50,"playtime":4692,"items_purged":["Strike_R","Strike_R"],"score":969,"play_id":"ee13b75b-dea8-4576-9375-da2c131e13ea","local_time":"20190423222127","is_ascension_mode":true,"campfire_choices":[{"data":"HandOfGreed","floor":6.0,"key":"SMITH"},{"floor":8.0,"key":"REST"},{"data":"Disarm","floor":11.0,"key":"SMITH"},{"data":"Disarm","floor":15.0,"key":"SMITH"},{"data":"Malaise","floor":23.0,"key":"SMITH"},{"floor":29.0,"key":"REST"},{"floor":32.0,"key":"REST"},{"data":"Limit Break","floor":40,"key":"SMITH"},{"data":"Disarm","floor":45,"key":"SMITH"},{"floor":49,"key":"REST"}],"neow_cost":"PERCENT_DAMAGE","seed_source_timestamp":0,"circlet_count":0,"master_deck":["Strike_R","Strike_R","Strike_R","Defend_R","Defend_R","Defend_R","Defend_R","Bash","Sever Soul","HandOfGreed+1","Ghostly Armor","Disarm+1","Flame Barrier","Inflame","Disarm+1","Terror","Malaise+1","PiercingWail+1","Dark Shackles","Havoc+1","Dash","Limit Break+1","Offering","Streamline+1","Setup+1","Self Repair","Disarm+1","Feed","Deflect+1","Armaments+1","Pommel Strike+1","Self Repair+1","Feel No Pain","Blade Dance+1","Shrug It Off","Inflame","Terror","Skim","Beam Cell+1","Reinforced Body+1"],"special_seed":0,"relics":["Burning Blood","Shovel","Champion Belt","Mango","PrismaticShard","Velvet Choker","Prayer Wheel","Sundial","Bronze Scales","Kunai","Question Card","The Courier","Lizard Tail","Incense Burner","Meat on the Bone","Happy Flower"],"potions_floor_usage":[35,35,38,38,46,46,50,50,50],"damage_taken":[{"damage":12.0,"enemies":"2 Louse","floor":1.0,"turns":4.0},{"damage":7.0,"enemies":"Jaw Worm","floor":3.0,"turns":2.0},{"damage":0.0,"enemies":"Small Slimes","floor":5.0,"turns":3.0},{"damage":45.0,"enemies":"3 Sentries","floor":7.0,"turns":9.0},{"damage":18.0,"enemies":"Lagavulin","floor":10.0,"turns":9.0},{"damage":0.0,"enemies":"Blue Slaver","floor":12.0,"turns":4.0},{"damage":5.0,"enemies":"Red Slaver","floor":14.0,"turns":4.0},{"damage":0.0,"enemies":"The Guardian","floor":16.0,"turns":13.0},{"damage":9.0,"enemies":"3 Byrds","floor":18.0,"turns":6.0},{"damage":2.0,"enemies":"Colosseum Slavers","floor":19.0,"turns":8.0},{"damage":23.0,"enemies":"Colosseum Nobs","floor":19.0,"turns":8.0},{"damage":0.0,"enemies":"Chosen","floor":20.0,"turns":6.0},{"damage":0.0,"enemies":"Snake Plant","floor":22.0,"turns":6.0},{"damage":0.0,"enemies":"Book of Stabbing","floor":24.0,"turns":7.0},{"damage":44.0,"enemies":"Slavers","floor":27.0,"turns":7.0},{"damage":0.0,"enemies":"Snecko","floor":30.0,"turns":7.0},{"damage":11.0,"enemies":"Shelled Parasite and Fungi","floor":31.0,"turns":7.0},{"damage":64.0,"enemies":"Champ","floor":33.0,"turns":17.0},{"damage":37,"enemies":"3 Darklings","floor":35,"turns":11},{"damage":38,"enemies":"3 Shapes","floor":36,"turns":10},{"damage":45,"enemies":"Jaw Worm Horde","floor":38,"turns":7},{"damage":16,"enemies":"Maw","floor":39,"turns":11},{"damage":47,"enemies":"Sphere and 2 Shapes","floor":42,"turns":12},{"damage":25,"enemies":"Writhing Mass","floor":44,"turns":8},{"damage":64,"enemies":"Reptomancer","floor":46,"turns":10},{"damage":11,"enemies":"Maw","floor":48,"turns":9},{"damage":109,"enemies":"Donu and Deca","floor":50,"turns":13}],"seed_played":"-6256825059759659566","potions_obtained":[{"floor":1.0,"key":"PowerPotion"},{"floor":12.0,"key":"SkillPotion"},{"floor":14.0,"key":"Block Potion"},{"floor":18.0,"key":"Explosive Potion"},{"floor":22.0,"key":"Dexterity Potion"},{"floor":24.0,"key":"PowerPotion"},{"floor":31.0,"key":"Explosive Potion"},{"floor":33.0,"key":"SkillPotion"},{"floor":37,"key":"Fruit Juice"},{"floor":37,"key":"LiquidBronze"},{"floor":37,"key":"SkillPotion"},{"floor":39,"key":"Weak Potion"},{"floor":46,"key":"Ancient Potion"}],"is_trial":false,"path_per_floor":["M","$","M","?","M","R","E","R","T","E","R","M","$","M","R","B",null,"M","?","M","?","M","R","E","$","T","E","?","R","M","M","R","B",null,"M","M","?","M","M","R","$","M","T","M","R","E","$","M","R","B"],"character_chosen":"IRONCLAD","items_purchased":["HandOfGreed","PrismaticShard","Kunai","Limit Break","Offering","Incense Burner","Shrug It Off","Inflame","Block Potion","Energy Potion"],"campfire_rested":4,"item_purchase_floors":[2,13,25,25,25,41,41,41,47,47],"current_hp_per_floor":[45,45,44,44,50,50,11,35,35,37,37,43,43,44,44,50,83,80,67,73,73,79,79,85,85,85,47,28,57,63,58,87,36,83,59,34,34,69,79,79,79,55,55,65,65,32,32,56,90,0],"gold":35,"neow_bonus":"TWO_FIFTY_GOLD","is_prod":false,"is_daily":false,"chose_seed":false,"campfire_upgraded":6,"win_rate":0,"timestamp":1556083287,"path_taken":["M","$","M","?","M","R","E","R","T","E","R","M","$","M","R","BOSS","M","?","M","?","M","R","E","$","T","E","?","R","M","M","R","BOSS","M","M","?","M","M","R","$","M","T","?","R","E","$","M","R","BOSS"],"build_version":"2019-01-23","purchased_purges":2,"victory":false,"max_hp_per_floor":[80,80,80,80,80,80,80,80,80,94,94,94,94,94,94,94,94,94,94,94,94,94,94,94,94,94,94,99,99,99,99,99,99,99,99,99,99,108,111,111,111,111,111,111,111,114,114,114,114,114],"card_choices":[{"not_picked":["Clothesline","Heavy Blade"],"picked":"Sever Soul","floor":1.0},{"not_picked":["Cleave","Pommel Strike"],"picked":"Ghostly Armor","floor":3.0},{"not_picked":["Sword Boomerang","Clothesline"],"picked":"Disarm","floor":5.0},{"not_picked":["Power Through","Pommel Strike"],"picked":"Flame Barrier","floor":7.0},{"not_picked":["Combust","Flame Barrier"],"picked":"Inflame","floor":10.0},{"not_picked":["Battle Trance","Wild Strike"],"picked":"Disarm","floor":12.0},{"not_picked":["Go for the Eyes","Hologram"],"picked":"Terror","floor":14.0},{"not_picked":["Apotheosis","Reaper"],"picked":"Malaise","floor":16.0},{"not_picked":["Gash+1","Slice"],"picked":"PiercingWail+1","floor":18.0},{"not_picked":["Rampage","Searing Blow"],"picked":"Dark Shackles","floor":19.0},{"not_picked":["Steam","Searing Blow","Carnage"],"picked":"SKIP","floor":20.0},{"not_picked":["Thunderclap+1","Barrage+1","Bane"],"picked":"SKIP","floor":20.0},{"not_picked":["Outmaneuver","Dodge and Roll"],"picked":"Havoc+1","floor":22.0},{"not_picked":["Deep Breath","Warcry"],"picked":"Dash","floor":22.0},{"not_picked":["Headbutt","Gash","Cleave"],"picked":"SKIP","floor":24.0},{"not_picked":["Dodge and Roll","Magnetism","Poisoned Stab","Blade Dance"],"picked":"SKIP","floor":27.0},{"not_picked":["Blind","Rebound","Go for the Eyes"],"picked":"Streamline+1","floor":30.0},{"not_picked":["Deflect","Dark Shackles","Intimidate"],"picked":"Setup+1","floor":30.0},{"not_picked":["Sucker Punch+1","Rebound","Clothesline+1"],"picked":"Self Repair","floor":31.0},{"not_picked":["Scrape+1","Deadly Poison","Mind Blast"],"picked":"Disarm","floor":31.0},{"not_picked":["Multi-Cast","Fiend Fire","Sadistic Nature"],"picked":"Feed","floor":33.0},{"not_picked":["Steam","Carnage","Slice"],"picked":"Deflect+1","floor":35},{"not_picked":["Steam","Deadly Poison","Swift Strike","Flechettes"],"picked":"SKIP","floor":35},{"not_picked":["Wild Strike+1","Hello World","Poisoned Stab"],"picked":"Armaments+1","floor":36},{"not_picked":["Twin Strike+1","Outmaneuver+1","PanicButton"],"picked":"Pommel Strike+1","floor":36},{"not_picked":["Burning Pact+1","Grand Finale","Redo+1"],"picked":"Self Repair+1","floor":38},{"not_picked":["Second Wind+1","Steam","Rupture"],"picked":"Feel No Pain","floor":38},{"not_picked":["Steam","Warcry+1","Sweeping Beam+1"],"picked":"Blade Dance+1","floor":39},{"not_picked":["Doom and Gloom+1","Hologram","Clash+1","Whirlwind"],"picked":"SKIP","floor":39},{"not_picked":["Warcry","Rebound","Dagger Spray+1"],"picked":"Terror","floor":42},{"not_picked":["Rage+1","Pommel Strike+1","Underhanded Strike+1","Ball Lightning+1"],"picked":"SKIP","floor":42},{"not_picked":["Rage+1","Pommel Strike+1","Underhanded Strike+1","Ball Lightning+1"],"picked":"SKIP","floor":42},{"not_picked":["Flex","Uppercut","Force Field"],"picked":"Skim","floor":44},{"not_picked":["Headbutt+1","Body Slam","Pommel Strike+1","Rebound"],"picked":"SKIP","floor":44},{"not_picked":["Feed","Blind","Acrobatics+1"],"picked":"Beam Cell+1","floor":46},{"not_picked":["Fusion+1","Dagger Throw+1","Gash+1"],"picked":"Reinforced Body+1","floor":48},{"not_picked":["Headbutt","Armaments","Rebound","Reckless Charge+1"],"picked":"SKIP","floor":48}],"player_experience":343291,"relics_obtained":[{"floor":7.0,"key":"Shovel"},{"floor":9.0,"key":"Champion Belt"},{"floor":10.0,"key":"Mango"},{"floor":19.0,"key":"Prayer Wheel"},{"floor":19.0,"key":"Sundial"},{"floor":24.0,"key":"Bronze Scales"},{"floor":26.0,"key":"Question Card"},{"floor":27.0,"key":"The Courier"},{"floor":43,"key":"Meat on the Bone"},{"floor":46,"key":"Happy Flower"}],"event_choices":[{"damage_healed":0.0,"max_hp_gain":0.0,"max_hp_loss":0.0,"gold_gain":0.0,"event_name":"Liars Game","player_choice":"Ignored","floor":4.0,"gold_loss":0.0,"damage_taken":0.0},{"damage_healed":0.0,"max_hp_gain":0.0,"max_hp_loss":0.0,"gold_gain":0.0,"event_name":"Colosseum","player_choice":"Fight","floor":19.0,"gold_loss":0.0,"damage_taken":0.0},{"damage_healed":0.0,"max_hp_gain":0.0,"max_hp_loss":0.0,"gold_gain":0.0,"event_name":"Colosseum","player_choice":"Fought Nobs","floor":19.0,"gold_loss":0.0,"damage_taken":0.0},{"damage_healed":0.0,"max_hp_gain":0.0,"max_hp_loss":0.0,"gold_gain":0.0,"event_name":"Ghosts","player_choice":"Ignored","floor":21.0,"gold_loss":0.0,"damage_taken":0.0},{"damage_healed":0.0,"max_hp_gain":5.0,"max_hp_loss":0.0,"gold_gain":0.0,"event_name":"Forgotten Altar","player_choice":"Shed Blood","floor":28.0,"gold_loss":0.0,"damage_taken":24.0},{"damage_healed":0,"gold_gain":0,"player_choice":"Bought 3 Potions","damage_taken":0,"max_hp_gain":0,"max_hp_loss":0,"event_name":"The Woman in Blue","floor":37,"gold_loss":0}],"is_beta":false,"boss_relics":[{"not_picked":["Mark of Pain","Runic Pyramid"],"picked":"Velvet Choker"},{"not_picked":["Coffee Dripper","Fusion Hammer"],"picked":"Lizard Tail"}],"items_purged_floors":[2,13],"is_endless":false,"potions_floor_spawned":[1,12,14,18,22,24,31,33,39,46],"killed_by":"Donu and Deca","ascension_level":9}