{"gold_per_floor":[114,114,133,133,283,313,325,352,352,25,51,51,65,65,65,155,155,179,179,179,204,204,238,238,263,263,278,4,4,25,45,45,143,143,161,176,195,116,135,135,135,135,188,209,233,248,3,19,19,19],"floor_reached":51,"playtime":2152,"items_purged":["Doubt"],"score":1403,"play_id":"a0668a6b-f9d5-49a9-b02b-c2055a3da5bd","local_time":"20190427193242","is_ascension_mode":true,"campfire_choices":[{"floor":12,"key":"REST"},{"floor":15,"key":"REST"},{"data":"Leg Sweep","floor":24,"key":"SMITH"},{"data":"Footwork","floor":32,"key":"SMITH"},{"data":"Night Terror","floor":40,"key":"SMITH"},{"data":"PiercingWail","floor":42,"key":"SMITH"},{"floor":49,"key":"REST"}],"neow_cost":"NONE","seed_source_timestamp":3478540785386584,"circlet_count":0,"master_deck":["AscendersBane","Defend_G+1","Defend_G+1","Defend_G+1","Defend_G+1","Defend_G+1","Strike_G+1","Strike_G+1","Strike_G+1","Strike_G+1","Strike_G+1","Survivor","Neutralize","Noxious Fumes+1","Sucker Punch","Dash","Leg Sweep+1","PiercingWail+1","Corpse Explosion","Backflip+1","Dash","Noxious Fumes+1","Footwork+1","Night Terror+1","Injury","Deflect"],"relics":["Ring of the Snake","NeowsBlessing","Blood Vial","War Paint","Mercury Hourglass","Happy Flower","Centennial Puzzle","Golden Idol","Calling Bell","Strawberry","Singing Bowl","Thread and Needle","Mummified Hand","Sundial","Pantograph","Cursed Key","Potion Belt","Membership Card"],"potions_floor_usage":[11,16,44,50,50,50],"damage_taken":[{"damage":0,"enemies":"2 Louse","floor":1,"turns":1},{"damage":0,"enemies":"Jaw Worm","floor":3,"turns":1},{"damage":0,"enemies":"3 Sentries","floor":6,"turns":1},{"damage":0,"enemies":"Cultist","floor":7,"turns":4},{"damage":31,"enemies":"Gremlin Nob","floor":11,"turns":5},{"damage":0,"enemies":"2 Fungi Beasts","floor":13,"turns":3},{"damage":30,"enemies":"The Guardian","floor":16,"turns":13},{"damage":3,"enemies":"Spheric Guardian","floor":18,"turns":5},{"damage":1,"enemies":"2 Thieves","floor":21,"turns":4},{"damage":1,"enemies":"Gremlin Leader","floor":23,"turns":9},{"damage":4,"enemies":"Centurion and Healer","floor":25,"turns":4},{"damage":0,"enemies":"Chosen and Byrds","floor":27,"turns":5},{"damage":7,"enemies":"Snake Plant","floor":30,"turns":5},{"damage":3,"enemies":"Shelled Parasite and Fungi","floor":31,"turns":6},{"damage":31,"enemies":"Collector","floor":33,"turns":9},{"damage":2,"enemies":"Orb Walker","floor":35,"turns":5},{"damage":0,"enemies":"3 Shapes","floor":36,"turns":3},{"damage":18,"enemies":"Jaw Worm Horde","floor":37,"turns":3},{"damage":11,"enemies":"Spire Growth","floor":39,"turns":8},{"damage":8,"enemies":"Transient","floor":44,"turns":6},{"damage":6,"enemies":"Sphere and 2 Shapes","floor":45,"turns":5},{"damage":18,"enemies":"Jaw Worm Horde","floor":46,"turns":4},{"damage":2,"enemies":"3 Darklings","floor":48,"turns":3},{"damage":30,"enemies":"Donu and Deca","floor":50,"turns":11}],"seed_played":"-7281886907423404331","potions_obtained":[{"floor":1,"key":"PowerPotion"},{"floor":6,"key":"SteroidPotion"},{"floor":11,"key":"PowerPotion"},{"floor":16,"key":"FairyPotion"},{"floor":18,"key":"FearPotion"},{"floor":39,"key":"Block Potion"},{"floor":44,"key":"SpeedPotion"},{"floor":46,"key":"Dexterity Potion"}],"is_trial":false,"path_per_floor":["M","?","M","?","?","E","M","T","T","$","E","R","M","?","R","B",null,"M","?","?","M","?","E","R","M","T","M","$","?","M","M","R","B",null,"M","M","M","$","M","R","?","R","T","M","M","M","$","M","R","B",null],"character_chosen":"THE_SILENT","items_purchased":["Happy Flower","Leg Sweep","Pantograph","GhostInAJar","Membership Card","Deflect"],"campfire_rested":3,"item_purchase_floors":[10,10,28,38,47,47],"current_hp_per_floor":[59,39,39,39,39,39,41,41,41,41,12,31,33,10,29,1,57,58,58,58,61,61,62,62,60,60,64,64,64,59,60,60,47,70,72,76,62,62,55,55,55,55,55,51,49,35,35,37,65,62],"gold":19,"neow_bonus":"THREE_ENEMY_KILL","is_prod":false,"is_daily":false,"chose_seed":false,"campfire_upgraded":4,"win_rate":0,"timestamp":1556389962,"path_taken":["M","?","M","?","?","E","M","?","T","$","E","R","?","?","R","BOSS","M","?","?","?","?","E","R","M","T","M","$","?","M","?","R","BOSS","M","M","M","$","M","R","?","R","T","M","M","M","$","M","R","BOSS"],"build_version":"2019-01-23","purchased_purges":1,"victory":true,"max_hp_per_floor":[66,66,66,66,66,66,66,66,66,66,66,66,66,66,66,66,73,75,75,72,74,74,74,74,74,74,76,76,76,76,78,78,78,78,80,82,84,84,86,86,86,86,86,88,90,92,92,94,94,94],"card_choices":[{"not_picked":["Endless Agony","Catalyst"],"picked":"Noxious Fumes","floor":1},{"not_picked":["Well Laid Plans","Eviscerate","Acrobatics"],"picked":"SKIP","floor":3},{"not_picked":["Underhanded Strike","Choke"],"picked":"Sucker Punch","floor":6},{"not_picked":["Blade Dance","Sucker Punch"],"picked":"Dash","floor":7},{"not_picked":["Caltrops","Predator"],"picked":"PiercingWail","floor":11},{"not_picked":["Slice","Quick Slash","Dagger Throw"],"picked":"SKIP","floor":13},{"not_picked":["Glass Knife","Envenom"],"picked":"Corpse Explosion","floor":16},{"not_picked":["Flying Knee","All Out Attack","Dodge and Roll"],"picked":"Singing Bowl","floor":18},{"not_picked":["Masterful Stab","Quick Slash","Tools of the Trade"],"picked":"Singing Bowl","floor":21},{"not_picked":["Cloak And Dagger","Acrobatics"],"picked":"Backflip+1","floor":23},{"not_picked":["Underhanded Strike","Acrobatics"],"picked":"Dash","floor":25},{"not_picked":["Dagger Throw","Outmaneuver+1","Poisoned Stab"],"picked":"Singing Bowl","floor":27},{"not_picked":["Crippling Poison","Phantasmal Killer"],"picked":"Footwork","floor":30},{"not_picked":["Escape Plan","Bane","Deflect"],"picked":"Singing Bowl","floor":31},{"not_picked":["Grand Finale","Glass Knife"],"picked":"Night Terror","floor":33},{"not_picked":["Heel Hook+1","Noxious Fumes","Sucker Punch+1"],"picked":"Singing Bowl","floor":35},{"not_picked":["Eviscerate","Heel Hook","Flying Knee"],"picked":"Singing Bowl","floor":36},{"not_picked":["Reflex","Riddle With Holes+1","Slice+1"],"picked":"Singing Bowl","floor":37},{"not_picked":["Dagger Spray+1","Skewer","Prepared"],"picked":"Singing Bowl","floor":39},{"not_picked":["Choke+1","Noxious Fumes+1","Concentrate"],"picked":"Singing Bowl","floor":44},{"not_picked":["Quick Slash","Bane+1","Prepared"],"picked":"Singing Bowl","floor":45},{"not_picked":["Distraction+1","Riddle With Holes","Catalyst"],"picked":"Singing Bowl","floor":46},{"not_picked":["Sucker Punch","Outmaneuver","Skewer"],"picked":"Singing Bowl","floor":48}],"player_experience":710806,"relics_obtained":[{"floor":6,"key":"Blood Vial"},{"floor":8,"key":"War Paint"},{"floor":9,"key":"Mercury Hourglass"},{"floor":11,"key":"Centennial Puzzle"},{"floor":17,"key":"Strawberry"},{"floor":17,"key":"Singing Bowl"},{"floor":17,"key":"Thread and Needle"},{"floor":23,"key":"Mummified Hand"},{"floor":26,"key":"Sundial"},{"floor":43,"key":"Potion Belt"}],"event_choices":[{"damage_healed":0,"gold_gain":0,"player_choice":"Entered Light","damage_taken":20,"max_hp_gain":0,"max_hp_loss":0,"event_name":"Shining Light","floor":2,"gold_loss":0,"cards_upgraded":["Defend_G","Strike_G"]},{"damage_healed":0,"gold_gain":0,"player_choice":"Grow","damage_taken":0,"max_hp_gain":0,"max_hp_loss":0,"event_name":"Living Wall","floor":4,"gold_loss":0,"cards_upgraded":["Noxious Fumes"]},{"damage_healed":0,"gold_gain":150,"player_choice":"AGREE","damage_taken":0,"max_hp_gain":0,"max_hp_loss":0,"event_name":"Liars Game","floor":5,"gold_loss":0,"cards_obtained":["Doubt"]},{"damage_healed":0,"gold_gain":0,"player_choice":"Take Damage","damage_taken":23,"relics_obtained":["Golden Idol"],"max_hp_gain":0,"max_hp_loss":0,"event_name":"Golden Idol","floor":14,"gold_loss":0},{"damage_healed":0,"gold_gain":0,"player_choice":"Simplicity","damage_taken":0,"max_hp_gain":0,"max_hp_loss":0,"event_name":"Back to Basics","floor":19,"gold_loss":0,"cards_upgraded":["Defend_G","Defend_G","Strike_G","Strike_G","Strike_G","Strike_G"]},{"cards_removed":["Clumsy","Parasite","Clumsy"],"damage_healed":0,"gold_gain":0,"player_choice":"Removed Curses","damage_taken":0,"max_hp_gain":0,"max_hp_loss":0,"event_name":"Fountain of Cleansing","floor":20,"gold_loss":0},{"damage_healed":0,"gold_gain":0,"player_choice":"Ignored","damage_taken":0,"max_hp_gain":0,"max_hp_loss":0,"event_name":"Ghosts","floor":22,"gold_loss":0},{"damage_healed":0,"gold_gain":0,"player_choice":"Copied","damage_taken":0,"max_hp_gain":0,"max_hp_loss":0,"event_name":"Duplicator","floor":29,"gold_loss":0,"cards_obtained":["Noxious Fumes"]},{"damage_healed":0,"gold_gain":0,"player_choice":"Ignored","damage_taken":0,"max_hp_gain":0,"max_hp_loss":0,"event_name":"Mysterious Sphere","floor":41,"gold_loss":0}],"is_beta":false,"boss_relics":[{"not_picked":["White Beast Statue","Lizard Tail"],"picked":"Calling Bell"},{"not_picked":["Pandora\u0027s Box","Runic Pyramid"],"picked":"Cursed Key"}],"items_purged_floors":[10],"is_endless":false,"potions_floor_spawned":[1,6,11,16,18,21,31,33,39,44,46],"ascension_level":19}