{"path_per_floor":["M","M","?","M","?","R","E","R","T","$","R","?","?","M","R","B",null,"M","?","?","M","M","E","M","R","T","M","?","R","M"],"character_chosen":"IRONCLAD","items_purchased":["Body Slam"],"gold_per_floor":[116,129,129,146,146,146,181,181,181,55,55,5,5,24,24,121,121,131,131,131,146,157,192,209,209,209,226,276,276,287],"floor_reached":31,"campfire_rested":4,"playtime":1816,"current_hp_per_floor":[80,80,80,80,80,80,64,64,64,64,80,80,73,78,80,45,80,80,80,80,80,77,32,13,43,43,24,24,54,18],"items_purged":["Strike_R"],"gold":287,"score":281,"play_id":"06c87529-bf78-4058-9827-21e03e6ce068","is_prod":false,"is_daily":false,"is_ascension_mode":true,"campfire_upgraded":2,"path_taken":["M","M","?","M","?","R","E","R","T","$","R","?","?","M","R","BOSS","M","?","?","?","M","E","M","R","T","M","?","R","M","M"],"build_version":"2018-02-15-PROD1","purchased_purges":1,"victory":false,"master_deck":["Strike_R","Defend_R","Defend_R","Defend_R","Defend_R","Bash+1","Flex","Cleave+1","Body Slam","Impervious","Panacea","Power Through","Metallicize+1","Barricade","Battle Trance"],"max_hp_per_floor":[80,80,80,80,80,80,80,80,80,80,80,80,80,80,80,80,80,80,80,80,80,80,80,80,80,80,80,80,80,80],"relics":["Burning Blood","NeowsBlessing","Self Forming Clay","Calipers","Dodecahedron","Eternal Feather","Pen Nib","Centennial Puzzle"],"card_choices":[{"not_picked":["Armaments","Pommel Strike"],"picked":"Flex"},{"not_picked":["Second Wind","Seeing Red"],"picked":"Cleave"},{"not_picked":["Dark Embrace","Fiend Fire"],"picked":"Impervious"},{"not_picked":["Dual Wield","Feel No Pain"],"picked":"Metallicize"},{"not_picked":["Spot Weakness","Burning Pact"],"picked":"Barricade"},{"not_picked":["Iron Wave","Cleave"],"picked":"Battle Trance"}],"player_experience":75836,"potions_floor_usage":[7,16,18,23,31],"damage_taken":[{"damage":0,"enemies":"2 Louse","floor":1,"turns":1},{"damage":0,"enemies":"Jaw Worm","floor":2,"turns":1},{"damage":0,"enemies":"Small Slimes","floor":4,"turns":1},{"damage":22,"enemies":"3 Sentries","floor":7,"turns":7},{"damage":1,"enemies":"Looter","floor":14,"turns":4},{"damage":41,"enemies":"The Guardian","floor":16,"turns":9},{"damage":0,"enemies":"Chosen","floor":18,"turns":3},{"damage":6,"enemies":"2 Thieves","floor":21,"turns":4},{"damage":9,"enemies":"Snecko","floor":22,"turns":4},{"damage":51,"enemies":"Book of Stabbing","floor":23,"turns":8},{"damage":25,"enemies":"Snake Plant","floor":24,"turns":9},{"damage":25,"enemies":"Centurion and Healer","floor":27,"turns":6},{"damage":42,"enemies":"Slaver and Parasite","floor":30,"turns":17},{"damage":21,"enemies":"Sentry and Sphere","floor":31,"turns":7}],"event_choices":[{"event_name":"Big Fish","player_choice":"Box","floor":3,"damage_taken":0},{"event_name":"Living Wall","player_choice":"Forget","floor":5,"damage_taken":0},{"event_name":"The Cleric","player_choice":"Card Removal","floor":12,"damage_taken":0},{"event_name":"Golden Wing","player_choice":"Card Removal","floor":13,"damage_taken":0},{"event_name":"Match and Keep!","player_choice":"1 cards matched","floor":19,"damage_taken":0},{"event_name":"Transmorgrifier","player_choice":"Transform","floor":20,"damage_taken":0},{"event_name":"The Joust","player_choice":"Bet on Murderer","floor":28,"damage_taken":0}],"boss_relics":[{"not_picked":["Cursed Key","Astrolabe"],"picked":"Eternal Feather"}],"potions_floor_spawned":[4,14,16,21,22,30],"seed_played":"3304969401303171438","killed_by":"Sentry and Sphere","ascension_level":2,"is_trial":false}