{"path_per_floor":["M","T","?","?","M","E","R","M","T","M","E","?","R","M","R","B",null,"M","M","$","?","M","R","E","R","T","E","M","?","$","T","R","B",null,"M","?","M","?","M","R","E","M","T","M","M","R","$","M","R","B"],"character_chosen":"IRONCLAD","items_purchased":["Inflame","Paper Frog","Regal Pillow","Block Potion","Block Potion"],"gold_per_floor":[111,111,111,286,298,325,325,342,342,360,391,391,391,404,404,509,509,526,537,384,284,298,298,327,327,327,384,402,327,75,101,101,203,233,247,297,314,314,325,325,351,371,396,407,417,417,76,91,91,91],"floor_reached":51,"campfire_rested":6,"playtime":2260,"current_hp_per_floor":[77,77,77,77,76,32,56,62,62,63,50,50,50,55,80,44,92,96,81,81,81,86,86,66,66,66,71,56,56,56,56,88,70,104,111,85,72,72,50,87,54,35,35,40,22,61,61,69,124,59],"items_purged":["Defend_R","Strike_R"],"gold":91,"score":1028,"play_id":"dd3be74c-b64d-4f37-8d41-c82c9b241a53","is_prod":false,"is_daily":false,"is_ascension_mode":true,"campfire_upgraded":3,"path_taken":["M","?","?","?","M","E","R","M","T","M","E","?","R","M","R","BOSS","M","M","$","?","M","R","E","R","T","E","M","?","$","?","R","BOSS","M","?","M","?","M","R","E","M","T","?","M","R","?","M","R","BOSS"],"build_version":"2018-02-22-PROD2","purchased_purges":2,"victory":true,"master_deck":["Strike_R","Strike_R","Strike_R","Strike_R","Defend_R+1","Defend_R+1","Defend_R+1","Bash","Parasite","Rampage+1","Doubt","Dual Wield","Twin Strike","Fiend Fire+1","Limit Break+1","Clumsy","Clumsy","Injury","Wild Strike+1","Twin Strike+1","Inflame","J.A.X.","Berserk","Evolve","Offering","Whirlwind+1","Heavy Blade","Warcry+1","Heavy Blade+1","Inflame+1"],"max_hp_per_floor":[80,80,80,80,80,80,80,80,80,80,82,82,82,84,84,84,102,102,102,102,102,104,104,106,106,106,108,108,108,108,108,108,108,113,115,115,117,117,117,119,121,121,121,123,125,127,127,127,129,129],"relics":["Burning Blood","Du-Vu Doll","Centennial Puzzle","Darkstone Periapt","Singing Bowl","Anchor","Calling Bell","Dream Catcher","Pen Nib","Bird Faced Urn","Ornamental Fan","War Paint","Tiny Chest","Paper Frog","Ancient Tea Set","Tiny House","Thread and Needle","Blood Vial","Bronze Scales","Regal Pillow"],"card_choices":[{"not_picked":["Headbutt","True Grit"],"picked":"Rampage"},{"not_picked":["Clothesline","Dark Embrace"],"picked":"Perfected Strike"},{"not_picked":["Sword Boomerang","Sever Soul"],"picked":"Dual Wield"},{"not_picked":["Dual Wield","Entrench"],"picked":"Twin Strike"},{"not_picked":["Flex","True Grit"],"picked":"Fiend Fire"},{"not_picked":["Fiend Fire","Reaper"],"picked":"Limit Break"},{"not_picked":["Shockwave","Clothesline"],"picked":"Wild Strike"},{"not_picked":["Clash","Shrug It Off"],"picked":"Twin Strike"},{"not_picked":["Dual Wield","Body Slam"],"picked":"Berserk"},{"not_picked":["Bloodletting","Hemokinesis"],"picked":"Evolve"},{"not_picked":["Impervious","Brutality"],"picked":"Offering"},{"not_picked":["Inflame","Power Through"],"picked":"Whirlwind"},{"not_picked":["Sentinel","Feel No Pain"],"picked":"Heavy Blade"},{"not_picked":["Spot Weakness","Wild Strike"],"picked":"Warcry"},{"not_picked":["Iron Wave","Anger"],"picked":"Heavy Blade"},{"not_picked":["Feel No Pain","Metallicize"],"picked":"Inflame"}],"player_experience":177705,"potions_floor_usage":[16,16,19,33,33,39,44,50,50,50],"damage_taken":[{"damage":1,"enemies":"Cultist","floor":1,"turns":3},{"damage":7,"enemies":"Jaw Worm","floor":5,"turns":3},{"damage":50,"enemies":"Lagavulin","floor":6,"turns":6},{"damage":0,"enemies":"2 Louse","floor":8,"turns":2},{"damage":5,"enemies":"2 Fungi Beasts","floor":10,"turns":3},{"damage":21,"enemies":"3 Sentries","floor":11,"turns":6},{"damage":3,"enemies":"Blue Slaver","floor":14,"turns":2},{"damage":42,"enemies":"Slime Boss","floor":16,"turns":9},{"damage":2,"enemies":"Shell Parasite","floor":18,"turns":2},{"damage":21,"enemies":"3 Byrds","floor":19,"turns":5},{"damage":3,"enemies":"Snake Plant","floor":22,"turns":1},{"damage":28,"enemies":"Book of Stabbing","floor":24,"turns":3},{"damage":3,"enemies":"Gremlin Leader","floor":27,"turns":2},{"damage":21,"enemies":"Centurion and Healer","floor":28,"turns":4},{"damage":45,"enemies":"Champ","floor":33,"turns":6},{"damage":1,"enemies":"Orb Walker","floor":35,"turns":2},{"damage":34,"enemies":"Mysterious Sphere","floor":36,"turns":4},{"damage":27,"enemies":"3 Shapes","floor":37,"turns":5},{"damage":34,"enemies":"Maw","floor":39,"turns":5},{"damage":45,"enemies":"2 Orb Walkers","floor":41,"turns":4},{"damage":31,"enemies":"3 Darklings","floor":42,"turns":4},{"damage":23,"enemies":"4 Shapes","floor":44,"turns":5},{"damage":34,"enemies":"Maw","floor":45,"turns":5},{"damage":0,"enemies":"3 Darklings","floor":48,"turns":1},{"damage":81,"enemies":"Time Eater","floor":50,"turns":7}],"event_choices":[{"event_name":"Fountain of Cleansing","player_choice":"Ignored","floor":3,"damage_taken":0},{"event_name":"Liars Game","player_choice":"agreed","floor":4,"damage_taken":0},{"event_name":"Dead Adventurer","player_choice":"Searched \u00271\u0027 times","floor":12,"damage_taken":0},{"event_name":"Drug Dealer","player_choice":"Got JAXXED","floor":21,"damage_taken":0},{"event_name":"Beggar","player_choice":"Gave Gold","floor":29,"damage_taken":0},{"event_name":"Mysterious Sphere","player_choice":"Fight","floor":36,"damage_taken":0},{"event_name":"Tomb of Lord Red Mask","player_choice":"Ignored","floor":38,"damage_taken":0}],"boss_relics":[{"not_picked":["Runic Pyramid","Mark of Pain"],"picked":"Calling Bell"},{"not_picked":["White Beast Statue","Lizard Tail"],"picked":"Tiny House"}],"potions_floor_spawned":[8,10,11,14,18,24,36,41,45,48],"seed_played":"-2688960069003167360","ascension_level":10,"is_trial":false}