{"path_per_floor":["M","M","M","M","?","R","$","M","T","M","R","?","M","M","R"],"character_chosen":"DEFECT","items_purchased":["Fission"],"gold_per_floor":[119,129,149,161,161,161,11,31,31,50,50,0,18,29,29,29],"floor_reached":16,"campfire_rested":1,"playtime":1642,"item_purchase_floors":[7],"current_hp_per_floor":[75,75,64,56,56,56,56,55,55,36,36,36,28,25,47,0],"items_purged":["Strike_B"],"gold":29,"score":106,"play_id":"64794047-1fbd-4cde-8c42-83a42869f28b","local_time":"20180616182152","is_prod":false,"is_daily":false,"chose_seed":false,"is_ascension_mode":true,"campfire_upgraded":2,"win_rate":0,"timestamp":1529184112,"campfire_choices":[{"data":"Redo","floor":6,"key":"SMITH"},{"data":"Turbo","floor":11,"key":"SMITH"},{"floor":15,"key":"REST"}],"path_taken":["M","M","M","M","?","R","$","M","T","M","R","?","M","M","R","BOSS"],"build_version":"2018-06-14v2","seed_source_timestamp":178528325407227,"purchased_purges":1,"victory":false,"master_deck":["Strike_B","Defend_B","Defend_B","Defend_B","Defend_B","Zap","Dualcast","Redo+1","Coolheaded","Redo+1","Rebound","Fission","Loop","Turbo+1","Steam Power"],"max_hp_per_floor":[75,75,75,75,75,75,75,75,75,75,75,75,75,75,75,75],"relics":["Cracked Core","Blue Candle"],"card_choices":[{"not_picked":["Steam","Sweeping Beam"],"picked":"Redo","floor":1},{"not_picked":["Ball Lightning","Hologram"],"picked":"Coolheaded","floor":2},{"not_picked":["Ball Lightning","Static Discharge"],"picked":"Redo","floor":3},{"not_picked":["Hologram","Compile Driver"],"picked":"Rebound","floor":4},{"not_picked":["Sweeping Beam","Fission"],"picked":"Loop","floor":8},{"not_picked":["Lockon","Gash"],"picked":"Turbo","floor":10},{"not_picked":["Streamline","Leap","Rebound"],"picked":"SKIP","floor":13},{"not_picked":["Steam","Compile Driver"],"picked":"Steam Power","floor":14}],"player_experience":242443,"potions_floor_usage":[16,16],"damage_taken":[{"damage":0,"enemies":"Small Slimes","floor":1,"turns":2},{"damage":0,"enemies":"Jaw Worm","floor":2,"turns":3},{"damage":11,"enemies":"2 Louse","floor":3,"turns":2},{"damage":8,"enemies":"Large Slime","floor":4,"turns":6},{"damage":1,"enemies":"Exordium Wildlife","floor":8,"turns":4},{"damage":19,"enemies":"Lots of Slimes","floor":10,"turns":5},{"damage":8,"enemies":"Large Slime","floor":13,"turns":10},{"damage":3,"enemies":"Blue Slaver","floor":14,"turns":5},{"damage":51,"enemies":"Hexaghost","floor":16,"turns":15}],"relics_obtained":[{"floor":9,"key":"Blue Candle"}],"event_choices":[{"event_name":"Living Wall","player_choice":"Grow","floor":5,"damage_taken":0},{"event_name":"The Cleric","player_choice":"Card Removal","floor":12,"damage_taken":0}],"boss_relics":[],"items_purged_floors":[7],"is_endless":false,"potions_floor_spawned":[4,14],"seed_played":"7540182118294962162","killed_by":"Hexaghost","ascension_level":2,"potions_obtained":[{"floor":4,"key":"GamblersBrew"},{"floor":14,"key":"Strength Potion"}],"is_trial":false}