{"gold_per_floor":[109,109,128,144,144,144,90,90,90,107,56,83,103,114,114,114],"floor_reached":16,"playtime":378,"items_purged":[],"score":194,"play_id":"918a0577-9504-47b8-a3a4-a5f00eb29155","local_time":"20190426144438","is_ascension_mode":true,"campfire_choices":[{"data":"Thunderclap","floor":6,"key":"SMITH"},{"data":"Armaments","floor":15,"key":"SMITH"}],"neow_cost":"NONE","seed_source_timestamp":3376637186990766,"circlet_count":0,"master_deck":["AscendersBane","Strike_R","Strike_R","Strike_R","Strike_R","Defend_R","Defend_R","Defend_R","Defend_R","Bash","Thunderclap+1","Shockwave","Armaments+1","Rampage","True Grit","Metallicize","Flame Barrier"],"relics":["Burning Blood","NeowsBlessing","Ornamental Fan","Bronze Scales"],"potions_floor_usage":[13,16,16],"damage_taken":[{"damage":0,"enemies":"Cultist","floor":1,"turns":1},{"damage":0,"enemies":"2 Louse","floor":3,"turns":1},{"damage":0,"enemies":"Jaw Worm","floor":4,"turns":1},{"damage":18,"enemies":"Blue Slaver","floor":10,"turns":5},{"damage":53,"enemies":"Gremlin Nob","floor":12,"turns":5},{"damage":14,"enemies":"Gremlin Gang","floor":13,"turns":5},{"damage":2,"enemies":"3 Louse","floor":14,"turns":3},{"damage":26,"enemies":"Slime Boss","floor":16,"turns":3}],"seed_played":"-5676838284899641364","potions_obtained":[{"floor":1,"key":"BloodPotion"},{"floor":12,"key":"FearPotion"},{"floor":13,"key":"Strength Potion"}],"is_trial":false,"path_per_floor":["M","?","M","M","?","R","$","?","T","M","$","E","M","M","R","B"],"character_chosen":"IRONCLAD","items_purchased":["Armaments","True Grit"],"campfire_rested":0,"item_purchase_floors":[7,11],"current_hp_per_floor":[74,67,73,75,75,75,75,75,75,63,63,16,15,19,19,0],"gold":114,"neow_bonus":"THREE_ENEMY_KILL","is_prod":false,"is_daily":false,"chose_seed":false,"campfire_upgraded":2,"win_rate":0,"timestamp":1556286278,"path_taken":["M","?","M","M","?","R","?","?","T","?","$","E","M","M","R","BOSS"],"build_version":"2019-01-23","purchased_purges":0,"victory":false,"max_hp_per_floor":[75,75,75,75,75,75,75,75,75,75,75,75,75,75,75,75],"card_choices":[{"not_picked":["Reckless Charge","Flex"],"picked":"Thunderclap","floor":1},{"not_picked":["Heavy Blade","Fire Breathing"],"picked":"Shockwave","floor":3},{"not_picked":["Perfected Strike","Pummel"],"picked":"Sentinel","floor":4},{"not_picked":["Heavy Blade","Uppercut"],"picked":"Rampage","floor":10},{"not_picked":["Exhume","Second Wind"],"picked":"Metallicize","floor":12},{"not_picked":["Hemokinesis","Flex"],"picked":"Flame Barrier","floor":13},{"not_picked":["Sword Boomerang","Heavy Blade","Clothesline"],"picked":"SKIP","floor":14}],"player_experience":659975,"relics_obtained":[{"floor":9,"key":"Ornamental Fan"},{"floor":12,"key":"Bronze Scales"}],"event_choices":[{"cards_removed":["Strike_R"],"damage_healed":0,"gold_gain":0,"player_choice":"Card Removal","damage_taken":7,"max_hp_gain":0,"max_hp_loss":0,"event_name":"Golden Wing","floor":2,"gold_loss":0},{"damage_healed":0,"gold_gain":0,"player_choice":"Leave","damage_taken":0,"max_hp_gain":0,"max_hp_loss":0,"event_name":"The Cleric","floor":5,"gold_loss":0},{"cards_removed":["Sentinel"],"damage_healed":0,"gold_gain":0,"player_choice":"Offered Uncommon","damage_taken":0,"max_hp_gain":0,"max_hp_loss":0,"event_name":"Bonfire Elementals","floor":8,"gold_loss":0}],"is_beta":false,"boss_relics":[],"items_purged_floors":[],"is_endless":false,"potions_floor_spawned":[1,12,13],"killed_by":"Slime Boss","ascension_level":18}