{"gold_per_floor":[118,133,146,96,113,130,130,162,162,162,189,223,223,249,249,350,350,363,380,19,33,33,33,43,77,77,102,102,131,131,159,159,259,259,272,287,41,41,51,51,51,66,66,288,317,335,347,400,400,400],"floor_reached":51,"playtime":20507,"items_purged":["Defend_R","Defend_R"],"score":1106,"play_id":"a02ea82a-8edc-47d4-8027-566776014582","local_time":"20180703234014","is_ascension_mode":true,"campfire_choices":[{"data":"Shockwave","floor":7,"key":"SMITH"},{"data":"Rage","floor":10,"key":"SMITH"},{"data":"Pommel Strike","floor":13,"key":"SMITH"},{"data":"Rage","floor":15,"key":"SMITH"},{"data":"Apotheosis","floor":23,"key":"SMITH"},{"data":"Body Slam","floor":30,"key":"SMITH"},{"floor":32,"key":"REST"},{"data":"Deep Breath","floor":40,"key":"SMITH"},{"data":"Pommel Strike","floor":49,"key":"SMITH"}],"neow_cost":"NONE","seed_source_timestamp":758999974939773,"circlet_count":0,"master_deck":["Strike_R","Defend_R","Bash","Rage+1","Shockwave+1","Pommel Strike+1","Pommel Strike+1","Rage+1","Headbutt","Shrug It Off","Apotheosis+1","Deep Breath+1","Pommel Strike","Body Slam+1","Pommel Strike+1","Body Slam+1","Rage+1"],"relics":["Burning Blood","Pear","Juzu Bracelet","Happy Flower","Singing Bowl","Self Forming Clay","Empty Cage","Red Mask","Molten Egg 2","Vajra","Art of War","Paper Frog","Runic Dome","Anchor","Incense Burner","The Courier","Matryoshka","Charon\u0027s Ashes"],"potions_floor_usage":[2,8,12,12,25,27,29,33,33,33,38,45,46,50,50,50],"damage_taken":[{"damage":2,"enemies":"2 Louse","floor":1,"turns":3},{"damage":1,"enemies":"Small Slimes","floor":2,"turns":4},{"damage":2,"enemies":"Cultist","floor":3,"turns":4},{"damage":9,"enemies":"Exordium Wildlife","floor":5,"turns":6},{"damage":7,"enemies":"Blue Slaver","floor":6,"turns":4},{"damage":6,"enemies":"3 Sentries","floor":8,"turns":6},{"damage":17,"enemies":"Gremlin Nob","floor":12,"turns":4},{"damage":6,"enemies":"3 Sentries","floor":14,"turns":7},{"damage":56,"enemies":"Hexaghost","floor":16,"turns":12},{"damage":3,"enemies":"Chosen","floor":18,"turns":4},{"damage":11,"enemies":"2 Thieves","floor":19,"turns":3},{"damage":0,"enemies":"3 Cultists","floor":21,"turns":6},{"damage":10,"enemies":"Cultist and Chosen","floor":24,"turns":6},{"damage":3,"floor":25,"turns":4},{"damage":13,"enemies":"Book of Stabbing","floor":27,"turns":5},{"damage":16,"enemies":"Slavers","floor":29,"turns":6},{"damage":24,"enemies":"Gremlin Leader","floor":31,"turns":7},{"damage":63,"enemies":"Champ","floor":33,"turns":9},{"damage":0,"enemies":"3 Shapes","floor":35,"turns":3},{"damage":0,"enemies":"3 Darklings","floor":36,"turns":3},{"damage":0,"floor":38,"turns":3},{"damage":4,"enemies":"Sphere and 2 Shapes","floor":39,"turns":3},{"damage":0,"enemies":"Transient","floor":42,"turns":5},{"damage":0,"enemies":"Nemesis","floor":45,"turns":3},{"damage":18,"enemies":"Maw","floor":46,"turns":3},{"damage":17,"enemies":"3 Darklings","floor":47,"turns":3},{"damage":0,"floor":48,"turns":4},{"damage":0,"enemies":"Awakened One","floor":50,"turns":7}],"seed_played":"-7784538992871854784","potions_obtained":[{"floor":1,"key":"EntropicBrew"},{"floor":5,"key":"SteroidPotion"},{"floor":8,"key":"EssenceOfSteel"},{"floor":12,"key":"Ancient Potion"},{"floor":24,"key":"Ancient Potion"},{"floor":25,"key":"SpeedPotion"},{"floor":27,"key":"BloodPotion"},{"floor":31,"key":"SkillPotion"},{"floor":33,"key":"Block Potion"},{"floor":35,"key":"FearPotion"},{"floor":38,"key":"LiquidBronze"},{"floor":42,"key":"EssenceOfSteel"},{"floor":47,"key":"Fire Potion"},{"floor":48,"key":"Dexterity Potion"}],"is_trial":false,"path_per_floor":["M","M","M","?","M","M","R","E","T","R","T","E","R","E","R","B",null,"M","M","$","M","?","R","M","?","T","E","?","E","R","E","R","B",null,"M","M","$","?","M","R","?","M","T","?","E","M","M","?","R","B"],"character_chosen":"IRONCLAD","items_purchased":["Apotheosis","Deep Breath","Anchor"],"campfire_rested":1,"item_purchase_floors":[20,20,37],"current_hp_per_floor":[80,80,80,80,77,76,76,86,86,86,86,77,77,79,79,31,80,83,78,78,84,84,84,80,85,85,78,78,79,79,63,93,38,88,96,104,104,110,112,112,112,114,114,114,114,104,93,101,101,107],"gold":400,"neow_bonus":"TRANSFORM_CARD","is_prod":false,"is_daily":false,"chose_seed":false,"campfire_upgraded":8,"win_rate":0,"timestamp":1530682814,"path_taken":["M","M","M","?","M","?","R","E","T","R","?","E","R","E","R","BOSS","M","M","$","M","?","R","M","?","T","E","?","E","R","E","R","BOSS","M","M","$","?","M","R","?","M","T","?","E","M","M","?","R","BOSS"],"build_version":"2018-07-02","purchased_purges":2,"victory":true,"max_hp_per_floor":[80,80,80,80,80,80,80,90,90,90,90,92,92,94,94,96,96,96,96,96,96,96,96,96,98,98,98,98,100,100,102,102,104,104,106,108,108,110,112,112,112,114,114,114,114,116,116,118,118,118],"card_choices":[{"not_picked":["Burning Pact","Sever Soul"],"picked":"Shockwave","floor":1},{"not_picked":["Metallicize","Body Slam"],"picked":"Pommel Strike","floor":2},{"not_picked":["Wild Strike","Corruption"],"picked":"Pommel Strike","floor":3},{"not_picked":["Armaments","Inflame"],"picked":"Pommel Strike","floor":5},{"not_picked":["Inflame","Warcry"],"picked":"Rage","floor":6},{"not_picked":["Perfected Strike","Sword Boomerang","Brutality"],"picked":"SKIP","floor":8},{"not_picked":["Flex","Body Slam","Combust"],"picked":"Singing Bowl","floor":12},{"not_picked":["Cleave","Flex","Twin Strike"],"picked":"Singing Bowl","floor":14},{"not_picked":["Exhume","Demon Form","Reaper"],"picked":"Singing Bowl","floor":16},{"not_picked":["Body Slam","Searing Blow+1"],"picked":"Headbutt","floor":18},{"not_picked":["Pummel","Anger"],"picked":"Shrug It Off","floor":19},{"not_picked":["Sword Boomerang","Clothesline"],"picked":"Pommel Strike","floor":21},{"not_picked":["Warcry+1","Feel No Pain"],"picked":"Body Slam","floor":24},{"not_picked":["Flex","Sever Soul+1","Iron Wave"],"picked":"Singing Bowl","floor":25},{"not_picked":["Impervious","Shrug It Off"],"picked":"Pommel Strike+1","floor":27},{"not_picked":["Havoc","Intimidate","Reaper+1"],"picked":"Singing Bowl","floor":29},{"not_picked":["Clothesline+1","True Grit","Sever Soul+1"],"picked":"Singing Bowl","floor":31},{"not_picked":["Demon Form","Impervious","Juggernaut"],"picked":"Singing Bowl","floor":33},{"not_picked":["Wild Strike+1","Flex+1","Sword Boomerang+1"],"picked":"Singing Bowl","floor":35},{"not_picked":["Sword Boomerang+1","Disarm+1","Power Through+1"],"picked":"Singing Bowl","floor":36},{"not_picked":["Double Tap","Armaments+1","Shockwave+1"],"picked":"Singing Bowl","floor":38},{"not_picked":["Havoc","Flex","Clothesline+1"],"picked":"Singing Bowl","floor":39},{"not_picked":["Shrug It Off","Heavy Blade+1","Searing Blow+1"],"picked":"Singing Bowl","floor":42},{"not_picked":["Wild Strike+1","Hemokinesis+1"],"picked":"Body Slam+1","floor":45},{"not_picked":["Heavy Blade+1","Thunderclap+1","Havoc+1"],"picked":"Singing Bowl","floor":46},{"not_picked":["Headbutt+1","Infernal Blade+1"],"picked":"Rage+1","floor":47},{"not_picked":["Clash+1","Iron Wave+1","Immolate+1"],"picked":"Singing Bowl","floor":48}],"player_experience":431956,"relics_obtained":[{"floor":8,"key":"Pear"},{"floor":9,"key":"Juzu Bracelet"},{"floor":11,"key":"Happy Flower"},{"floor":12,"key":"Singing Bowl"},{"floor":14,"key":"Self Forming Clay"},{"floor":25,"key":"Red Mask"},{"floor":26,"key":"Molten Egg 2"},{"floor":27,"key":"Vajra"},{"floor":29,"key":"Art of War"},{"floor":31,"key":"Paper Frog"},{"floor":38,"key":"Incense Burner"},{"floor":43,"key":"The Courier"},{"floor":45,"key":"Matryoshka"},{"floor":48,"key":"Charon\u0027s Ashes"}],"event_choices":[{"event_name":"The Cleric","player_choice":"Card Removal","floor":4,"damage_taken":0},{"event_name":"Addict","player_choice":"Ignored","floor":22,"damage_taken":0},{"event_name":"Masked Bandits","player_choice":"Fought over 43 gold","floor":25,"damage_taken":0},{"event_name":"Back to Basics","player_choice":"Elegance","floor":28,"damage_taken":0},{"event_name":"MindBloom","player_choice":"Fight","floor":38,"damage_taken":0},{"event_name":"Falling","player_choice":"Removed Attack","floor":41,"damage_taken":0},{"event_name":"Tomb of Lord Red Mask","player_choice":"Wore Mask","floor":44,"damage_taken":0},{"event_name":"Mysterious Sphere","player_choice":"Fight","floor":48,"damage_taken":0}],"boss_relics":[{"not_picked":["Philosopher\u0027s Stone","Busted Crown"],"picked":"Empty Cage"},{"not_picked":["Cursed Key","Pandora\u0027s Box"],"picked":"Runic Dome"}],"items_purged_floors":[20,37],"is_endless":false,"potions_floor_spawned":[1,5,8,12,24,25,27,31,33,35,38,42,47,48],"ascension_level":5}