{"gold_per_floor":[112,122,132,150,150,175,175,188,215,215,215,243,272,17,17,118,118,138,338,11,30,46,46,73,73,373,373,26,36,36,54,54,150,150,166,0,10,10,10,10,42,42,42,42,42,54,79,79],"floor_reached":48,"playtime":3543,"items_purged":["Strike_B","Strike_B"],"score":729,"play_id":"79b18a0b-5448-4f1c-8eec-96de0a548b6d","local_time":"20190112003900","is_ascension_mode":true,"campfire_choices":[{"floor":7,"key":"REST"},{"data":"Chaos","floor":10,"key":"SMITH"},{"floor":15,"key":"REST"},{"floor":23,"key":"REST"},{"data":"Defragment","floor":25,"key":"SMITH"},{"floor":27,"key":"REST"},{"floor":32,"key":"REST"},{"floor":40,"key":"REST"},{"floor":44,"key":"REST"}],"neow_cost":"TEN_PERCENT_HP_LOSS","seed_source_timestamp":1492283521248761,"circlet_count":0,"master_deck":["Strike_B","Strike_B","Defend_B","Defend_B","Defend_B","Defend_B","Zap","Dualcast","Rebound","Genetic Algorithm","Cold Snap","Loop","Barrage","Chaos+1","Defragment+1","Compile Driver","Chill","Stack","Ball Lightning","Sweeping Beam","Multi-Cast","Gash","Gash","Leap","Leap+1","Defragment","Turbo","Beam Cell","Conserve Battery","Barrage+1","Seek","Beam Cell+1","Conserve Battery","Ball Lightning","Stack","Hologram","Lockon","Beam Cell+1","Sweeping Beam","Genetic Algorithm","Cold Snap","Hologram+1"],"relics":["Cracked Core","Mango","Boot","Art of War","Kunai","Odd Mushroom","Runic Pyramid","Bottled Tornado","Orichalcum","Old Coin","Runic Capacitor","Orrery","Red Mask","PreservedInsect","Bronze Scales","Bottled Flame"],"potions_floor_usage":[4,16,16,33,48,48],"damage_taken":[{"damage":0,"enemies":"Small Slimes","floor":1,"turns":3},{"damage":7,"enemies":"Jaw Worm","floor":2,"turns":2},{"damage":0,"enemies":"2 Louse","floor":3,"turns":2},{"damage":4,"enemies":"Gremlin Gang","floor":4,"turns":6},{"damage":9,"enemies":"Large Slime","floor":5,"turns":6},{"damage":30,"enemies":"Lagavulin","floor":6,"turns":7},{"damage":17,"enemies":"2 Fungi Beasts","floor":8,"turns":3},{"damage":24,"enemies":"Gremlin Nob","floor":12,"turns":4},{"damage":29,"enemies":"The Mushroom Lair","floor":13,"turns":4},{"damage":10,"enemies":"The Guardian","floor":16,"turns":8},{"damage":0,"enemies":"Chosen","floor":18,"turns":4},{"damage":9,"enemies":"Shell Parasite","floor":21,"turns":6},{"damage":21,"enemies":"Snake Plant","floor":22,"turns":5},{"damage":22,"enemies":"Slavers","floor":24,"turns":7},{"damage":2,"enemies":"Chosen and Byrds","floor":29,"turns":5},{"damage":16,"enemies":"Centurion and Healer","floor":31,"turns":8},{"damage":12,"enemies":"Champ","floor":33,"turns":8},{"damage":8,"enemies":"3 Shapes","floor":35,"turns":4},{"damage":38,"enemies":"3 Darklings","floor":37,"turns":6},{"damage":39,"enemies":"Nemesis","floor":41,"turns":5},{"damage":37,"enemies":"Transient","floor":46,"turns":5},{"damage":0,"enemies":"Giant Head","floor":47,"turns":7},{"damage":4,"enemies":"Jaw Worm Horde","floor":48,"turns":1}],"seed_played":"4770963638027732366","potions_obtained":[{"floor":1,"key":"GamblersBrew"},{"floor":3,"key":"Block Potion"},{"floor":13,"key":"FocusPotion"},{"floor":18,"key":"Poison Potion"},{"floor":21,"key":"FearPotion"},{"floor":37,"key":"FocusPotion"},{"floor":46,"key":"SpeedPotion"}],"is_trial":false,"path_per_floor":["M","M","M","M","M","E","R","M","T","R","?","E","?","$","R","B",null,"M","?","$","M","M","R","E","R","T","R","$","M","?","M","R","B",null,"M","?","M","?","$","R","E","?","T","R","?","M","E","M"],"character_chosen":"DEFECT","items_purchased":["Stack","Ball Lightning","Sweeping Beam","PowerPotion","Bottled Tornado","Gash","Leap","Runic Capacitor","Beam Cell"],"campfire_rested":7,"item_purchase_floors":[14,14,14,14,20,20,20,28,28],"current_hp_per_floor":[82,75,75,71,62,32,56,39,39,39,66,42,13,13,37,27,68,68,68,68,59,38,62,40,40,40,64,64,62,46,30,56,44,76,68,68,30,30,30,54,15,15,15,39,39,2,2,0],"gold":79,"neow_bonus":"ONE_RARE_RELIC","is_prod":false,"is_daily":false,"chose_seed":false,"campfire_upgraded":2,"win_rate":0,"timestamp":1547253540,"path_taken":["M","M","M","M","M","E","R","M","T","R","?","E","?","?","R","BOSS","M","?","$","?","M","R","E","R","T","R","$","?","?","M","R","BOSS","M","?","M","?","$","R","E","?","T","R","?","?","E","M"],"build_version":"2019-01-10","purchased_purges":2,"victory":false,"max_hp_per_floor":[82,82,82,82,82,82,82,82,82,82,82,82,82,82,82,82,82,82,82,82,82,82,82,82,82,82,82,82,82,87,87,87,87,87,87,87,87,83,83,83,83,83,83,83,83,83,83,83],"card_choices":[{"not_picked":["Chaos","Sweeping Beam"],"picked":"Rebound","floor":1},{"not_picked":["Steam","Coolheaded"],"picked":"Genetic Algorithm","floor":2},{"not_picked":["Coolheaded","Auto Shields"],"picked":"Cold Snap","floor":3},{"not_picked":["Undo","Turbo"],"picked":"Loop","floor":4},{"not_picked":["Genetic Algorithm","Storm"],"picked":"Barrage","floor":5},{"not_picked":["Scrape","Barrage"],"picked":"Chaos","floor":6},{"not_picked":["Streamline","Blizzard"],"picked":"Defragment","floor":8},{"not_picked":["Streamline","Seek"],"picked":"Compile Driver","floor":12},{"not_picked":["Storm","Redo"],"picked":"Chill","floor":13},{"not_picked":["Echo Form","Thunder Strike"],"picked":"Multi-Cast","floor":16},{"not_picked":["Redo","Storm"],"picked":"Gash","floor":18},{"not_picked":["Steam Power","Coolheaded"],"picked":"Leap+1","floor":21},{"not_picked":["Rebound","Ball Lightning"],"picked":"Defragment","floor":22},{"not_picked":["Glacier","Self Repair"],"picked":"Turbo","floor":24},{"not_picked":["Sweeping Beam","Steam Power+1"],"picked":"Conserve Battery","floor":29},{"not_picked":["Rainbow","Coolheaded+1"],"picked":"Barrage+1","floor":31},{"not_picked":["Multi-Cast","Thunder Strike"],"picked":"Seek","floor":33},{"not_picked":["Steam","Hello World"],"picked":"Beam Cell+1","floor":34},{"not_picked":["Rebound","Cold Snap+1"],"picked":"Conserve Battery","floor":34},{"not_picked":["Creative AI","Recycle"],"picked":"Ball Lightning","floor":34},{"not_picked":["Recycle","Steam"],"picked":"Stack","floor":34},{"not_picked":["Rebound","Undo"],"picked":"Hologram","floor":34},{"not_picked":["Force Field+1","Sweeping Beam+1"],"picked":"Lockon","floor":35},{"not_picked":["Barrage","Redo+1"],"picked":"Beam Cell+1","floor":37},{"not_picked":["Streamline","Recycle+1"],"picked":"Sweeping Beam","floor":41},{"not_picked":["Barrage+1","Stack"],"picked":"Cold Snap","floor":46},{"not_picked":["Ball Lightning","Beam Cell+1"],"picked":"Hologram+1","floor":47}],"player_experience":188664,"relics_obtained":[{"floor":6,"key":"Boot"},{"floor":9,"key":"Art of War"},{"floor":12,"key":"Kunai"},{"floor":13,"key":"Odd Mushroom"},{"floor":24,"key":"Orichalcum"},{"floor":26,"key":"Old Coin"},{"floor":41,"key":"PreservedInsect"},{"floor":43,"key":"Bronze Scales"},{"floor":47,"key":"Bottled Flame"}],"event_choices":[{"damage_healed":27,"gold_gain":0,"player_choice":"Banana","damage_taken":0,"max_hp_gain":0,"max_hp_loss":0,"event_name":"Big Fish","floor":11,"gold_loss":0},{"damage_healed":0,"gold_gain":0,"player_choice":"Fought Mushrooms","damage_taken":0,"max_hp_gain":0,"max_hp_loss":0,"event_name":"Mushrooms","floor":13,"gold_loss":0},{"damage_healed":0,"gold_gain":200,"player_choice":"Gold","damage_taken":0,"max_hp_gain":0,"max_hp_loss":0,"event_name":"Wheel of Change","floor":19,"gold_loss":0},{"damage_healed":0,"gold_gain":0,"player_choice":"Shed Blood","damage_taken":21,"max_hp_gain":5,"max_hp_loss":0,"event_name":"Forgotten Altar","floor":30,"gold_loss":0},{"damage_healed":0,"gold_gain":0,"player_choice":"Paid","damage_taken":0,"relics_obtained":["Red Mask"],"max_hp_gain":0,"max_hp_loss":0,"event_name":"Tomb of Lord Red Mask","floor":36,"gold_loss":166},{"damage_healed":0,"gold_gain":0,"player_choice":"Max HP","damage_taken":0,"max_hp_gain":0,"max_hp_loss":4,"event_name":"Winding Halls","floor":38,"gold_loss":0},{"damage_healed":0,"gold_gain":0,"player_choice":"Ignored","damage_taken":0,"max_hp_gain":0,"max_hp_loss":0,"event_name":"Mysterious Sphere","floor":42,"gold_loss":0},{"damage_healed":0,"gold_gain":0,"player_choice":"Copied","damage_taken":0,"max_hp_gain":0,"max_hp_loss":0,"event_name":"Duplicator","floor":45,"gold_loss":0,"cards_obtained":["Genetic Algorithm"]}],"is_beta":false,"boss_relics":[{"not_picked":["Velvet Choker","Coffee Dripper"],"picked":"Runic Pyramid"},{"not_picked":["Runic Dome","Calling Bell"],"picked":"Orrery"}],"items_purged_floors":[14,28],"is_endless":false,"potions_floor_spawned":[1,3,13,18,21,37,46,47],"killed_by":"Jaw Worm Horde","ascension_level":5}