{"gold_per_floor":[112,130,144,66,84,84,359,391,391,391,100,128,138,152,152,226,226,236,236,236,250,270,270,270,9,78,90,107,11,27,56,56,56],"floor_reached":33,"playtime":1057,"items_purged":["Regret"],"score":594,"play_id":"a77293a0-01f0-46f7-9d81-884617a53c01","local_time":"20190426195800","is_ascension_mode":true,"campfire_choices":[{"data":"Ball Lightning","floor":6,"key":"SMITH"},{"floor":10,"key":"REST"},{"data":"Cold Snap","floor":15,"key":"SMITH"},{"floor":23,"key":"REST"},{"floor":32,"key":"REST"}],"neow_cost":"TEN_PERCENT_HP_LOSS","seed_source_timestamp":3394758971921349,"circlet_count":0,"master_deck":["AscendersBane","Strike_B","Strike_B","Strike_B","Strike_B","Defend_B","Defend_B","Defend_B","Defend_B","Zap","Dualcast","Ball Lightning","Conserve Battery","Ball Lightning+1","Steam","Steam","Cold Snap+1","Genetic Algorithm+1","Chaos+1","Conserve Battery+1","Fission+1","Ball Lightning","Fission+1","Cold Snap","Echo Form","Violence+1","Ball Lightning","Cold Snap","Rebound","Finesse+1","Cold Snap","Hologram+1"],"relics":["Cracked Core","Ice Cream","Toxic Egg 2","Meat on the Bone","Happy Flower","Bronze Scales","Fusion Hammer","Letter Opener","The Courier"],"potions_floor_usage":[12,16,31,33],"damage_taken":[{"damage":1,"enemies":"Cultist","floor":1,"turns":4},{"damage":2,"enemies":"2 Louse","floor":2,"turns":2},{"damage":3,"enemies":"Small Slimes","floor":3,"turns":3},{"damage":14,"enemies":"Exordium Thugs","floor":5,"turns":3},{"damage":30,"enemies":"Gremlin Nob","floor":8,"turns":4},{"damage":13,"enemies":"Lagavulin","floor":12,"turns":4},{"damage":5,"enemies":"2 Fungi Beasts","floor":13,"turns":3},{"damage":5,"enemies":"Lots of Slimes","floor":14,"turns":3},{"damage":25,"enemies":"The Guardian","floor":16,"turns":9},{"damage":8,"enemies":"Shell Parasite","floor":18,"turns":4},{"damage":0,"enemies":"3 Byrds","floor":21,"turns":2},{"damage":7,"enemies":"Snake Plant","floor":22,"turns":3},{"damage":0,"enemies":"Sentry and Sphere","floor":27,"turns":4},{"damage":1,"enemies":"3 Cultists","floor":28,"turns":5},{"damage":2,"enemies":"Chosen and Byrds","floor":30,"turns":3},{"damage":8,"enemies":"Gremlin Leader","floor":31,"turns":4},{"damage":79,"enemies":"Collector","floor":33,"turns":7}],"seed_played":"3915072351012307379","potions_obtained":[{"floor":5,"key":"Swift Potion"},{"floor":16,"key":"SpeedPotion"},{"floor":22,"key":"Swift Potion"},{"floor":31,"key":"Ancient Potion"}],"is_trial":false,"path_per_floor":["M","M","M","$","M","R","?","E","T","R","$","E","M","M","R","B",null,"M","?","?","M","M","R","?","$","T","M","M","$","M","E","R","B"],"character_chosen":"DEFECT","items_purchased":["Ball Lightning","Steam","Happy Flower","Dexterity Potion","Violence+1","Ball Lightning","Finesse+1"],"campfire_rested":3,"item_purchase_floors":[4,4,11,11,25,25,29],"current_hp_per_floor":[63,61,58,58,44,44,44,14,14,33,33,32,39,34,34,21,53,45,45,45,45,38,57,57,57,57,57,56,56,54,46,64,0],"gold":56,"neow_bonus":"ONE_RARE_RELIC","is_prod":false,"is_daily":false,"chose_seed":false,"campfire_upgraded":2,"win_rate":0,"timestamp":1556305080,"path_taken":["M","M","?","?","M","R","?","E","T","R","$","E","?","M","R","BOSS","M","?","?","M","?","R","?","$","T","?","?","$","?","E","R","BOSS"],"build_version":"2019-01-23","purchased_purges":1,"victory":false,"max_hp_per_floor":[64,64,64,64,64,64,64,64,64,64,64,64,64,64,64,64,64,64,64,64,64,64,64,64,64,64,64,64,64,64,64,64,64],"card_choices":[{"not_picked":["Beam Cell","Redo"],"picked":"Ball Lightning","floor":1},{"not_picked":["Rebound","Hologram"],"picked":"Conserve Battery","floor":2},{"not_picked":["Consume","Force Field","Streamline"],"picked":"SKIP","floor":3},{"not_picked":["Beam Cell","Doom and Gloom"],"picked":"Steam","floor":5},{"not_picked":["Coolheaded","Chill"],"picked":"Cold Snap","floor":8},{"not_picked":["BootSequence+1","Multi-Cast+1"],"picked":"Genetic Algorithm+1","floor":12},{"not_picked":["Leap+1","Sweeping Beam"],"picked":"Chaos+1","floor":13},{"not_picked":["Gash","Stack+1"],"picked":"Conserve Battery+1","floor":14},{"not_picked":["Machine Learning","Amplify+1"],"picked":"Fission+1","floor":16},{"not_picked":["Barrage","Auto Shields+1"],"picked":"Ball Lightning","floor":18},{"not_picked":["Beam Cell","Turbo+1"],"picked":"Cold Snap","floor":21},{"not_picked":["Gash","Heatsinks"],"picked":"Echo Form","floor":22},{"not_picked":["Ball Lightning","Chaos+1"],"picked":"Cold Snap","floor":27},{"not_picked":["Barrage","Lockon"],"picked":"Rebound","floor":28},{"not_picked":["Steam+1","Ball Lightning"],"picked":"Cold Snap","floor":30},{"not_picked":["Static Discharge","Redo+1"],"picked":"Hologram+1","floor":31}],"player_experience":676386,"relics_obtained":[{"floor":8,"key":"Toxic Egg 2"},{"floor":9,"key":"Meat on the Bone"},{"floor":12,"key":"Bronze Scales"},{"floor":26,"key":"Letter Opener"},{"floor":31,"key":"The Courier"}],"event_choices":[{"damage_healed":0,"gold_gain":275,"player_choice":"Desecrate","damage_taken":0,"max_hp_gain":0,"max_hp_loss":0,"event_name":"Golden Shrine","floor":7,"gold_loss":0,"cards_obtained":["Regret"]},{"damage_healed":0,"gold_gain":0,"player_choice":"Smashed Altar","damage_taken":0,"max_hp_gain":0,"max_hp_loss":0,"event_name":"Forgotten Altar","floor":19,"gold_loss":0,"cards_obtained":["Decay"]},{"damage_healed":0,"gold_gain":0,"player_choice":"1 cards matched","damage_taken":0,"max_hp_gain":0,"max_hp_loss":0,"event_name":"Match and Keep!","floor":20,"gold_loss":0,"cards_obtained":["Fission"]},{"cards_removed":["Decay"],"damage_healed":0,"gold_gain":0,"player_choice":"Card Removal","damage_taken":0,"max_hp_gain":0,"max_hp_loss":0,"event_name":"Wheel of Change","floor":24,"gold_loss":0}],"is_beta":false,"boss_relics":[{"not_picked":["Velvet Choker","Tiny House"],"picked":"Fusion Hammer"}],"items_purged_floors":[11],"is_endless":false,"potions_floor_spawned":[5,16,22,27,28,31],"killed_by":"Collector","ascension_level":19}