{"path_per_floor":["M","$","?","M","?","M","?","M","T","M","$","R","E","$","R","B",null,"M","?","M","M","M","R","M","R","T","?","?","R","M","M","R"],"character_chosen":"THE_SILENT","items_purchased":["Infinite Blades"],"gold_per_floor":[111,36,36,56,56,67,67,83,83,98,23,23,56,56,56,158,158,169,169,188,198,210,210,228,228,228,228,228,228,248,260,260],"floor_reached":33,"campfire_rested":4,"playtime":3036,"current_hp_per_floor":[70,70,63,63,73,67,51,41,41,35,35,59,42,42,66,7,80,60,60,60,15,15,39,16,16,16,16,16,55,54,54,54],"items_purged":["Regret"],"gold":260,"play_id":"b9346dda-8595-4a70-bfcc-f69671646091","is_prod":false,"is_daily":false,"campfire_rituals":0,"campfire_upgraded":1,"is_hardmode":false,"path_taken":["M","?","?","M","?","?","?","M","T","M","$","R","E","?","R","BOSS","M","?","?","M","M","R","M","R","T","?","?","R","M","M","R","BOSS"],"build_version":"2018-01-11-PROD2","purchased_purges":1,"victory":false,"master_deck":["Defend_G","Defend_G","Defend_G","Defend_G","Defend_G","Strike_G","Strike_G","Strike_G","Strike_G","Survivor","Neutralize","Cloak And Dagger","Backflip","Infinite Blades","Terror","Cloak And Dagger","Cloak And Dagger","Night Terror","Finisher","Backflip","Writhe","Sucker Punch"],"max_hp_per_floor":[70,70,70,70,80,80,80,80,80,80,80,80,80,80,80,80,80,80,80,80,80,80,80,80,80,80,80,80,80,80,80,80],"relics":["Ring of the Snake","Pear","Frozen Eye","Girya","Sozu","Paper Crane","Regal Pillow"],"campfire_meditates":0,"card_choices":[{"not_picked":["All Out Attack","Slice"],"picked":"Cloak And Dagger"},{"not_picked":["Dagger Spray","PiercingWail"],"picked":"Backflip"},{"not_picked":["Dodge and Roll","Setup"],"picked":"Terror"},{"not_picked":["Blade Dance","Backflip"],"picked":"Cloak And Dagger"},{"not_picked":["Reflex","Escape Plan"],"picked":"Cloak And Dagger"},{"not_picked":["Grand Finale","Envenom"],"picked":"Night Terror"},{"not_picked":["Heel Hook","Blade Dance"],"picked":"Finisher"},{"not_picked":["Flying Knee","Quick Slash"],"picked":"Backflip"},{"not_picked":["Flechettes","Escape Plan"],"picked":"Sucker Punch"}],"player_experience":244484,"potions_floor_usage":[8],"damage_taken":[{"damage":0,"enemies":"Blue Slaver","floor":1,"turns":5},{"damage":0,"enemies":"Cultist","floor":4,"turns":4},{"damage":6,"enemies":"2 Louse","floor":6,"turns":5},{"damage":10,"enemies":"Gremlin Gang","floor":8,"turns":5},{"damage":6,"enemies":"Looter","floor":10,"turns":4},{"damage":17,"enemies":"Gremlin Nob","floor":13,"turns":5},{"damage":59,"enemies":"Slime Boss","floor":16,"turns":19},{"damage":20,"enemies":"Chosen","floor":18,"turns":7},{"damage":0,"enemies":"3 Byrds","floor":20,"turns":6},{"damage":45,"enemies":"3 Cultists","floor":21,"turns":8},{"damage":0,"enemies":"Snecko","floor":22,"turns":5},{"damage":23,"enemies":"Sentry and Sphere","floor":24,"turns":7},{"damage":1,"enemies":"Centurion and Healer","floor":30,"turns":6},{"damage":0,"enemies":"Snecko","floor":31,"turns":4},{"damage":63,"enemies":"Automaton","floor":33,"turns":8}],"event_choices":[{"event_name":"Golden Wing","player_choice":"Card Removal","floor":3,"damage_taken":0},{"event_name":"Big Fish","player_choice":"Box","floor":5,"damage_taken":0},{"event_name":"Shining Light","player_choice":"Entered Light","floor":7,"damage_taken":0},{"event_name":"Drug Dealer","player_choice":"Ignored","floor":19,"damage_taken":0},{"event_name":"The Mausoleum","player_choice":"Yes","floor":27,"damage_taken":0},{"event_name":"The Lab","player_choice":"Got Potions","floor":28,"damage_taken":0}],"boss_relics":[{"not_picked":["Cursed Key","Philosopher\u0027s Stone"],"picked":"Sozu"}],"potions_floor_spawned":[6,16,20,22,24,31],"seed_played":"356260620983256686","killed_by":"Automaton","is_trial":false}