{"gold_per_floor":[113,113,113,126,146,187,187,112,112,150,150,21,21,56,56,154,154,173,173,32,82,102,133,133,158,158,158,176,91,91,118,118,118],"floor_reached":33,"playtime":999,"items_purged":["Strike_R"],"score":544,"play_id":"60c53d2c-d70f-45ce-b2d7-63973ea4d304","local_time":"20190426202340","is_ascension_mode":true,"campfire_choices":[{"data":"Armaments","floor":7,"key":"SMITH"},{"data":"Barricade","floor":11,"key":"SMITH"},{"floor":13,"key":"REST"},{"floor":15,"key":"REST"},{"floor":24,"key":"REST"},{"floor":30,"key":"REST"},{"floor":32,"key":"REST"}],"neow_cost":"NONE","seed_source_timestamp":3396357822183889,"circlet_count":0,"master_deck":["AscendersBane","Strike_R","Strike_R","Defend_R","Defend_R+1","Defend_R","Defend_R","Bash","Shrug It Off+1","Infernal Blade","Armaments+1","Rampage","Barricade+1","Offering","Headbutt","Exhume","Seeing Red"],"relics":["Burning Blood","NeowsBlessing","Golden Idol","Paper Frog","War Paint","Bronze Scales","Bag of Preparation","Busted Crown","Tiny Chest","Matryoshka","Red Skull","Shuriken","Dodecahedron","Mercury Hourglass","Potion Belt"],"potions_floor_usage":[10,10,14,22,23],"damage_taken":[{"damage":0,"enemies":"Small Slimes","floor":1,"turns":1},{"damage":0,"enemies":"Jaw Worm","floor":4,"turns":1},{"damage":0,"enemies":"Cultist","floor":5,"turns":1},{"damage":47,"enemies":"3 Sentries","floor":6,"turns":11},{"damage":26,"enemies":"Gremlin Nob","floor":10,"turns":5},{"damage":9,"enemies":"3 Sentries","floor":14,"turns":5},{"damage":24,"enemies":"Slime Boss","floor":16,"turns":16},{"damage":6,"enemies":"Chosen","floor":18,"turns":5},{"damage":14,"enemies":"Shell Parasite","floor":22,"turns":3},{"damage":60,"enemies":"Book of Stabbing","floor":23,"turns":5},{"damage":25,"enemies":"Snecko","floor":25,"turns":6},{"damage":12,"enemies":"Shelled Parasite and Fungi","floor":28,"turns":3},{"damage":67,"enemies":"Collector","floor":33,"turns":9}],"seed_played":"5494448258735907115","potions_obtained":[{"floor":1,"key":"PowerPotion"},{"floor":5,"key":"Ancient Potion"},{"floor":18,"key":"BloodPotion"},{"floor":22,"key":"Swift Potion"}],"is_trial":false,"path_per_floor":["M","?","?","M","M","E","R","?","T","E","R","$","R","E","R","B",null,"M","?","$","?","M","E","R","M","T","?","M","?","R","T","R","B"],"character_chosen":"IRONCLAD","items_purchased":["AttackPotion","Tiny Chest"],"campfire_rested":5,"item_purchase_floors":[12,20],"current_hp_per_floor":[74,74,74,75,75,34,34,34,34,14,14,14,36,33,55,37,66,66,66,66,66,65,11,33,14,14,14,8,8,30,30,52,0],"gold":118,"neow_bonus":"THREE_ENEMY_KILL","is_prod":false,"is_daily":false,"chose_seed":false,"campfire_upgraded":2,"win_rate":0,"timestamp":1556306620,"path_taken":["M","?","?","?","M","E","R","?","T","E","R","$","R","E","R","BOSS","M","?","$","?","M","E","R","M","T","?","?","?","R","?","R","BOSS"],"build_version":"2019-01-23","purchased_purges":1,"victory":false,"max_hp_per_floor":[75,75,75,75,75,75,75,75,75,75,75,75,75,75,75,75,75,75,75,75,75,75,75,75,75,75,75,75,75,75,75,75,75],"card_choices":[{"not_picked":["Iron Wave","Entrench"],"picked":"Shrug It Off","floor":1},{"not_picked":["Reckless Charge","Iron Wave"],"picked":"Armaments","floor":4},{"not_picked":["Havoc","Fire Breathing","Body Slam"],"picked":"SKIP","floor":5},{"not_picked":["Warcry","Flex"],"picked":"Rampage","floor":6},{"not_picked":["Reckless Charge","Rupture"],"picked":"Barricade","floor":10},{"not_picked":["Warcry","Thunderclap","Fiend Fire"],"picked":"SKIP","floor":14},{"not_picked":["Reaper","Bludgeon"],"picked":"Offering","floor":16},{"not_picked":["Heavy Blade"],"picked":"SKIP","floor":18},{"not_picked":["Disarm"],"picked":"SKIP","floor":22},{"not_picked":["Havoc"],"picked":"SKIP","floor":23},{"not_picked":["Iron Wave"],"picked":"SKIP","floor":25},{"not_picked":[],"picked":"Seeing Red","floor":28}],"player_experience":677955,"relics_obtained":[{"floor":6,"key":"Paper Frog"},{"floor":9,"key":"War Paint"},{"floor":10,"key":"Bronze Scales"},{"floor":14,"key":"Bag of Preparation"},{"floor":23,"key":"Matryoshka"},{"floor":26,"key":"Red Skull"},{"floor":26,"key":"Shuriken"},{"floor":31,"key":"Mercury Hourglass"},{"floor":31,"key":"Potion Belt"}],"event_choices":[{"damage_healed":0,"gold_gain":0,"player_choice":"Take Wound","damage_taken":0,"relics_obtained":["Golden Idol"],"max_hp_gain":0,"max_hp_loss":0,"event_name":"Golden Idol","floor":2,"gold_loss":0,"cards_obtained":["Injury"]},{"damage_healed":0,"gold_gain":0,"cards_transformed":["Strike_R"],"player_choice":"Transformed","damage_taken":0,"max_hp_gain":0,"max_hp_loss":0,"event_name":"Transmorgrifier","floor":3,"gold_loss":0,"cards_obtained":["Infernal Blade"]},{"cards_removed":["Injury"],"damage_healed":0,"gold_gain":0,"player_choice":"Card Removal","damage_taken":0,"max_hp_gain":0,"max_hp_loss":0,"event_name":"The Cleric","floor":8,"gold_loss":75},{"damage_healed":0,"gold_gain":0,"player_choice":"Read","damage_taken":0,"max_hp_gain":0,"max_hp_loss":0,"event_name":"The Library","floor":19,"gold_loss":0,"cards_obtained":["Headbutt"]},{"damage_healed":0,"gold_gain":50,"player_choice":"Stole From Cult","damage_taken":0,"max_hp_gain":0,"max_hp_loss":0,"event_name":"Nest","floor":21,"gold_loss":0},{"damage_healed":0,"gold_gain":0,"cards_transformed":["Strike_R"],"player_choice":"Transformed","damage_taken":0,"max_hp_gain":0,"max_hp_loss":0,"event_name":"Transmorgrifier","floor":27,"gold_loss":0,"cards_obtained":["Exhume"]},{"damage_healed":0,"gold_gain":0,"player_choice":"Obtained Relic","damage_taken":0,"relics_obtained":["Dodecahedron"],"max_hp_gain":0,"max_hp_loss":0,"event_name":"Addict","floor":29,"gold_loss":85}],"is_beta":false,"boss_relics":[{"not_picked":["White Beast Statue","Calling Bell"],"picked":"Busted Crown"}],"items_purged_floors":[12],"is_endless":false,"potions_floor_spawned":[1,5,18,22],"killed_by":"Collector","ascension_level":19}