{"path_per_floor":["M","M","?","M","M","E","R","M","T","M","R","M","M","M","R","B",null,"M","M","M","?","M","R","M","$","T","$","M","R"],"character_chosen":"IRONCLAD","items_purchased":["Mummified Hand","Burning Pact","Mind Blast"],"gold_per_floor":[112,132,132,142,162,195,195,206,206,224,224,238,252,265,265,365,365,376,392,404,404,424,424,440,17,42,42,54,54],"floor_reached":30,"campfire_rested":3,"playtime":1768,"current_hp_per_floor":[80,80,90,89,62,38,65,53,53,56,56,54,44,50,50,12,90,73,53,49,49,25,52,20,20,20,20,7,34],"items_purged":[],"gold":54,"play_id":"1891d900-26e0-42ce-ad66-1a29bf75d0c3","is_prod":false,"is_daily":false,"campfire_rituals":0,"campfire_upgraded":2,"is_hardmode":false,"path_taken":["M","M","?","?","M","E","R","M","T","M","R","M","M","M","R","BOSS","M","M","M","?","?","R","M","$","T","$","M","R","M"],"build_version":"2017-12-21-PROD1","purchased_purges":0,"victory":false,"master_deck":["Strike_R","Strike_R","Strike_R","Strike_R","Strike_R","Defend_R","Defend_R","Defend_R","Defend_R","Bash","Thunderclap","Heavy Blade","Regret","Seeing Red","Clash","Inflame","Shrug It Off","Flex","Clash","Limit Break","Infernal Blade","Twin Strike","Demon Form","Burning Pact","Mind Blast"],"max_hp_per_floor":[80,80,90,90,90,90,90,90,90,90,90,90,90,90,90,90,90,90,90,90,90,90,90,90,90,90,90,90,90],"relics":["Burning Blood","Pear","Lantern","Centennial Puzzle","Mark of Pain","Mummified Hand","Blood Vial"],"campfire_meditates":0,"card_choices":[{"not_picked":["Clothesline","Havoc"],"picked":"Thunderclap"},{"not_picked":["Clothesline","Wild Strike"],"picked":"Heavy Blade"},{"not_picked":["Reckless Charge","Armaments"],"picked":"Seeing Red"},{"not_picked":["Iron Wave","Body Slam"],"picked":"Clash"},{"not_picked":["Rage","Seeing Red"],"picked":"Inflame"},{"not_picked":["Reaper","Reckless Charge"],"picked":"Shrug It Off"},{"not_picked":["Havoc","Wild Strike"],"picked":"Flex"},{"not_picked":["Shrug It Off","Exhume"],"picked":"Clash"},{"not_picked":["Exhume","Fiend Fire"],"picked":"Limit Break"},{"not_picked":["Body Slam","Blood for Blood"],"picked":"Infernal Blade"},{"not_picked":["Thunderclap","Wild Strike"],"picked":"Twin Strike"}],"player_experience":70881,"potions_floor_usage":[16,18,24,28,28],"damage_taken":[{"damage":6,"enemies":"Jaw Worm","floor":1,"turns":3},{"damage":0,"enemies":"Cultist","floor":2,"turns":3},{"damage":7,"enemies":"Looter","floor":4,"turns":4},{"damage":33,"enemies":"Gremlin Gang","floor":5,"turns":5},{"damage":30,"enemies":"Gremlin Nob","floor":6,"turns":4},{"damage":18,"enemies":"Red Slaver","floor":8,"turns":3},{"damage":3,"enemies":"Large Slime","floor":10,"turns":5},{"damage":8,"enemies":"Exordium Wildlife","floor":12,"turns":2},{"damage":16,"enemies":"Gremlin Gang","floor":13,"turns":4},{"damage":0,"enemies":"3 Louse","floor":14,"turns":2},{"damage":59,"enemies":"Hexaghost","floor":16,"turns":9},{"damage":23,"enemies":"3 Byrds","floor":18,"turns":5},{"damage":26,"enemies":"Spheric Guardian","floor":19,"turns":4},{"damage":10,"enemies":"3 Cultists","floor":20,"turns":4},{"damage":30,"enemies":"Snake Plant","floor":22,"turns":4},{"damage":38,"enemies":"Centurion and Healer","floor":24,"turns":6},{"damage":21,"enemies":"Sentry and Sphere","floor":28,"turns":4},{"damage":37,"enemies":"3 Cultists","floor":30,"turns":4}],"event_choices":[{"event_name":"Big Fish","player_choice":"Box","floor":3,"damage_taken":0},{"event_name":"The Library","player_choice":"Read","floor":21,"damage_taken":0}],"boss_relics":[{"not_picked":["Sozu","Philosopher\u0027s Stone"],"picked":"Mark of Pain"}],"potions_floor_spawned":[2,4,6,12,13,20,22,28],"seed_played":"4082051060603170167","killed_by":"3 Cultists","is_trial":false}