{"gold_per_floor":[110,64,64,64,75,75,0,0,50,80,80,90,90,102,102,202,202,222,137,124,224,242,44,44,19,64,64,75,88,88,13,13,115,115,133,147,161,176,176,176,176],"floor_reached":41,"playtime":4043,"items_purged":["Strike_R"],"score":520,"play_id":"182a4f28-3a75-4a84-a96e-183015ccf1ff","local_time":"20190422235854","is_ascension_mode":true,"campfire_choices":[{"data":"Burning Pact","floor":6,"key":"SMITH"},{"data":"Dark Embrace","floor":11,"key":"SMITH"},{"data":"Fire Breathing","floor":13,"key":"SMITH"},{"data":"Spot Weakness","floor":15,"key":"SMITH"},{"floor":24,"key":"REST"},{"data":"Armaments","floor":27,"key":"SMITH"},{"floor":30,"key":"REST"},{"data":"Barricade","floor":32,"key":"SMITH"},{"data":"Echo Form","floor":40,"key":"SMITH"}],"neow_cost":"NONE","seed_source_timestamp":188455580222857,"circlet_count":0,"master_deck":["Bash+1","Shrug It Off+1","Burning Pact+1","Dark Embrace+1","Fire Breathing+1","Spot Weakness+1","Barricade+1","Heavy Blade","Armaments+1","Body Slam+1","Cold Snap","Mayhem","Echo Form+1","Brutality","Whirlwind","Rupture","Inflame","Sword Boomerang","Pummel","Calculated Gamble+1","Glacier","Stack","Parasite"],"relics":["Burning Blood","NeowsBlessing","Centennial Puzzle","Mercury Hourglass","Velvet Choker","Blood Vial","PrismaticShard","Whetstone","Pandora\u0027s Box"],"potions_floor_usage":[14,22,29,36,36,38,38],"damage_taken":[{"damage":0,"enemies":"2 Louse","floor":1,"turns":1},{"damage":0,"enemies":"Cultist","floor":5,"turns":1},{"damage":0,"enemies":"Lagavulin","floor":10,"turns":1},{"damage":1,"enemies":"Jaw Worm","floor":12,"turns":3},{"damage":4,"enemies":"Red Slaver","floor":14,"turns":4},{"damage":74,"enemies":"Hexaghost","floor":16,"turns":13},{"damage":45,"enemies":"Spheric Guardian","floor":18,"turns":11},{"damage":17,"enemies":"2 Thieves","floor":20,"turns":4},{"damage":12,"enemies":"3 Cultists","floor":22,"turns":5},{"damage":13,"enemies":"Snecko","floor":28,"turns":4},{"damage":21,"enemies":"Centurion and Healer","floor":29,"turns":8},{"damage":4,"enemies":"Automaton","floor":33,"turns":8},{"damage":38,"enemies":"Orb Walker","floor":35,"turns":4},{"damage":5,"enemies":"3 Darklings","floor":36,"turns":3},{"damage":15,"enemies":"Sphere and 2 Shapes","floor":37,"turns":7},{"damage":15,"enemies":"Transient","floor":38,"turns":5},{"damage":58,"enemies":"Writhing Mass","floor":41,"turns":7}],"seed_played":"-2616298124732705693","potions_obtained":[{"floor":1,"key":"AttackPotion"},{"floor":10,"key":"Swift Potion"},{"floor":12,"key":"SteroidPotion"},{"floor":28,"key":"Dexterity Potion"},{"floor":29,"key":"SteroidPotion"},{"floor":36,"key":"FearPotion"},{"floor":37,"key":"Poison Potion"},{"floor":38,"key":"EssenceOfSteel"}],"is_trial":false,"path_per_floor":["M","$","?","$","M","R","$","?","T","E","R","M","R","M","R","B",null,"M","?","M","?","M","$","R","$","T","R","M","M","R","?","R","B",null,"M","M","M","M","?","R","M"],"character_chosen":"IRONCLAD","items_purchased":["Shrug It Off","PrismaticShard","Body Slam"],"campfire_rested":2,"item_purchase_floors":[2,23,25],"current_hp_per_floor":[80,80,80,80,80,80,80,80,80,80,80,80,80,80,80,12,63,24,24,15,15,11,11,35,35,35,35,30,17,41,41,41,45,71,41,44,37,30,30,30,0],"gold":176,"neow_bonus":"THREE_ENEMY_KILL","is_prod":false,"is_daily":false,"chose_seed":false,"campfire_upgraded":7,"win_rate":0,"timestamp":1555999134,"path_taken":["M","$","?","?","M","R","$","?","T","E","R","M","R","?","R","BOSS","M","?","M","?","?","$","R","?","T","R","M","M","R","?","R","BOSS","M","M","M","M","?","R","M"],"build_version":"2019-01-23","purchased_purges":1,"victory":false,"max_hp_per_floor":[80,80,80,80,80,80,80,80,80,80,80,80,80,80,80,80,80,80,80,80,80,80,80,80,80,80,80,80,80,80,80,80,80,80,80,80,80,80,80,80,80],"card_choices":[{"not_picked":["Sentinel","Iron Wave","Anger"],"picked":"SKIP","floor":1},{"not_picked":["Clash","Flex"],"picked":"Burning Pact","floor":5},{"not_picked":["Perfected Strike","Dual Wield"],"picked":"Dark Embrace","floor":10},{"not_picked":["Thunderclap","Iron Wave"],"picked":"Fire Breathing","floor":12},{"not_picked":["Infernal Blade","Havoc"],"picked":"Spot Weakness","floor":14},{"not_picked":["Juggernaut","Demon Form"],"picked":"Barricade","floor":16},{"not_picked":["Havoc","Sentinel"],"picked":"Heavy Blade","floor":18},{"not_picked":["Infernal Blade+1","Perfected Strike"],"picked":"Armaments","floor":20},{"not_picked":["Sever Soul","Twin Strike","Iron Wave"],"picked":"SKIP","floor":22},{"not_picked":["Wild Strike","Warcry"],"picked":"Cold Snap","floor":28},{"not_picked":["Iron Wave","Flying Knee"],"picked":"Mayhem","floor":29},{"not_picked":["Corpse Explosion","Fiend Fire"],"picked":"Echo Form","floor":33},{"not_picked":["Barrage+1","Fusion+1"],"picked":"Calculated Gamble+1","floor":35},{"not_picked":["Terror","Infinite Blades"],"picked":"Glacier","floor":36},{"not_picked":["Iron Wave","Heel Hook+1","Poisoned Stab+1"],"picked":"SKIP","floor":37},{"not_picked":["Iron Wave+1","PiercingWail+1"],"picked":"Stack","floor":38}],"player_experience":449834,"relics_obtained":[{"floor":9,"key":"Centennial Puzzle"},{"floor":10,"key":"Mercury Hourglass"},{"floor":26,"key":"Whetstone"}],"event_choices":[{"damage_healed":0,"gold_gain":0,"player_choice":"Forge","damage_taken":0,"max_hp_gain":0,"max_hp_loss":0,"event_name":"Accursed Blacksmith","floor":3,"gold_loss":0,"cards_upgraded":["Shrug It Off"]},{"cards_removed":["Strike_R"],"damage_healed":0,"gold_gain":0,"player_choice":"Purged","damage_taken":0,"max_hp_gain":0,"max_hp_loss":0,"event_name":"Purifier","floor":8,"gold_loss":0},{"damage_healed":0,"gold_gain":0,"player_choice":"Obtained Relic","damage_taken":0,"relics_obtained":["Blood Vial"],"max_hp_gain":0,"max_hp_loss":0,"event_name":"Addict","floor":19,"gold_loss":85},{"damage_healed":0,"gold_gain":100,"player_choice":"Pray","damage_taken":0,"max_hp_gain":0,"max_hp_loss":0,"event_name":"Golden Shrine","floor":21,"gold_loss":0},{"cards_removed":["Strike_R"],"damage_healed":0,"gold_gain":0,"player_choice":"Gave Gold","damage_taken":0,"max_hp_gain":0,"max_hp_loss":0,"event_name":"Beggar","floor":31,"gold_loss":75},{"damage_healed":0,"gold_gain":0,"player_choice":"Ignored","damage_taken":0,"max_hp_gain":0,"max_hp_loss":0,"event_name":"Tomb of Lord Red Mask","floor":39,"gold_loss":0}],"is_beta":false,"boss_relics":[{"not_picked":["Runic Dome","Black Blood"],"picked":"Velvet Choker"},{"not_picked":["Black Star","Calling Bell"],"picked":"Pandora\u0027s Box"}],"items_purged_floors":[7],"is_endless":false,"potions_floor_spawned":[1,10,12,28,29,36,37,38],"killed_by":"Writhing Mass","ascension_level":5}