{"gold_per_floor":[109,126,136,136,87,87,102,130,130,130,148,163,163,197,197,302,302,317,327,338,357,357,357,385,385,408,508,535,75,92,104,104,200,200,211,0,11,24,37,37,69,69,96,96,96,96,6,25,25,25],"floor_reached":51,"playtime":3630,"items_purged":[],"score":965,"play_id":"356776c3-ee9a-4926-9a0b-4ee970720e1f","local_time":"20190110150959","is_ascension_mode":true,"campfire_choices":[{"data":"Neutralize","floor":6.0,"key":"SMITH"},{"data":"Bane","floor":13.0,"key":"SMITH"},{"data":"Leg Sweep","floor":15.0,"key":"SMITH"},{"data":"Corpse Explosion","floor":23,"key":"SMITH"},{"data":"PiercingWail","floor":25,"key":"SMITH"},{"data":"Backflip","floor":32,"key":"SMITH"},{"data":"Finisher","floor":40,"key":"SMITH"},{"data":"Footwork","floor":44,"key":"SMITH"},{"data":"Bane","floor":46,"key":"SMITH"},{"data":"Poisoned Stab","floor":49,"key":"SMITH"}],"neow_cost":"NONE","seed_source_timestamp":1370751218155006,"circlet_count":0,"master_deck":["Defend_G+1","Defend_G+1","Defend_G+1","Defend_G+1","Defend_G+1","Strike_G+1","Strike_G+1","Strike_G+1","Survivor+1","Neutralize+1","Poisoned Stab","Masterful Stab","Poisoned Stab+1","Bane+1","Bane+1","Quick Slash+1","Leg Sweep+1","Corpse Explosion+1","PiercingWail+1","Backflip+1","Bane+1","Flying Knee","Grand Finale","Cloak And Dagger+1","Finisher+1","Footwork+1"],"special_seed":0,"relics":["White Beast Statue","Singing Bowl","Ninja Scroll","Boot","Letter Opener","Coffee Dripper","Regal Pillow","Bronze Scales","Tough Bandages","Shuriken","Matryoshka","Ornamental Fan","DollysMirror","Runic Pyramid","Centennial Puzzle","Smiling Mask","War Paint"],"potions_floor_usage":[24,27,28,30,33,33,35,37,41,41,50,50,50],"damage_taken":[{"damage":2.0,"enemies":"Cultist","floor":1.0,"turns":5.0},{"damage":4.0,"enemies":"Jaw Worm","floor":2.0,"turns":5.0},{"damage":0.0,"enemies":"Small Slimes","floor":3.0,"turns":2.0},{"damage":0.0,"enemies":"Exordium Wildlife","floor":7.0,"turns":5.0},{"damage":21.0,"enemies":"Gremlin Nob","floor":8.0,"turns":5.0},{"damage":0.0,"enemies":"Looter","floor":11.0,"turns":1.0},{"damage":0.0,"enemies":"Red Slaver","floor":12.0,"turns":2.0},{"damage":0.0,"enemies":"Lagavulin","floor":14.0,"turns":3.0},{"damage":0.0,"enemies":"Slime Boss","floor":16.0,"turns":10.0},{"damage":12.0,"enemies":"2 Thieves","floor":18.0,"turns":2.0},{"damage":0.0,"enemies":"3 Byrds","floor":19.0,"turns":2.0},{"damage":8.0,"enemies":"Centurion and Healer","floor":20.0,"turns":3.0},{"damage":3,"enemies":"Chosen and Byrds","floor":21,"turns":4},{"damage":2,"enemies":"Book of Stabbing","floor":24,"turns":5},{"damage":0,"enemies":"Colosseum Slavers","floor":27,"turns":4},{"damage":0,"enemies":"Colosseum Nobs","floor":27,"turns":2},{"damage":0,"enemies":"Gremlin Leader","floor":28,"turns":3},{"damage":2,"enemies":"Shelled Parasite and Fungi","floor":30,"turns":4},{"damage":0,"enemies":"Snake Plant","floor":31,"turns":3},{"damage":54,"enemies":"Automaton","floor":33,"turns":8},{"damage":0,"enemies":"3 Darklings","floor":35,"turns":1},{"damage":0,"enemies":"Orb Walker","floor":37,"turns":3},{"damage":0,"enemies":"Jaw Worm Horde","floor":38,"turns":2},{"damage":0,"enemies":"Maw","floor":39,"turns":5},{"damage":67,"enemies":"Giant Head","floor":41,"turns":9},{"damage":0,"enemies":"3 Darklings","floor":48,"turns":1},{"damage":30,"enemies":"Awakened One","floor":50,"turns":13}],"seed_played":"-405324490675714662","potions_obtained":[{"floor":1.0,"key":"Ancient Potion"},{"floor":2.0,"key":"Regen Potion"},{"floor":3.0,"key":"SpeedPotion"},{"floor":7.0,"key":"Dexterity Potion"},{"floor":8.0,"key":"SteroidPotion"},{"floor":11.0,"key":"AttackPotion"},{"floor":12.0,"key":"EntropicBrew"},{"floor":14.0,"key":"Dexterity Potion"},{"floor":16.0,"key":"LiquidBronze"},{"floor":18.0,"key":"Weak Potion"},{"floor":19.0,"key":"Dexterity Potion"},{"floor":20.0,"key":"SpeedPotion"},{"floor":21,"key":"Regen Potion"},{"floor":24,"key":"Explosive Potion"},{"floor":27,"key":"Weak Potion"},{"floor":28,"key":"Explosive Potion"},{"floor":30,"key":"Fire Potion"},{"floor":31,"key":"PowerPotion"},{"floor":33,"key":"Weak Potion"},{"floor":35,"key":"Swift Potion"},{"floor":37,"key":"EssenceOfSteel"},{"floor":38,"key":"Poison Potion"},{"floor":41,"key":"Poison Potion"},{"floor":48,"key":"AttackPotion"}],"is_trial":false,"path_per_floor":["M","M","M","?","$","R","M","E","T","T","M","M","R","E","R","B",null,"M","M","M","M","?","R","E","R","T","?","E","$","M","M","R","B",null,"M","$","M","M","M","R","E","?","T","R","?","R","?","M","R","B",null],"character_chosen":"THE_SILENT","items_purchased":["Bane","Ornamental Fan","DollysMirror","Grand Finale","SteroidPotion"],"campfire_rested":0,"item_purchase_floors":[5,29,29,36,36],"current_hp_per_floor":[68,64,64,57,57,57,57,36,36,36,38,38,38,38,38,38,72,60,62,56,53,53,53,67,67,67,69,69,69,69,71,71,19,86,86,86,86,88,88,88,21,77,77,77,77,77,77,79,79,49],"gold":25,"neow_bonus":"BOSS_RELIC","is_prod":false,"is_daily":false,"chose_seed":false,"campfire_upgraded":10,"win_rate":0,"timestamp":1547132999,"path_taken":["M","M","?","?","$","R","M","E","T","?","M","?","R","E","R","BOSS","M","M","M","M","?","R","E","R","T","?","E","?","M","M","R","BOSS","M","$","M","M","M","R","E","?","T","R","?","R","?","M","R","BOSS"],"build_version":"2019-01-03v4","purchased_purges":0,"victory":true,"max_hp_per_floor":[70,70,70,70,70,70,70,70,70,70,72,72,72,72,72,72,72,72,74,76,76,76,76,78,78,78,80,80,80,82,84,84,86,86,86,86,86,88,88,88,88,77,77,77,77,77,77,79,79,79],"card_choices":[{"not_picked":["Backflip","Masterful Stab"],"picked":"Poisoned Stab","floor":1.0},{"not_picked":["Skewer","Dagger Spray"],"picked":"Masterful Stab","floor":2.0},{"not_picked":["Dagger Throw","Flying Knee"],"picked":"Poisoned Stab","floor":3.0},{"not_picked":["Blade Dance","Burst","Dagger Spray"],"picked":"SKIP","floor":7.0},{"not_picked":["Deadly Poison","Slice"],"picked":"Bane","floor":8.0},{"not_picked":["Escape Plan","Concentrate","All Out Attack"],"picked":"Singing Bowl","floor":11.0},{"not_picked":["Bane","PiercingWail"],"picked":"Quick Slash","floor":12.0},{"not_picked":["Blade Dance","Cloak And Dagger"],"picked":"Leg Sweep","floor":14.0},{"not_picked":["Unload","Tools of the Trade"],"picked":"Corpse Explosion","floor":16.0},{"not_picked":["Quick Slash","Terror"],"picked":"PiercingWail","floor":18.0},{"not_picked":["Distraction","Masterful Stab","Flechettes"],"picked":"Singing Bowl","floor":19.0},{"not_picked":["Dagger Spray","Slice+1","Distraction+1"],"picked":"Singing Bowl","floor":20.0},{"not_picked":["Underhanded Strike","Deflect"],"picked":"Predator","floor":21},{"not_picked":["Night Terror","Cloak And Dagger","Well Laid Plans"],"picked":"Singing Bowl","floor":24},{"not_picked":["Expertise","Prepared","Quick Slash"],"picked":"Singing Bowl","floor":27},{"not_picked":["Choke+1","Dagger Throw+1"],"picked":"Backflip","floor":28},{"not_picked":["Outmaneuver","Sucker Punch","Crippling Poison"],"picked":"Singing Bowl","floor":30},{"not_picked":["Dagger Throw","Poisoned Stab","Prepared"],"picked":"Singing Bowl","floor":31},{"not_picked":["Die Die Die","Phantasmal Killer","Glass Knife"],"picked":"Singing Bowl","floor":33},{"not_picked":["Well Laid Plans+1","Acrobatics+1"],"picked":"Flying Knee","floor":35},{"not_picked":["Escape Plan+1","Underhanded Strike+1"],"picked":"Cloak And Dagger+1","floor":37},{"not_picked":["Backflip+1","Sucker Punch","Slice"],"picked":"Singing Bowl","floor":38},{"not_picked":["Sucker Punch+1","Dagger Spray+1"],"picked":"Finisher","floor":39},{"not_picked":["Reflex","Escape Plan"],"picked":"Footwork","floor":41},{"not_picked":["Flying Knee+1","Noxious Fumes","Eviscerate+1"],"picked":"Singing Bowl","floor":48}],"player_experience":146974,"relics_obtained":[{"floor":8.0,"key":"Singing Bowl"},{"floor":9.0,"key":"Ninja Scroll"},{"floor":10.0,"key":"Boot"},{"floor":14.0,"key":"Letter Opener"},{"floor":24,"key":"Regal Pillow"},{"floor":26,"key":"Bronze Scales"},{"floor":27,"key":"Tough Bandages"},{"floor":27,"key":"Shuriken"},{"floor":28,"key":"Matryoshka"},{"floor":41,"key":"Centennial Puzzle"},{"floor":43,"key":"Smiling Mask"},{"floor":43,"key":"War Paint"}],"event_choices":[{"cards_removed":["Strike_G"],"damage_healed":0.0,"max_hp_gain":0.0,"max_hp_loss":0.0,"gold_gain":0.0,"event_name":"Golden Wing","player_choice":"Card Removal","floor":4.0,"gold_loss":0.0,"damage_taken":7.0},{"damage_healed":0,"gold_gain":0,"player_choice":"Simplicity","damage_taken":0,"max_hp_gain":0,"max_hp_loss":0,"event_name":"Back to Basics","floor":22,"gold_loss":0,"cards_upgraded":["Defend_G","Defend_G","Defend_G","Defend_G","Defend_G","Strike_G","Strike_G","Strike_G","Strike_G"]},{"damage_healed":0,"gold_gain":0,"player_choice":"Fight","damage_taken":0,"max_hp_gain":0,"max_hp_loss":0,"event_name":"Colosseum","floor":27,"gold_loss":0},{"damage_healed":0,"gold_gain":0,"player_choice":"Fought Nobs","damage_taken":0,"max_hp_gain":0,"max_hp_loss":0,"event_name":"Colosseum","floor":27,"gold_loss":0},{"damage_healed":77,"gold_gain":0,"player_choice":"Heal","damage_taken":0,"max_hp_gain":0,"max_hp_loss":11,"event_name":"The Moai Head","floor":42,"gold_loss":0},{"cards_removed":["Predator"],"damage_healed":0,"gold_gain":0,"player_choice":"Removed Attack","damage_taken":0,"max_hp_gain":0,"max_hp_loss":0,"event_name":"Falling","floor":45,"gold_loss":0},{"cards_removed":["Strike_G"],"damage_healed":0,"gold_gain":0,"player_choice":"Upgrade and Remove","damage_taken":0,"max_hp_gain":0,"max_hp_loss":0,"event_name":"Designer","floor":47,"gold_loss":90,"cards_upgraded":["Quick Slash"]}],"is_beta":false,"boss_relics":[{"not_picked":["Eternal Feather","Fusion Hammer"],"picked":"Coffee Dripper"},{"not_picked":["Snecko Eye","Tiny House"],"picked":"Runic Pyramid"}],"items_purged_floors":[],"is_endless":false,"potions_floor_spawned":[1,2,3,7,8,11,12,14,16,18,19,20,21,24,27,27,28,30,31,33,35,37,38,39,41,48],"ascension_level":4}