{"path_per_floor":["M","?","M","?","M","M","$","M","T","M","?","R","E","M","R","B",null,"M","M","$","M","$","R","M","R","T","R","?"],"character_chosen":"THE_SILENT","items_purchased":["Tactician","Underhanded Strike","Calculated Gamble","Underhanded Strike"],"gold_per_floor":[118,118,131,161,180,196,7,23,46,61,11,11,42,53,53,153,153,166,176,13,27,27,27,47,47,71,71,71],"floor_reached":29,"campfire_rested":3,"playtime":2766,"current_hp_per_floor":[69,69,69,66,65,65,65,60,60,60,60,60,54,37,37,6,70,48,22,22,22,22,43,23,44,44,65,65],"items_purged":["Defend_G"],"gold":71,"play_id":"7ac830eb-ad36-48f4-b517-e2d0489da7de","is_prod":false,"is_daily":false,"is_ascension_mode":false,"campfire_upgraded":2,"path_taken":["M","?","M","?","M","?","$","M","T","?","?","R","E","M","R","BOSS","M","?","$","M","?","R","M","R","T","R","?","M"],"build_version":"2018-02-01-BETA1","purchased_purges":1,"victory":false,"master_deck":["Defend_G","Defend_G","Defend_G","Defend_G","Strike_G","Strike_G","Strike_G","Survivor","Neutralize","After Image","Backflip+1","Acrobatics+1","Dagger Throw","Tactician+1","Underhanded Strike","Adrenaline+1","Acrobatics","Wraith Form","Reflex","A Thousand Cuts","Underhanded Strike","Calculated Gamble","Underhanded Strike","Acrobatics+1","Concentrate"],"max_hp_per_floor":[70,70,70,70,70,70,70,70,70,70,70,70,70,70,70,70,70,70,70,70,70,70,70,70,70,70,70,70],"relics":["Ring of the Snake","Tiny Chest","Lantern","Bag of Marbles","Black Star","War Paint","Juzu Bracelet"],"card_choices":[{"not_picked":["Dash","Deadly Poison"],"picked":"Backflip"},{"not_picked":["Outmaneuver","Slice"],"picked":"Dagger Throw"},{"not_picked":["Terror","Sucker Punch"],"picked":"Adrenaline"},{"not_picked":["Malaise","PiercingWail"],"picked":"Acrobatics"},{"not_picked":["Dodge and Roll","Acrobatics"],"picked":"Wraith Form"},{"not_picked":["PiercingWail","Underhanded Strike"],"picked":"Reflex"},{"not_picked":["Grand Finale","Die Die Die"],"picked":"A Thousand Cuts"},{"not_picked":["All Out Attack","Deflect"],"picked":"Underhanded Strike"},{"not_picked":["Bane","Dagger Spray"],"picked":"Acrobatics"},{"not_picked":["Sucker Punch","Dagger Throw"],"picked":"Concentrate"}],"player_experience":136920,"potions_floor_usage":[13,13,14,24],"damage_taken":[{"damage":1.0,"enemies":"Small Slimes","floor":1.0,"turns":4.0},{"damage":0,"enemies":"Cultist","floor":3,"turns":5},{"damage":1,"enemies":"Blue Slaver","floor":5,"turns":5},{"damage":0,"enemies":"2 Fungi Beasts","floor":6,"turns":5},{"damage":5,"enemies":"Lots of Slimes","floor":8,"turns":5},{"damage":0,"enemies":"Red Slaver","floor":10,"turns":5},{"damage":6,"enemies":"Gremlin Nob","floor":13,"turns":3},{"damage":17,"enemies":"Gremlin Gang","floor":14,"turns":5},{"damage":31,"enemies":"The Guardian","floor":16,"turns":14},{"damage":22,"enemies":"Chosen","floor":18,"turns":8},{"damage":26,"enemies":"3 Byrds","floor":19,"turns":5},{"damage":0,"enemies":"3 Cultists","floor":21,"turns":4},{"damage":20,"enemies":"Sentry and Sphere","floor":24,"turns":5},{"damage":84,"enemies":"Cultist and Chosen","floor":29,"turns":10}],"event_choices":[{"event_name":"Living Wall","player_choice":"Change","floor":2.0,"damage_taken":0.0},{"event_name":"Scrap Ooze","player_choice":"success","floor":4,"damage_taken":3},{"event_name":"The Cleric","player_choice":"Card Removal","floor":11,"damage_taken":0},{"event_name":"The Mausoleum","player_choice":"Yes","floor":28,"damage_taken":0}],"boss_relics":[{"not_picked":["Eternal Feather","Velvet Choker"],"picked":"Black Star"}],"potions_floor_spawned":[3,5,6,19,24],"seed_played":"-2868619093378840908","killed_by":"Cultist and Chosen","ascension_level":0,"is_trial":false}