{"gold_per_floor":[112,132,148,73,88,115,132,132,159,186,196,196,229,404,404,404],"floor_reached":16,"playtime":1554,"items_purged":["Strike_G"],"score":162,"play_id":"a6050528-4639-4638-ac58-0f1d060b9918","local_time":"20190110210910","is_ascension_mode":true,"campfire_choices":[{"data":"Choke","floor":8,"key":"SMITH"},{"floor":12,"key":"REST"},{"floor":15,"key":"REST"}],"neow_cost":"NONE","seed_source_timestamp":1640223784986270,"circlet_count":0,"master_deck":["Defend_G","Defend_G","Defend_G","Defend_G","Defend_G","Strike_G","Strike_G","Strike_G","Strike_G","Survivor","Neutralize","Choke+1","Cloak And Dagger","Infinite Blades","Dagger Throw","Underhanded Strike","Accuracy","Dagger Throw","Doubt"],"relics":["Ring of the Snake","Blue Candle","PreservedInsect","Potion Belt","Juzu Bracelet"],"potions_floor_usage":[5,11,13,16,16],"damage_taken":[{"damage":5,"enemies":"Small Slimes","floor":1,"turns":4},{"damage":2,"enemies":"2 Louse","floor":2,"turns":3},{"damage":0,"enemies":"Cultist","floor":3,"turns":3},{"damage":13,"enemies":"Large Slime","floor":5,"turns":6},{"damage":25,"enemies":"Gremlin Nob","floor":6,"turns":5},{"damage":17,"enemies":"3 Louse","floor":7,"turns":3},{"damage":14,"enemies":"3 Sentries","floor":10,"turns":6},{"damage":0,"enemies":"Blue Slaver","floor":11,"turns":4},{"damage":0,"enemies":"Lagavulin","floor":13,"turns":6},{"damage":52,"enemies":"Hexaghost","floor":16,"turns":10}],"seed_played":"4311781055735381818","potions_obtained":[{"floor":1,"key":"Weak Potion"},{"floor":3,"key":"Swift Potion"},{"floor":5,"key":"Ancient Potion"},{"floor":11,"key":"Block Potion"},{"floor":13,"key":"EssenceOfSteel"}],"is_trial":false,"path_per_floor":["M","M","M","$","M","E","M","R","T","E","M","R","E","?","R","B"],"character_chosen":"THE_SILENT","items_purchased":[],"campfire_rested":2,"item_purchase_floors":[],"current_hp_per_floor":[72,70,70,70,57,32,15,15,15,1,1,24,24,24,47,0],"gold":404,"neow_bonus":"TEN_PERCENT_HP_BONUS","is_prod":false,"is_daily":false,"chose_seed":false,"campfire_upgraded":1,"win_rate":0,"timestamp":1547125750,"path_taken":["M","M","M","$","M","E","M","R","T","E","M","R","E","?","R","BOSS"],"build_version":"2019-01-03v4","purchased_purges":1,"victory":false,"max_hp_per_floor":[77,77,77,77,77,77,77,77,77,77,77,77,77,77,77,77],"card_choices":[{"not_picked":["Predator","Footwork"],"picked":"Choke","floor":1},{"not_picked":["All Out Attack","Bane"],"picked":"Cloak And Dagger","floor":2},{"not_picked":["Quick Slash","Dagger Spray"],"picked":"Infinite Blades","floor":3},{"not_picked":["Masterful Stab","Poisoned Stab"],"picked":"Dagger Throw","floor":5},{"not_picked":["Flechettes","Riddle With Holes"],"picked":"Underhanded Strike","floor":6},{"not_picked":["Deflect","PiercingWail"],"picked":"Accuracy","floor":7},{"not_picked":["Quick Slash","Setup"],"picked":"Dagger Throw","floor":10},{"not_picked":["Deflect","Finisher","Heel Hook"],"picked":"SKIP","floor":11},{"not_picked":["Expertise","Backflip","PiercingWail"],"picked":"SKIP","floor":13}],"player_experience":278051,"relics_obtained":[{"floor":6,"key":"Blue Candle"},{"floor":9,"key":"PreservedInsect"},{"floor":10,"key":"Potion Belt"},{"floor":13,"key":"Juzu Bracelet"}],"event_choices":[{"damage_healed":0,"gold_gain":175,"player_choice":"AGREE","damage_taken":0,"max_hp_gain":0,"max_hp_loss":0,"event_name":"Liars Game","floor":14,"gold_loss":0,"cards_obtained":["Doubt"]}],"is_beta":false,"boss_relics":[],"items_purged_floors":[4],"is_endless":false,"potions_floor_spawned":[1,3,5,11,13],"killed_by":"Hexaghost","ascension_level":2}