{"path_per_floor":["M","?","?","M","?","E","R","M","T","M","$","?","M","M","R","B",null,"M","?","M","$","M","E","?","R","T","$","M","?","M","?","R","B",null,"M","M","$","?","$","E","R"],"character_chosen":"THE_SILENT","items_purchased":["Snake Skull","Backflip","Noxious Fumes","Apotheosis","Anchor"],"gold_per_floor":[116,116,116,136,136,171,171,182,207,222,147,147,158,171,171,274,274,259,259,278,78,90,121,121,121,175,5,17,217,235,235,235,340,340,354,370,1,1,1,27,27],"floor_reached":42,"campfire_rested":4,"playtime":4141,"current_hp_per_floor":[70,70,70,62,59,33,54,51,58,54,54,47,46,42,65,34,77,66,66,66,66,54,5,5,43,43,43,43,43,41,41,77,53,77,69,77,77,77,77,36,36],"items_purged":["Regret","Decay"],"gold":27,"score":421,"play_id":"ab456714-9e87-4bf2-a0ff-deb855e985cd","is_prod":false,"is_daily":false,"is_ascension_mode":false,"campfire_upgraded":1,"path_taken":["M","?","?","M","?","E","R","M","T","M","?","?","?","M","R","BOSS","M","?","M","$","M","E","?","R","T","$","M","?","?","?","R","BOSS","M","M","?","?","?","E","R","?"],"build_version":"2018-02-12-PROD1","purchased_purges":4,"victory":false,"master_deck":["Defend_G","Defend_G","Defend_G+1","Survivor","Neutralize","Deadly Poison+1","Flying Knee","Poisoned Stab","Acrobatics","Noxious Fumes","Caltrops","Venomology","Escape Plan+1","Blade Dance+1","Bouncing Flask+1","Noxious Fumes+1","Deflect+1","Backflip","Bane","Well Laid Plans+1","Noxious Fumes","Acrobatics+1","After Image","Burst+1","Apotheosis","Deflect"],"max_hp_per_floor":[70,70,70,70,70,70,70,70,77,77,77,77,77,77,77,77,77,77,77,77,77,77,77,77,77,77,77,77,77,77,77,77,77,77,77,77,77,77,77,77,77],"relics":["Ring of the Snake","War Paint","Bag of Marbles","Bronze Scales","Strawberry","Astrolabe","Snake Skull","Regal Pillow","Lantern","The Specimen","Anchor","Ancient Tea Set"],"card_choices":[{"not_picked":["Deflect","PiercingWail"],"picked":"Deadly Poison"},{"not_picked":["Eviscerate","Quick Slash"],"picked":"Flying Knee"},{"not_picked":["PiercingWail","Infinite Blades"],"picked":"Poisoned Stab"},{"not_picked":["Masterful Stab","Prepared"],"picked":"Acrobatics"},{"not_picked":["Deflect","Outmaneuver"],"picked":"Noxious Fumes"},{"not_picked":["Wraith Form","Outmaneuver"],"picked":"Caltrops"},{"not_picked":["Glass Knife","Bullet Time"],"picked":"Venomology"},{"not_picked":["Deflect","Eviscerate"],"picked":"Noxious Fumes"},{"not_picked":["Bouncing Flask","Distraction"],"picked":"Deflect"},{"not_picked":["Acrobatics","Prepared"],"picked":"Bane"},{"not_picked":["Deflect","Bouncing Flask"],"picked":"Well Laid Plans"},{"not_picked":["Choke","Endless Agony"],"picked":"Acrobatics"},{"not_picked":["Wraith Form","Unload"],"picked":"Burst"},{"not_picked":["Distraction","Venomology"],"picked":"Deflect"}],"player_experience":20367,"potions_floor_usage":[6,16,16,20,22,22,22,28,30,30,33,33,36,40,40,42],"damage_taken":[{"damage":0,"enemies":"Small Slimes","floor":1,"turns":4},{"damage":8,"enemies":"Cultist","floor":4,"turns":4},{"damage":26,"enemies":"3 Sentries","floor":6,"turns":12},{"damage":3,"enemies":"Jaw Worm","floor":8,"turns":2},{"damage":4,"enemies":"Red Slaver","floor":10,"turns":4},{"damage":1,"enemies":"Exordium Thugs","floor":13,"turns":4},{"damage":4,"enemies":"3 Louse","floor":14,"turns":2},{"damage":31,"enemies":"Hexaghost","floor":16,"turns":6},{"damage":11,"enemies":"2 Thieves","floor":18,"turns":4},{"damage":0,"enemies":"Chosen","floor":20,"turns":4},{"damage":12,"enemies":"3 Cultists","floor":22,"turns":4},{"damage":49,"enemies":"Gremlin Leader","floor":23,"turns":6},{"damage":0,"enemies":"Sentry and Sphere","floor":28,"turns":3},{"damage":2,"enemies":"Chosen and Byrds","floor":30,"turns":5},{"damage":24,"enemies":"Automaton","floor":33,"turns":8},{"damage":8,"enemies":"3 Shapes","floor":35,"turns":4},{"damage":1,"enemies":"3 Darklings","floor":36,"turns":5},{"damage":41,"enemies":"2 Orb Walkers","floor":40,"turns":5},{"damage":37,"enemies":"Mysterious Sphere","floor":42,"turns":4}],"event_choices":[{"event_name":"Big Fish","player_choice":"Box","floor":2,"damage_taken":0},{"event_name":"Wheel of Change","player_choice":"Full Heal","floor":3,"damage_taken":0},{"event_name":"Scrap Ooze","player_choice":"success","floor":5,"damage_taken":3},{"event_name":"Golden Wing","player_choice":"Card Removal","floor":12,"damage_taken":0},{"event_name":"Back to Basics","player_choice":"Elegance","floor":19,"damage_taken":0},{"event_name":"Forgotten Altar","player_choice":"Smashed Altar","floor":24,"damage_taken":0},{"event_name":"Wheel of Change","player_choice":"Gold","floor":29,"damage_taken":0},{"event_name":"The Library","player_choice":"Read","floor":31,"damage_taken":0},{"event_name":"Mysterious Sphere","player_choice":"Fight","floor":42,"damage_taken":0}],"boss_relics":[{"not_picked":["Sozu","Runic Pyramid"],"picked":"Astrolabe"},{"not_picked":["White Beast Statue","Cursed Key"],"picked":"The Specimen"}],"potions_floor_spawned":[1,6,10,14,20,23,33,35],"seed_played":"22182855277551335","killed_by":"Mysterious Sphere","ascension_level":0,"is_trial":false}