{"gold_per_floor":[118,128,303,92,111,111,126,126,151,151,161,161,111,122,122,225,225,244,244,255,38,49,49,62,62,144,144,162,172,192,192,192,294,294,307,307,307,318,318,318,331,331,331,331,344,363,375,395,395,395],"floor_reached":50,"playtime":2357,"items_purged":["Doubt"],"score":440,"play_id":"081ecc06-014e-4844-8e22-296c4f20621b","local_time":"20190208213142","is_ascension_mode":false,"campfire_choices":[{"data":"Cloak And Dagger","floor":6,"key":"SMITH"},{"data":"After Image","floor":8,"key":"SMITH"},{"data":"Blade Dance","floor":12,"key":"SMITH"},{"data":"Blade Dance","floor":15,"key":"SMITH"},{"data":"Panache","floor":23,"key":"SMITH"},{"data":"After Image","floor":25,"key":"SMITH"},{"data":"Choke","floor":27,"key":"SMITH"},{"data":"Finesse","floor":32,"key":"SMITH"},{"data":"Dodge and Roll","floor":40,"key":"SMITH"},{"data":"Neutralize","floor":42,"key":"SMITH"},{"data":"Sucker Punch","floor":44,"key":"SMITH"},{"floor":49,"key":"REST"}],"neow_cost":"NONE","seed_source_timestamp":701500010732088,"circlet_count":0,"master_deck":["Defend_G","Defend_G","Defend_G","Defend_G","Strike_G","Strike_G","Strike_G","Strike_G","Survivor","Neutralize+1","Cloak And Dagger+1","Deflect","Choke+1","Blade Dance+1","Blade Dance+1","Sucker Punch+1","Backflip","Finesse+1","Cloak And Dagger+1","After Image+1","Dodge and Roll+1","After Image+1","Well Laid Plans+1","Panache+1","Backflip+1","Accuracy+1","Tools of the Trade","Blur+1","Parasite","Dodge and Roll+1"],"relics":["Orrery"],"potions_floor_usage":[7,16,22,30,33,33,41,47,48],"damage_taken":[{"damage":2,"enemies":"Jaw Worm","floor":1,"turns":4},{"damage":2,"enemies":"Small Slimes","floor":2,"turns":3},{"damage":0,"enemies":"2 Louse","floor":5,"turns":3},{"damage":12,"enemies":"Exordium Thugs","floor":7,"turns":6},{"damage":0,"enemies":"Looter","floor":11,"turns":3},{"damage":0,"enemies":"Exordium Wildlife","floor":14,"turns":4},{"damage":36,"enemies":"Hexaghost","floor":16,"turns":16},{"damage":2,"enemies":"3 Byrds","floor":18,"turns":7},{"damage":1,"enemies":"Chosen","floor":20,"turns":7},{"damage":0,"enemies":"Shelled Parasite and Fungi","floor":22,"turns":6},{"damage":6,"enemies":"Centurion and Healer","floor":24,"turns":6},{"damage":0,"enemies":"Snake Plant","floor":28,"turns":5},{"damage":0,"enemies":"Sentry and Sphere","floor":29,"turns":6},{"damage":0,"enemies":"Snecko","floor":30,"turns":4},{"damage":8,"enemies":"Automaton","floor":33,"turns":12},{"damage":4,"enemies":"Orb Walker","floor":35,"turns":5},{"damage":31,"enemies":"3 Darklings","floor":38,"turns":6},{"damage":1,"enemies":"Jaw Worm Horde","floor":41,"turns":4},{"damage":2,"enemies":"Sphere and 2 Shapes","floor":45,"turns":5},{"damage":20,"enemies":"Transient","floor":46,"turns":5},{"damage":13,"enemies":"4 Shapes","floor":47,"turns":14},{"damage":2,"enemies":"Writhing Mass","floor":48,"turns":7},{"damage":25,"enemies":"Time Eater","floor":50,"turns":7}],"seed_played":"-7707667413916232049","potions_obtained":[{"floor":2,"key":"Explosive Potion"},{"floor":7,"key":"Ancient Potion"},{"floor":16,"key":"AttackPotion"},{"floor":22,"key":"Fruit Juice"},{"floor":28,"key":"SkillPotion"},{"floor":38,"key":"Block Potion"},{"floor":45,"key":"AttackPotion"},{"floor":47,"key":"PowerPotion"},{"floor":48,"key":"Poison Potion"}],"is_trial":false,"path_per_floor":["M","M","?","$","M","R","M","R","T","?","M","R","?","M","R","B",null,"M","?","M","$","M","R","M","R","T","R","M","M","M","?","R","B",null,"M","?","?","M","?","R","M","R","T","R","M","M","M","M","R","B"],"character_chosen":"THE_SILENT","items_purchased":["Finesse","SkillPotion","Panache","PowerPotion"],"campfire_rested":1,"item_purchase_floors":[4,4,21,21],"current_hp_per_floor":[68,66,66,66,66,66,54,54,54,54,54,54,54,54,54,18,70,68,68,67,67,72,72,66,66,66,66,66,66,66,66,66,58,75,71,71,71,40,40,40,39,39,39,39,37,17,4,2,23,0],"gold":395,"neow_bonus":"BOSS_RELIC","is_prod":false,"is_daily":false,"chose_seed":false,"campfire_upgraded":11,"win_rate":0,"timestamp":1549661502,"path_taken":["M","M","?","$","M","R","M","R","T","?","M","R","?","M","R","BOSS","M","?","M","$","M","R","M","R","T","R","M","M","M","?","R","BOSS","M","?","?","?","?","R","M","R","T","R","M","?","M","M","R","BOSS"],"build_version":"2019-01-23","purchased_purges":1,"victory":false,"max_hp_per_floor":[70,70,70,70,70,70,70,70,70,70,70,70,70,70,70,70,70,70,70,70,70,75,75,75,75,75,75,75,75,75,75,75,75,75,75,71,71,71,71,71,71,71,71,71,71,71,71,71,71,71],"card_choices":[{"not_picked":["Choke","Escape Plan"],"picked":"Cloak And Dagger","floor":0},{"not_picked":["Predator","Deadly Poison"],"picked":"Deflect","floor":0},{"not_picked":["Acrobatics","Flying Knee"],"picked":"Choke","floor":0},{"not_picked":["Tactician","Outmaneuver"],"picked":"Blade Dance","floor":0},{"not_picked":["Dagger Throw","Quick Slash"],"picked":"Blade Dance","floor":0},{"not_picked":["Distraction","Quick Slash"],"picked":"Sucker Punch","floor":1},{"not_picked":["Crippling Poison","Dagger Throw"],"picked":"Backflip","floor":2},{"not_picked":["PiercingWail","Blade Dance"],"picked":"Cloak And Dagger","floor":5},{"not_picked":["Flying Knee","Riddle With Holes"],"picked":"After Image","floor":7},{"not_picked":["Heel Hook","Setup"],"picked":"Dodge and Roll","floor":11},{"not_picked":["Dodge and Roll","Concentrate","Finisher"],"picked":"SKIP","floor":14},{"not_picked":["Corpse Explosion","Malaise"],"picked":"After Image","floor":16},{"not_picked":["Deflect","Eviscerate","Outmaneuver"],"picked":"SKIP","floor":18},{"not_picked":["Acrobatics+1","Setup+1"],"picked":"Well Laid Plans+1","floor":20},{"not_picked":["Sucker Punch","Poisoned Stab","Dodge and Roll"],"picked":"SKIP","floor":22},{"not_picked":["Deflect","Underhanded Strike","Dagger Throw"],"picked":"SKIP","floor":24},{"not_picked":["Eviscerate+1","Prepared"],"picked":"Backflip+1","floor":28},{"not_picked":["Tactician","Flying Knee","Poisoned Stab"],"picked":"SKIP","floor":29},{"not_picked":["Expertise","Phantasmal Killer","Heel Hook"],"picked":"SKIP","floor":30},{"not_picked":["All Out Attack","Flying Knee+1"],"picked":"Accuracy+1","floor":35},{"not_picked":["Endless Agony","Deadly Poison"],"picked":"Blur+1","floor":38},{"not_picked":["Caltrops","Well Laid Plans+1","Flying Knee+1"],"picked":"SKIP","floor":41},{"not_picked":["Outmaneuver+1","Acrobatics","Quick Slash"],"picked":"SKIP","floor":45},{"not_picked":["Outmaneuver+1","Deadly Poison","Bane"],"picked":"SKIP","floor":46},{"not_picked":["Die Die Die","Crippling Poison+1","Eviscerate"],"picked":"SKIP","floor":47},{"not_picked":["Cloak And Dagger","Deadly Poison+1"],"picked":"Dodge and Roll+1","floor":48}],"player_experience":553356,"relics_obtained":[],"event_choices":[{"damage_healed":0,"gold_gain":175,"player_choice":"AGREE","damage_taken":0,"max_hp_gain":0,"max_hp_loss":0,"event_name":"Liars Game","floor":3,"gold_loss":0,"cards_obtained":["Doubt"]},{"damage_healed":0,"gold_gain":0,"player_choice":"Grow","damage_taken":0,"max_hp_gain":0,"max_hp_loss":0,"event_name":"Living Wall","floor":10,"gold_loss":0,"cards_upgraded":["Cloak And Dagger"]},{"cards_removed":["Strike_G"],"damage_healed":0,"gold_gain":0,"player_choice":"Card Removal","damage_taken":0,"max_hp_gain":0,"max_hp_loss":0,"event_name":"The Cleric","floor":13,"gold_loss":50},{"damage_healed":0,"gold_gain":0,"player_choice":"Ignored","damage_taken":0,"max_hp_gain":0,"max_hp_loss":0,"event_name":"Cursed Tome","floor":19,"gold_loss":0},{"damage_healed":0,"gold_gain":0,"player_choice":"Ignored","damage_taken":0,"max_hp_gain":0,"max_hp_loss":0,"event_name":"Vampires","floor":31,"gold_loss":0},{"damage_healed":0,"gold_gain":0,"player_choice":"Max HP","damage_taken":0,"max_hp_gain":0,"max_hp_loss":4,"event_name":"Winding Halls","floor":36,"gold_loss":0},{"damage_healed":0,"gold_gain":0,"cards_transformed":["Defend_G"],"player_choice":"Transformed","damage_taken":0,"max_hp_gain":0,"max_hp_loss":0,"event_name":"Transmorgrifier","floor":37,"gold_loss":0,"cards_obtained":["Tools of the Trade"]},{"damage_healed":0,"gold_gain":0,"player_choice":"Ignored","damage_taken":0,"max_hp_gain":0,"max_hp_loss":0,"event_name":"SecretPortal","floor":39,"gold_loss":0}],"is_beta":false,"boss_relics":[{"not_picked":["Tiny House","Cursed Key","HoveringKite"]},{"not_picked":["Busted Crown","Snecko Eye","Runic Pyramid"]}],"items_purged_floors":[4],"is_endless":false,"potions_floor_spawned":[2,7,16,22,28,29,38,45,47,48],"killed_by":"Time Eater","ascension_level":0}