{"path_per_floor":["M","M","T","M","M","R","E","$","T","E","R","E","R","E","R","B",null,"M","$","?","?","M","E","$"],"character_chosen":"DEFECT","items_purchased":["Beam Cell","Scrape","Symbiotic Virus","Beam Cell"],"gold_per_floor":[114,129,129,144,159,159,189,72,72,102,102,132,132,162,162,262,262,277,27,27,27,42,72,47,47],"floor_reached":25,"campfire_rested":3,"playtime":1022,"current_hp_per_floor":[74,73,79,77,72,72,35,35,41,18,44,19,45,45,71,53,93,90,90,90,90,73,11,11,0],"items_purged":[],"gold":47,"score":297,"play_id":"4f3c6458-e2c7-4404-9f3d-c05f35c89461","local_time":"20180505104246","daily_mods":["Heirloom","Cursed Run","Elite Swarm"],"is_prod":false,"is_daily":true,"chose_seed":false,"is_ascension_mode":false,"campfire_upgraded":1,"timestamp":1525538566,"path_taken":["M","M","?","M","M","R","E","?","T","E","R","E","R","E","R","BOSS","M","$","?","?","M","E","?","E"],"build_version":"2018-05-03","seed_source_timestamp":0,"purchased_purges":0,"victory":false,"master_deck":["Strike_B","Strike_B","Strike_B","Defend_B","Defend_B","Defend_B","Defend_B","Zap","Dualcast","Capacitor","FTL","Normality","Recycle+1","Rebound","All For One","Beam Cell","Scrape","Parasite","All For One","All For One","Doubt","Doom and Gloom","Beam Cell"],"max_hp_per_floor":[75,75,81,81,81,81,81,81,87,87,87,87,87,87,87,93,93,93,93,93,93,93,93,93,93],"relics":["Cursed Key","Darkstone Periapt","Du-Vu Doll","Emotion Chip","Kunai","Sundial","Dodecahedron","Frozen Egg 2","Happy Flower","Peace Pipe","White Beast Statue","Symbiotic Virus","Meat on the Bone"],"card_choices":[{"not_picked":["Barrage","Coolheaded"],"picked":"Capacitor","floor":1},{"not_picked":["Coolheaded","Amplify"],"picked":"FTL","floor":2},{"not_picked":["Stack","Hologram"],"picked":"Recycle","floor":4},{"not_picked":["Impulse","Coolheaded"],"picked":"Rebound","floor":5},{"not_picked":["Fission","Redo"],"picked":"All For One","floor":7},{"not_picked":["Rainbow","Reboot"],"picked":"All For One","floor":10},{"not_picked":["Prime","Meteor Strike"],"picked":"All For One","floor":12}],"player_experience":367403,"potions_floor_usage":[5,14,14,16,22,25,25],"damage_taken":[{"damage":1,"enemies":"Cultist","floor":1,"turns":4},{"damage":1,"enemies":"Jaw Worm","floor":2,"turns":4},{"damage":2,"enemies":"Small Slimes","floor":4,"turns":3},{"damage":5,"enemies":"Exordium Thugs","floor":5,"turns":3},{"damage":37,"enemies":"Lagavulin","floor":7,"turns":7},{"damage":23,"enemies":"Gremlin Nob","floor":10,"turns":4},{"damage":25,"enemies":"3 Sentries","floor":12,"turns":6},{"damage":0,"enemies":"Lagavulin","floor":14,"turns":3},{"damage":24,"enemies":"Hexaghost","floor":16,"turns":6},{"damage":3,"enemies":"3 Byrds","floor":18,"turns":3},{"damage":17,"enemies":"2 Thieves","floor":22,"turns":2},{"damage":62,"enemies":"Gremlin Leader","floor":23,"turns":7},{"damage":15,"enemies":"Slavers","floor":25,"turns":1}],"event_choices":[{"event_name":"Ghosts","player_choice":"Ignored","floor":20,"damage_taken":0},{"event_name":"Transmorgrifier","player_choice":"Transform","floor":21,"damage_taken":0}],"boss_relics":[{"not_picked":["Lizard Tail","Snecko Eye"],"picked":"White Beast Statue"}],"potions_floor_spawned":[4,10,12,14,18,22,23],"seed_played":"-736207879741980722","killed_by":"Slavers","ascension_level":0,"is_trial":false}