{"path_per_floor":["M","?","$","?","M","E","M","R","T","?","M","R","M","E","R"],"character_chosen":"DEFECT","items_purchased":["Defragment","War Paint"],"gold_per_floor":[115,190,0,0,13,46,65,65,65,240,260,260,279,305,305,305],"floor_reached":16,"campfire_rested":1,"playtime":708,"item_purchase_floors":[3,3],"current_hp_per_floor":[75,64,64,75,75,56,56,56,56,56,35,72,64,38,38,0],"items_purged":[],"gold":305,"score":132,"play_id":"b38aab15-0028-4796-a580-8abb8ad353d4","local_time":"20180609192959","is_prod":false,"is_daily":false,"chose_seed":false,"is_ascension_mode":true,"campfire_upgraded":2,"win_rate":0,"timestamp":1528568999,"campfire_choices":[{"data":"Defragment","floor":8,"key":"SMITH"},{"floor":12,"key":"REST"},{"data":"Recycle","floor":15,"key":"SMITH"}],"path_taken":["M","?","$","?","M","E","M","R","T","?","?","R","?","E","R","BOSS"],"build_version":"2018-06-07v3","seed_source_timestamp":175108743032385,"purchased_purges":0,"victory":false,"master_deck":["Strike_B","Strike_B","Strike_B","Strike_B","Defend_B+1","Defend_B","Defend_B+1","Defend_B","Zap","Dualcast","Sweeping Beam","Defragment+1","Storm","Doubt","Recycle+1"],"max_hp_per_floor":[75,75,75,75,75,75,75,75,75,75,75,75,75,75,75,75],"relics":["Cracked Core","Regal Pillow","War Paint","Gremlin Horn","Bottled Tornado","Pantograph"],"card_choices":[{"not_picked":["Beam Cell","Steam"],"picked":"Sweeping Beam","floor":1},{"not_picked":["Redo","Coolheaded","Barrage"],"picked":"SKIP","floor":5},{"not_picked":["Aggregate","Glacier"],"picked":"Storm","floor":6},{"not_picked":["Redo","Compile Driver","Go for the Eyes"],"picked":"SKIP","floor":7},{"not_picked":["Ball Lightning","Force Field"],"picked":"Recycle","floor":11},{"not_picked":["Turbo","Compile Driver","Scrape"],"picked":"SKIP","floor":13},{"not_picked":["Reprogram","Barrage","Compile Driver"],"picked":"SKIP","floor":14}],"player_experience":288875,"potions_floor_usage":[6],"damage_taken":[{"damage":0,"enemies":"Small Slimes","floor":1,"turns":3},{"damage":0,"enemies":"Cultist","floor":5,"turns":3},{"damage":19,"enemies":"Lagavulin","floor":6,"turns":6},{"damage":0,"enemies":"2 Louse","floor":7,"turns":2},{"damage":21,"enemies":"Exordium Thugs","floor":11,"turns":5},{"damage":8,"enemies":"Blue Slaver","floor":13,"turns":3},{"damage":26,"enemies":"3 Sentries","floor":14,"turns":6},{"damage":65,"enemies":"Hexaghost","floor":16,"turns":10}],"relics_obtained":[{"floor":6,"key":"Gremlin Horn"},{"floor":9,"key":"Bottled Tornado"},{"floor":14,"key":"Pantograph"}],"event_choices":[{"event_name":"World of Goop","player_choice":"Gather Gold","floor":2,"damage_taken":0},{"event_name":"Wheel of Change","player_choice":"Full Heal","floor":4,"damage_taken":0},{"event_name":"Liars Game","player_choice":"agreed","floor":10,"damage_taken":0}],"boss_relics":[],"items_purged_floors":[],"potions_floor_spawned":[1,11],"seed_played":"-1839827738241484414","killed_by":"Hexaghost","ascension_level":4,"potions_obtained":[{"floor":1,"key":"Fire Potion"},{"floor":11,"key":"Ancient Potion"}],"is_trial":false}