{"gold_per_floor":[112,127,17,35,35,35,73,73,73,73,36,36,36,72,72,201,201,216,216,216,2,27,27,42,78,147,186,111,111,111,111,111,232,232,248,50,66,80,80,149,149,189,189,210,253,266,284,194,194,194],"floor_reached":51,"playtime":3313,"items_purged":["Defend_B","Writhe"],"score":1144,"play_id":"d9d2a0ad-85da-486b-993a-3631dfe591e9","local_time":"20190426163008","is_ascension_mode":true,"campfire_choices":[{"data":"Beam Cell","floor":6,"key":"SMITH"},{"data":"Go for the Eyes","floor":8,"key":"SMITH"},{"data":"Zap","floor":13,"key":"SMITH"},{"data":"Doom and Gloom","floor":15,"key":"SMITH"},{"data":"Defragment","floor":23,"key":"SMITH"},{"floor":30,"key":"REST"},{"data":"Beam Cell","floor":32,"key":"SMITH"},{"data":"Dualcast","floor":41,"key":"SMITH"},{"floor":49,"key":"REST"}],"neow_cost":"NONE","seed_source_timestamp":200636879400510,"circlet_count":0,"master_deck":["Zap+1","Dualcast+1","Beam Cell+1","Glacier","Self Repair","Go for the Eyes+1","Doom and Gloom+1","Coolheaded+1","Seek+1","Reinforced Body+1","Core Surge","Reboot+1","Doom and Gloom+1","Defragment+1","Beam Cell+1","Capacitor","Coolheaded+1","Glacier+1","Redo+1","Redo+1","Conserve Battery+1","Rainbow+1","Leap+1","Redo+1","Double Energy+1","BootSequence+1","Darkness+1","Consume+1","Barrage"],"relics":["Cracked Core","Golden Idol","Darkstone Periapt","Cables","Toxic Egg 2","Centennial Puzzle","Pandora\u0027s Box","Question Card","Lantern","Matryoshka","Meat on the Bone","Bag of Preparation","Bronze Scales","Inserter","Runic Capacitor","Tiny Chest","Regal Pillow","Potion Belt","Happy Flower","Anchor"],"potions_floor_usage":[16,22,25,27,40,42,47,50,50,50],"damage_taken":[{"damage":1,"enemies":"Cultist","floor":1,"turns":3},{"damage":1,"enemies":"Small Slimes","floor":2,"turns":4},{"damage":0,"enemies":"2 Louse","floor":4,"turns":3},{"damage":26,"enemies":"Lagavulin","floor":7,"turns":8},{"damage":16,"enemies":"Gremlin Nob","floor":14,"turns":3},{"damage":7,"enemies":"Hexaghost","floor":16,"turns":9},{"damage":0,"enemies":"Shell Parasite","floor":18,"turns":5},{"damage":15,"enemies":"2 Thieves","floor":22,"turns":4},{"damage":14,"enemies":"Centurion and Healer","floor":24,"turns":8},{"damage":5,"enemies":"Book of Stabbing","floor":25,"turns":5},{"damage":20,"enemies":"Slavers","floor":27,"turns":4},{"damage":42,"enemies":"Champ","floor":33,"turns":8},{"damage":0,"enemies":"Orb Walker","floor":35,"turns":3},{"damage":0,"enemies":"3 Shapes","floor":37,"turns":4},{"damage":1,"enemies":"Writhing Mass","floor":38,"turns":6},{"damage":0,"enemies":"Giant Head","floor":40,"turns":8},{"damage":15,"enemies":"Reptomancer","floor":42,"turns":6},{"damage":0,"enemies":"4 Shapes","floor":44,"turns":2},{"damage":55,"enemies":"Giant Head","floor":45,"turns":7},{"damage":4,"enemies":"Transient","floor":46,"turns":5},{"damage":39,"enemies":"Jaw Worm Horde","floor":47,"turns":4},{"damage":0,"enemies":"Donu and Deca","floor":50,"turns":10}],"seed_played":"-4203025706133336744","potions_obtained":[{"floor":7,"key":"PowerPotion"},{"floor":14,"key":"Strength Potion"},{"floor":16,"key":"FocusPotion"},{"floor":18,"key":"Ancient Potion"},{"floor":24,"key":"Block Potion"},{"floor":25,"key":"SpeedPotion"},{"floor":33,"key":"Dexterity Potion"},{"floor":37,"key":"FocusPotion"},{"floor":40,"key":"SkillPotion"},{"floor":45,"key":"EssenceOfSteel"},{"floor":47,"key":"Explosive Potion"}],"is_trial":false,"path_per_floor":["M","M","$","M","?","R","E","R","T","?","$","T","R","E","R","B",null,"M","?","?","$","M","R","M","E","T","E","?","?","R","T","R","B",null,"M","$","M","M","?","E","R","E","T","M","E","M","M","?","R","B",null],"character_chosen":"DEFECT","items_purchased":["Self Repair","Doom and Gloom","Capacitor","Coolheaded+1","Runic Capacitor"],"campfire_rested":2,"item_purchase_floors":[3,11,21,21,36],"current_hp_per_floor":[67,66,66,73,69,69,50,50,50,73,73,73,73,64,64,64,72,75,75,81,81,73,73,66,61,61,41,41,41,64,64,64,41,69,69,69,76,75,75,78,78,70,70,70,27,42,22,22,60,67],"gold":194,"neow_bonus":"REMOVE_CARD","is_prod":false,"is_daily":false,"chose_seed":false,"campfire_upgraded":7,"win_rate":0,"timestamp":1556317808,"path_taken":["M","M","$","?","?","R","E","R","T","?","$","?","R","E","R","BOSS","M","?","?","$","?","R","M","E","T","E","?","?","R","?","R","BOSS","M","$","M","M","?","E","R","E","T","?","E","M","M","?","R","BOSS"],"build_version":"2019-04-23","purchased_purges":2,"victory":true,"max_hp_per_floor":[75,75,75,75,69,69,69,69,69,75,75,75,75,75,75,75,75,75,75,81,81,81,81,81,81,81,81,78,78,78,78,78,78,78,78,78,78,78,78,78,78,78,78,78,78,78,78,78,78,78],"card_choices":[{"not_picked":["Go for the Eyes","Sweeping Beam"],"picked":"Beam Cell","floor":1},{"not_picked":["Ball Lightning","Streamline"],"picked":"Glacier","floor":2},{"not_picked":["Coolheaded","Chill","Melter"],"picked":"SKIP","floor":4},{"not_picked":["Hologram","Storm"],"picked":"Go for the Eyes","floor":7},{"not_picked":["Blizzard","BootSequence+1"],"picked":"Coolheaded+1","floor":14},{"not_picked":["Meteor Strike","Buffer"],"picked":"Seek+1","floor":16},{"not_picked":["Recycle+1","Turbo+1"],"picked":"Beam Cell","floor":18},{"not_picked":["Go for the Eyes","Steam Power+1","Sweeping Beam"],"picked":"Glacier+1","floor":22},{"not_picked":["Gash+1","Steam+1","Genetic Algorithm+1"],"picked":"Redo+1","floor":24},{"not_picked":["Seek+1","Melter","Turbo+1"],"picked":"Redo+1","floor":25},{"not_picked":["Redo+1","Lockon","Beam Cell"],"picked":"Conserve Battery+1","floor":27},{"not_picked":["Creative AI","Buffer","Machine Learning"],"picked":"Rainbow+1","floor":33},{"not_picked":["Barrage+1","Capacitor","Genetic Algorithm+1"],"picked":"Redo+1","floor":35},{"not_picked":["Aggregate+1","Cold Snap+1","Auto Shields+1"],"picked":"Leap+1","floor":37},{"not_picked":["Cold Snap","Turbo+1","Glacier+1"],"picked":"Redo+1","floor":38},{"not_picked":["Chill+1","Compile Driver","Turbo+1"],"picked":"Double Energy+1","floor":40},{"not_picked":["Conserve Battery+1","Cold Snap+1","Chaos+1"],"picked":"BootSequence+1","floor":42},{"not_picked":["Steam+1","Sweeping Beam","Rip and Tear"],"picked":"Darkness+1","floor":44},{"not_picked":["Cold Snap","Meteor Strike","Stack+1","Go for the Eyes+1"],"picked":"SKIP","floor":45},{"not_picked":["BootSequence+1","Go for the Eyes+1","Self Repair+1"],"picked":"Consume+1","floor":46},{"not_picked":["Conserve Battery+1","Storm","Ball Lightning+1"],"picked":"Barrage","floor":47}],"player_experience":528998,"relics_obtained":[{"floor":7,"key":"Darkstone Periapt"},{"floor":9,"key":"Cables"},{"floor":12,"key":"Toxic Egg 2"},{"floor":14,"key":"Centennial Puzzle"},{"floor":25,"key":"Lantern"},{"floor":26,"key":"Matryoshka"},{"floor":27,"key":"Meat on the Bone"},{"floor":31,"key":"Bag of Preparation"},{"floor":31,"key":"Bronze Scales"},{"floor":40,"key":"Tiny Chest"},{"floor":42,"key":"Regal Pillow"},{"floor":43,"key":"Potion Belt"},{"floor":43,"key":"Happy Flower"},{"floor":45,"key":"Anchor"}],"event_choices":[{"damage_healed":0,"gold_gain":0,"player_choice":"Lose Max HP","damage_taken":0,"relics_obtained":["Golden Idol"],"max_hp_gain":0,"max_hp_loss":6,"event_name":"Golden Idol","floor":5,"gold_loss":0},{"damage_healed":17,"gold_gain":0,"player_choice":"Healed and dodged fight","damage_taken":0,"max_hp_gain":0,"max_hp_loss":0,"event_name":"Mushrooms","floor":10,"gold_loss":0,"cards_obtained":["Parasite"]},{"damage_healed":0,"gold_gain":0,"player_choice":"Ignored","damage_taken":0,"max_hp_gain":0,"max_hp_loss":0,"event_name":"Vampires","floor":19,"gold_loss":0},{"damage_healed":0,"gold_gain":0,"player_choice":"Opened","damage_taken":0,"relics_obtained":["Question Card"],"max_hp_gain":0,"max_hp_loss":0,"event_name":"The Mausoleum","floor":20,"gold_loss":0,"cards_obtained":["Writhe"]},{"cards_removed":["Parasite"],"damage_healed":0,"gold_gain":0,"player_choice":"Gave Gold","damage_taken":0,"max_hp_gain":0,"max_hp_loss":0,"event_name":"Beggar","floor":28,"gold_loss":75},{"cards_removed":["Hello World"],"damage_healed":0,"gold_gain":0,"player_choice":"Elegance","damage_taken":0,"max_hp_gain":0,"max_hp_loss":0,"event_name":"Back to Basics","floor":29,"gold_loss":0},{"damage_healed":0,"gold_gain":0,"player_choice":"Bought 0 Potions","damage_taken":0,"max_hp_gain":0,"max_hp_loss":0,"event_name":"The Woman in Blue","floor":39,"gold_loss":0},{"cards_removed":["Redo"],"damage_healed":0,"gold_gain":0,"player_choice":"Upgrade and Remove","damage_taken":0,"max_hp_gain":0,"max_hp_loss":0,"event_name":"Designer","floor":48,"gold_loss":90,"cards_upgraded":["Doom and Gloom"]}],"is_beta":true,"boss_relics":[{"not_picked":["White Beast Statue","Velvet Choker"],"picked":"Pandora\u0027s Box"},{"not_picked":["Eternal Feather","Runic Pyramid"],"picked":"Inserter"}],"items_purged_floors":[3,21],"is_endless":false,"potions_floor_spawned":[7,14,16,18,24,25,33,37,38,40,45,47],"ascension_level":7}