{"gold_per_floor":[110,124,70,90,102,134,134,164,164,183,183,201,201],"floor_reached":13,"playtime":1097,"items_purged":[],"score":112,"play_id":"015bd3d6-b5cd-4fed-8264-05c768902a37","local_time":"20181217202243","is_ascension_mode":true,"campfire_choices":[{"data":"Neutralize","floor":7,"key":"SMITH"}],"neow_cost":"NONE","seed_source_timestamp":2845974625449280,"circlet_count":0,"master_deck":["Defend_G","Defend_G","Defend_G","Defend_G","Defend_G","Strike_G","Strike_G","Strike_G","Strike_G","Strike_G","Survivor+1","Neutralize+1","Poisoned Stab","Bouncing Flask","Catalyst","Dodge and Roll","Deadly Poison"],"relics":["Philosopher\u0027s Stone","Orichalcum","Sundial","Ninja Scroll","Shuriken"],"potions_floor_usage":[2,8,12,13],"damage_taken":[{"damage":0,"enemies":"Small Slimes","floor":1,"turns":4},{"damage":1,"enemies":"Cultist","floor":2,"turns":5},{"damage":12,"enemies":"Jaw Worm","floor":4,"turns":4},{"damage":20,"enemies":"Exordium Wildlife","floor":5,"turns":4},{"damage":8,"enemies":"Lagavulin","floor":6,"turns":6},{"damage":20,"enemies":"3 Sentries","floor":8,"turns":8},{"damage":6,"enemies":"Large Slime","floor":10,"turns":6},{"damage":6,"enemies":"Blue Slaver","floor":12,"turns":2},{"damage":15,"enemies":"Lagavulin","floor":13,"turns":4}],"seed_played":"-1377280769103328605","potions_obtained":[{"floor":2,"key":"Fruit Juice"},{"floor":4,"key":"Fire Potion"},{"floor":8,"key":"Weak Potion"},{"floor":12,"key":"FearPotion"}],"is_trial":false,"path_per_floor":["M","M","?","M","M","E","R","E","T","M","?","M","E"],"character_chosen":"THE_SILENT","items_purchased":[],"campfire_rested":0,"item_purchase_floors":[],"current_hp_per_floor":[70,74,74,62,42,34,34,14,14,8,8,2,0],"gold":201,"neow_bonus":"BOSS_RELIC","is_prod":false,"is_daily":false,"chose_seed":false,"campfire_upgraded":1,"win_rate":0,"timestamp":1545099763,"path_taken":["M","M","?","M","M","E","R","E","T","?","?","M","E"],"build_version":"2018-12-13","purchased_purges":0,"victory":false,"max_hp_per_floor":[70,75,75,75,75,75,75,75,75,75,75,75,75],"card_choices":[{"not_picked":["Slice","Acrobatics"],"picked":"Poisoned Stab","floor":1},{"not_picked":["Crippling Poison","Sucker Punch"],"picked":"Bouncing Flask","floor":2},{"not_picked":["Sucker Punch","Poisoned Stab"],"picked":"Catalyst","floor":4},{"not_picked":["Accuracy","Poisoned Stab"],"picked":"Dodge and Roll","floor":5},{"not_picked":["Slice","Masterful Stab","Dagger Spray"],"picked":"SKIP","floor":6},{"not_picked":["Dagger Spray","PiercingWail","Predator"],"picked":"SKIP","floor":8},{"not_picked":["Slice","Dagger Spray","Blade Dance"],"picked":"SKIP","floor":10},{"not_picked":["Riddle With Holes","Flechettes"],"picked":"Deadly Poison","floor":12}],"player_experience":219999,"relics_obtained":[{"floor":6,"key":"Sundial"},{"floor":8,"key":"Ninja Scroll"},{"floor":9,"key":"Shuriken"}],"event_choices":[{"damage_healed":0,"gold_gain":0,"player_choice":"Paid Gold","damage_taken":0,"relics_obtained":["Orichalcum"],"max_hp_gain":0,"max_hp_loss":0,"event_name":"WeMeetAgain","floor":3,"gold_loss":54},{"damage_healed":0,"gold_gain":0,"player_choice":"Grow","damage_taken":0,"max_hp_gain":0,"max_hp_loss":0,"event_name":"Living Wall","floor":11,"gold_loss":0,"cards_upgraded":["Survivor"]}],"is_beta":false,"boss_relics":[],"items_purged_floors":[],"is_endless":false,"potions_floor_spawned":[2,4,8,12],"killed_by":"Lagavulin","ascension_level":3}