{"gold_per_floor":[112,112,112,131,145,145,172,187,261,261,295,15,15,35,35,138,138,153,153,169,180,234,267,267,267],"floor_reached":25,"playtime":911,"items_purged":[],"score":333,"play_id":"09ddf436-edb7-4616-90b1-3b4359464d6b","local_time":"20180820013035","is_ascension_mode":true,"campfire_choices":[{"data":"Beam Cell","floor":6,"key":"SMITH"},{"floor":13,"key":"REST"},{"floor":15,"key":"REST"},{"floor":24,"key":"REST"}],"neow_cost":"TEN_PERCENT_HP_LOSS","seed_source_timestamp":290999957233817,"circlet_count":0,"master_deck":["Zap","Dualcast","Lockon","Defragment","Iron Wave","Beam Cell+1","Beam Cell","Leap","Ball Lightning","Conserve Battery","Echo Form","Rip and Tear","Seek","Sweeping Beam","Stack","Static Discharge","Beam Cell","Leap","Undo","Go for the Eyes","Cold Snap","Ball Lightning"],"relics":["Cracked Core","Turnip","Bottled Tornado","Centennial Puzzle","Juzu Bracelet","Oddly Smooth Stone","Pandora\u0027s Box","Bronze Scales","Bag of Marbles"],"potions_floor_usage":[7,11,16,20,20,21],"damage_taken":[{"damage":0,"enemies":"2 Louse","floor":1,"turns":1},{"damage":1,"enemies":"Cultist","floor":4,"turns":3},{"damage":7,"enemies":"Small Slimes","floor":5,"turns":3},{"damage":29,"enemies":"Gremlin Nob","floor":7,"turns":4},{"damage":0,"enemies":"2 Fungi Beasts","floor":8,"turns":2},{"damage":12,"enemies":"3 Sentries","floor":11,"turns":7},{"damage":0,"enemies":"Blue Slaver","floor":14,"turns":3},{"damage":14,"enemies":"Hexaghost","floor":16,"turns":8},{"damage":12,"enemies":"Shell Parasite","floor":18,"turns":5},{"damage":0,"enemies":"3 Byrds","floor":20,"turns":4},{"damage":37,"enemies":"Snake Plant","floor":21,"turns":4},{"damage":0,"enemies":"Gremlin Leader","floor":23,"turns":7},{"damage":37,"enemies":"Book of Stabbing","floor":25,"turns":3}],"seed_played":"6903044008752870638","potions_obtained":[{"floor":1,"key":"FocusPotion"},{"floor":7,"key":"PowerPotion"},{"floor":11,"key":"Fire Potion"},{"floor":14,"key":"Regen Potion"},{"floor":18,"key":"PowerPotion"},{"floor":20,"key":"EssenceOfSteel"},{"floor":23,"key":"SteroidPotion"}],"is_trial":false,"path_per_floor":["M","?","?","M","M","R","E","M","T","?","E","$","R","M","R","B",null,"M","$","M","M","T","E","R"],"character_chosen":"DEFECT","items_purchased":["Echo Form","Oddly Smooth Stone"],"campfire_rested":3,"item_purchase_floors":[12,12],"current_hp_per_floor":[68,68,68,67,60,60,31,31,31,24,12,12,32,32,52,53,64,52,52,52,15,15,15,35,0],"gold":267,"neow_bonus":"TRANSFORM_TWO_CARDS","is_prod":false,"is_daily":false,"chose_seed":false,"campfire_upgraded":1,"win_rate":0,"timestamp":1534750235,"path_taken":["M","?","?","M","M","R","E","M","T","?","E","$","R","M","R","BOSS","M","$","M","M","?","E","R","E"],"build_version":"2018-08-16","purchased_purges":0,"victory":false,"max_hp_per_floor":[68,68,68,68,68,68,68,68,68,68,68,68,68,68,68,68,68,68,68,68,68,68,68,68,68],"card_choices":[{"not_picked":["Stack","Turbo"],"picked":"Defragment","floor":1},{"not_picked":["Chaos","FTL"],"picked":"Beam Cell","floor":4},{"not_picked":["Barrage","Chaos"],"picked":"Beam Cell","floor":5},{"not_picked":["Storm","Consume"],"picked":"Leap","floor":7},{"not_picked":["Hologram","Beam Cell"],"picked":"Ball Lightning","floor":8},{"not_picked":["Sweeping Beam","Streamline"],"picked":"Conserve Battery","floor":11},{"not_picked":["Sweeping Beam","Turbo"],"picked":"Rip and Tear","floor":14},{"not_picked":["Fission","Multi-Cast"],"picked":"Seek","floor":16},{"not_picked":["Hologram","Recycle+1","Stack"],"picked":"SKIP","floor":18},{"not_picked":["Steam","Compile Driver+1"],"picked":"Go for the Eyes","floor":20},{"not_picked":["Beam Cell","Storm"],"picked":"Cold Snap","floor":21},{"not_picked":["Genetic Algorithm","Thunder Strike"],"picked":"Ball Lightning","floor":23}],"player_experience":501964,"relics_obtained":[{"floor":7,"key":"Turnip"},{"floor":9,"key":"Bottled Tornado"},{"floor":11,"key":"Juzu Bracelet"},{"floor":22,"key":"Bronze Scales"},{"floor":23,"key":"Bag of Marbles"}],"event_choices":[{"event_name":"NoteForYourself","player_choice":"Took Card","floor":2,"damage_taken":0},{"event_name":"Match and Keep!","player_choice":"0 cards matched","floor":3,"damage_taken":0},{"event_name":"Scrap Ooze","player_choice":"success","floor":10,"damage_taken":7}],"is_beta":true,"boss_relics":[{"not_picked":["Tiny House","Busted Crown"],"picked":"Pandora\u0027s Box"}],"items_purged_floors":[],"is_endless":false,"potions_floor_spawned":[1,7,11,14,18,20,23],"killed_by":"Book of Stabbing","ascension_level":6}