{"path_per_floor":["M","M","M","$","?","M","?","R","T","E","M","?","R","M","R","B",null,"M","?","?","M","?","R","E","M","T","E","$","R","M","M","R","B",null,"M","?","$","?","$","R","M","R","T","$","?","?","M","M","R"],"character_chosen":"IRONCLAD","items_purchased":["Vajra","Thread and Needle"],"gold_per_floor":[215,232,246,16,116,128,128,128,128,190,210,210,210,229,229,332,332,343,343,343,358,358,358,389,401,425,455,59,59,75,92,92,188,188,198,198,73,124,124,124,139,139,218,68,0,0,19,30,30],"floor_reached":50,"campfire_rested":4,"playtime":1685,"current_hp_per_floor":[74,69,68,68,68,73,73,73,73,53,45,42,65,43,66,17,62,36,36,20,25,25,63,44,50,50,41,41,41,47,53,77,72,76,70,70,70,52,52,52,58,58,58,58,58,77,77,72,72],"items_purged":["Parasite","Defend_R","Defend_R","Defend_R"],"gold":30,"score":645,"play_id":"37ad6eb8-59f9-4516-b0b6-f08f012f19aa","is_prod":false,"is_daily":false,"is_ascension_mode":true,"campfire_upgraded":5,"path_taken":["BOSS","M","M","M","$","?","M","?","R","T","E","M","?","R","M","R","BOSS","M","?","?","M","?","R","E","M","T","E","$","R","M","M","R","BOSS","M","?","$","?","?","R","M","R","T","$","?","?","M","M","R","BOSS"],"build_version":"2018-02-22-PROD2","purchased_purges":4,"victory":false,"master_deck":["Strike_R+1","Strike_R","Strike_R","Strike_R","Strike_R","Bash+1","Flex+1","Perfected Strike+1","Pommel Strike","Double Tap","Whirlwind+1","Necronomicurse","Flex+1","Perfected Strike+1","Writhe","Whirlwind+1"],"max_hp_per_floor":[80,80,80,77,77,77,77,77,77,77,77,77,77,77,77,77,77,77,77,77,77,77,77,77,77,77,77,77,77,77,77,77,77,77,77,77,77,77,77,77,77,77,77,77,77,77,77,77,77],"relics":["Burning Blood","Vajra","Juzu Bracelet","Tiny Chest","Blue Candle","Velvet Choker","Regal Pillow","Necronomicon","Bottled Lightning","Pen Nib","Toolbox","Thread and Needle","Philosopher\u0027s Stone","Bird Faced Urn","Gremlin Horn","Red Mask"],"card_choices":[{"not_picked":["Heavy Blade","Pommel Strike"],"picked":"Flex"},{"not_picked":["Sever Soul","Wild Strike"],"picked":"Perfected Strike"},{"not_picked":["Clothesline","Exhume"],"picked":"Pommel Strike"},{"not_picked":["Limit Break","Impervious"],"picked":"Double Tap"},{"not_picked":["Clothesline","Bloodletting"],"picked":"Whirlwind"},{"not_picked":["Ghostly Armor","Hemokinesis"],"picked":"Flex"},{"not_picked":["Uppercut","Sword Boomerang"],"picked":"Perfected Strike"},{"not_picked":["True Grit","Clash"],"picked":"Whirlwind"}],"player_experience":158199,"potions_floor_usage":[6,10,10,14,16,25,25,38,50,50,50],"damage_taken":[{"damage":4,"enemies":"2 Louse","floor":1,"turns":4},{"damage":11,"enemies":"Cultist","floor":2,"turns":4},{"damage":7,"enemies":"Small Slimes","floor":3,"turns":4},{"damage":1,"enemies":"2 Fungi Beasts","floor":6,"turns":3},{"damage":26,"enemies":"3 Sentries","floor":10,"turns":8},{"damage":14,"enemies":"Red Slaver","floor":11,"turns":3},{"damage":28,"enemies":"Exordium Thugs","floor":14,"turns":5},{"damage":55,"enemies":"The Guardian","floor":16,"turns":8},{"damage":32,"enemies":"Shell Parasite","floor":18,"turns":4},{"damage":1,"enemies":"Chosen","floor":21,"turns":2},{"damage":25,"enemies":"Book of Stabbing","floor":24,"turns":3},{"damage":0,"enemies":"3 Cultists","floor":25,"turns":2},{"damage":15,"enemies":"Slavers","floor":27,"turns":2},{"damage":0,"enemies":"Slaver and Parasite","floor":30,"turns":1},{"damage":0,"enemies":"Cultist and Chosen","floor":31,"turns":2},{"damage":11,"enemies":"Automaton","floor":33,"turns":4},{"damage":12,"enemies":"3 Shapes","floor":35,"turns":3},{"damage":24,"enemies":"Mysterious Sphere","floor":38,"turns":3},{"damage":0,"enemies":"3 Darklings","floor":41,"turns":1},{"damage":4,"enemies":"Sphere and 2 Shapes","floor":47,"turns":2},{"damage":11,"enemies":"4 Shapes","floor":48,"turns":2},{"damage":72,"enemies":"Awakened One","floor":50,"turns":5}],"event_choices":[{"event_name":"Golden Shrine","player_choice":"Pray","floor":5,"damage_taken":0},{"event_name":"The Lab","player_choice":"Got Potions","floor":7,"damage_taken":0},{"event_name":"Scrap Ooze","player_choice":"success","floor":12,"damage_taken":3},{"event_name":"The Mausoleum","player_choice":"Yes","floor":19,"damage_taken":0},{"event_name":"Cursed Tome","player_choice":"Obtained Book","floor":20,"damage_taken":0},{"event_name":"Upgrade Shrine","player_choice":"Upgraded","floor":22,"damage_taken":0},{"event_name":"Mysterious Sphere","player_choice":"Fight","floor":38,"damage_taken":0},{"event_name":"Tomb of Lord Red Mask","player_choice":"Paid","floor":45,"damage_taken":0},{"event_name":"Winding Halls","player_choice":"Writhe","floor":46,"damage_taken":0}],"boss_relics":[{"not_picked":["Sozu","Calling Bell"],"picked":"Velvet Choker"},{"not_picked":["Tiny House","Black Star"],"picked":"Philosopher\u0027s Stone"}],"potions_floor_spawned":[1,3,10,14,16,18,24,27,33,38,41,47],"seed_played":"-6818081260305909636","killed_by":"Awakened One","ascension_level":10,"is_trial":false}