{"gold_per_floor":[212,212,229,229,5,5,36,36,36,49,84,99,131,144,144,242,242,253,268,49,80,94,128,138,138,138,169,187,187,214,214,214,309,309,325,187,187,197,207,242,242,242],"floor_reached":42,"playtime":2326,"items_purged":["Defend_G","Writhe"],"score":798,"play_id":"31f65b9d-0821-4d3b-bfdd-ba7d21375b09","local_time":"20190112214605","is_ascension_mode":true,"campfire_choices":[{"data":"Backstab","floor":6,"key":"SMITH"},{"data":"Backstab","floor":8,"key":"SMITH"},{"data":"Dash","floor":15,"key":"SMITH"},{"data":"Skewer","floor":25,"key":"SMITH"},{"data":"Neutralize","floor":29,"key":"SMITH"},{"floor":32,"key":"REST"},{"data":"Footwork","floor":41,"key":"SMITH"}],"neow_cost":"NONE","seed_source_timestamp":1569532003022456,"circlet_count":0,"master_deck":["Defend_G","Defend_G","Defend_G","Defend_G","Strike_G+1","Strike_G","Strike_G","Strike_G","Strike_G","Survivor","Neutralize+1","Sucker Punch+1","Backstab+1","Backstab+1","Sucker Punch","Dagger Throw","Dash+1","Backflip","Finisher","Footwork+1","Flying Knee","After Image","Night Terror","Sucker Punch","Dagger Throw","Heel Hook","Skewer+1","Quick Slash+1","Deflect+1","Setup+1","Dash+1","PiercingWail+1","Sucker Punch+1","Unload+1","Dodge and Roll+1","Dash+1","Dash+1","Dodge and Roll+1","Dagger Throw+1"],"relics":["Ring of the Snake","Meat on the Bone","DollysMirror","Whetstone","Thread and Needle","Ornamental Fan","Blood Vial","Orrery","Orichalcum","Red Mask","Vajra","Molten Egg 2","Mercury Hourglass","Pen Nib","Question Card","Eternal Feather","Dead Branch"],"potions_floor_usage":[19,33,33,33,39,42,42],"damage_taken":[{"damage":0,"enemies":"Small Slimes","floor":1,"turns":5},{"damage":4,"enemies":"Cultist","floor":3,"turns":4},{"damage":8,"enemies":"Gremlin Nob","floor":7,"turns":4},{"damage":0,"enemies":"2 Louse","floor":10,"turns":1},{"damage":6,"enemies":"3 Sentries","floor":11,"turns":9},{"damage":0,"enemies":"Looter","floor":12,"turns":1},{"damage":14,"enemies":"Lagavulin","floor":13,"turns":5},{"damage":0,"enemies":"2 Fungi Beasts","floor":14,"turns":2},{"damage":18,"enemies":"The Guardian","floor":16,"turns":14},{"damage":0,"enemies":"Spheric Guardian","floor":18,"turns":3},{"damage":0,"enemies":"Chosen","floor":19,"turns":4},{"damage":11,"enemies":"Masked Bandits","floor":21,"turns":6},{"damage":16,"enemies":"Sentry and Sphere","floor":22,"turns":6},{"damage":29,"enemies":"Book of Stabbing","floor":23,"turns":6},{"damage":0,"enemies":"Snake Plant","floor":24,"turns":4},{"damage":0,"enemies":"Slavers","floor":27,"turns":7},{"damage":0,"enemies":"Centurion and Healer","floor":28,"turns":3},{"damage":0,"enemies":"Gremlin Leader","floor":30,"turns":5},{"damage":66,"enemies":"Automaton","floor":33,"turns":13},{"damage":0,"enemies":"Orb Walker","floor":35,"turns":3},{"damage":4,"enemies":"3 Shapes","floor":38,"turns":6},{"damage":0,"enemies":"Writhing Mass","floor":39,"turns":9},{"damage":17,"enemies":"Reptomancer","floor":40,"turns":8},{"damage":67,"enemies":"Giant Head","floor":42,"turns":11}],"seed_played":"-5986042085076852467","potions_obtained":[{"floor":1,"key":"GhostInAJar"},{"floor":4,"key":"Ancient Potion"},{"floor":4,"key":"Poison Potion"},{"floor":11,"key":"Fire Potion"},{"floor":14,"key":"PowerPotion"},{"floor":23,"key":"Dexterity Potion"},{"floor":30,"key":"AttackPotion"},{"floor":33,"key":"PowerPotion"},{"floor":38,"key":"Block Potion"},{"floor":40,"key":"Block Potion"}],"is_trial":false,"path_per_floor":["M","?","M","?","$","R","E","R","T","M","E","M","E","M","R","B",null,"M","M","$","?","M","E","M","R","T","E","M","R","E","?","R","B",null,"M","$","?","M","M","E","R","E"],"character_chosen":"THE_SILENT","items_purchased":["DollysMirror","Sucker Punch","Orichalcum","Dash+1"],"campfire_rested":1,"item_purchase_floors":[5,5,20,36],"current_hp_per_floor":[63,38,46,46,46,46,38,38,38,38,44,44,42,44,44,40,63,65,67,67,58,44,29,43,43,43,45,47,47,49,49,70,16,57,59,59,59,57,59,44,65,0],"gold":242,"neow_bonus":"HUNDRED_GOLD","is_prod":false,"is_daily":false,"chose_seed":false,"campfire_upgraded":6,"win_rate":0,"timestamp":1547329565,"path_taken":["M","?","M","?","$","R","E","R","T","M","E","?","E","M","R","BOSS","M","M","$","?","M","E","M","R","T","E","M","R","E","?","R","BOSS","M","$","?","M","M","E","R","E"],"build_version":"2019-01-10","purchased_purges":2,"victory":false,"max_hp_per_floor":[70,70,70,70,70,70,70,70,70,70,70,70,70,70,70,70,70,70,70,70,70,70,70,70,70,70,70,70,70,70,70,70,70,70,70,70,66,66,66,66,66,66],"card_choices":[{"not_picked":["Noxious Fumes","Blade Dance"],"picked":"Sucker Punch","floor":1},{"not_picked":["Flechettes","Flying Knee"],"picked":"Backstab","floor":3},{"not_picked":["Prepared","Doppelganger"],"picked":"Dagger Throw","floor":7},{"not_picked":["Dagger Throw","Cloak And Dagger"],"picked":"Dash","floor":10},{"not_picked":["Blade Dance","Endless Agony"],"picked":"Backflip","floor":11},{"not_picked":["Slice","Quick Slash"],"picked":"Finisher","floor":12},{"not_picked":["Prepared","Reflex"],"picked":"Footwork","floor":13},{"not_picked":["Masterful Stab","A Thousand Cuts"],"picked":"Flying Knee","floor":14},{"not_picked":["Storm of Steel","Wraith Form v2"],"picked":"After Image","floor":16},{"not_picked":["Acrobatics","Cloak And Dagger"],"picked":"Night Terror","floor":17},{"not_picked":["Cloak And Dagger","Slice"],"picked":"Sucker Punch","floor":17},{"not_picked":["Underhanded Strike","Dodge and Roll"],"picked":"Dagger Throw","floor":17},{"not_picked":["Prepared","Bane"],"picked":"Heel Hook","floor":18},{"not_picked":["Accuracy","Catalyst"],"picked":"Skewer","floor":19},{"not_picked":["Burst","Dagger Throw"],"picked":"Quick Slash+1","floor":21},{"not_picked":["Underhanded Strike","Bane","Prepared"],"picked":"SKIP","floor":22},{"not_picked":["Deadly Poison+1","Burst"],"picked":"Deflect+1","floor":23},{"not_picked":["Dagger Spray","Noxious Fumes+1"],"picked":"Setup+1","floor":24},{"not_picked":["Underhanded Strike+1","Setup"],"picked":"Dash+1","floor":27},{"not_picked":["Prepared+1","Tactician+1"],"picked":"PiercingWail+1","floor":28},{"not_picked":["Storm of Steel","PiercingWail"],"picked":"Sucker Punch+1","floor":30},{"not_picked":["Venomology","Corpse Explosion","After Image"],"picked":"Unload+1","floor":33},{"not_picked":["Crippling Poison+1","Prepared","Cloak And Dagger"],"picked":"Dodge and Roll+1","floor":35},{"not_picked":["Heel Hook+1","Prepared","Endless Agony+1"],"picked":"Dash+1","floor":38},{"not_picked":["Deadly Poison","Bane+1","Skewer+1"],"picked":"Dodge and Roll+1","floor":39},{"not_picked":["Bouncing Flask+1","Escape Plan+1","Cloak And Dagger"],"picked":"Dagger Throw+1","floor":40}],"player_experience":228420,"relics_obtained":[{"floor":7,"key":"Whetstone"},{"floor":9,"key":"Thread and Needle"},{"floor":11,"key":"Ornamental Fan"},{"floor":13,"key":"Blood Vial"},{"floor":21,"key":"Red Mask"},{"floor":23,"key":"Vajra"},{"floor":26,"key":"Molten Egg 2"},{"floor":27,"key":"Mercury Hourglass"},{"floor":30,"key":"Pen Nib"},{"floor":40,"key":"Dead Branch"}],"event_choices":[{"damage_healed":0,"gold_gain":0,"player_choice":"Success","damage_taken":25,"relics_obtained":["Meat on the Bone"],"max_hp_gain":0,"max_hp_loss":0,"event_name":"Scrap Ooze","floor":2,"gold_loss":0},{"damage_healed":0,"gold_gain":0,"player_choice":"Got Potions","damage_taken":0,"max_hp_gain":0,"max_hp_loss":0,"event_name":"Lab","floor":4,"gold_loss":0},{"damage_healed":0,"gold_gain":0,"player_choice":"Fought Bandits","damage_taken":0,"max_hp_gain":0,"max_hp_loss":0,"event_name":"Masked Bandits","floor":21,"gold_loss":0},{"damage_healed":0,"gold_gain":0,"player_choice":"Opened","damage_taken":0,"relics_obtained":["Question Card"],"max_hp_gain":0,"max_hp_loss":0,"event_name":"The Mausoleum","floor":31,"gold_loss":0,"cards_obtained":["Writhe"]},{"damage_healed":0,"gold_gain":0,"player_choice":"Max HP","damage_taken":0,"max_hp_gain":0,"max_hp_loss":4,"event_name":"Winding Halls","floor":37,"gold_loss":0}],"is_beta":false,"boss_relics":[{"not_picked":["Philosopher\u0027s Stone","Runic Dome"],"picked":"Orrery"},{"not_picked":["Ring of the Serpent","Calling Bell"],"picked":"Eternal Feather"}],"items_purged_floors":[20,36],"is_endless":false,"potions_floor_spawned":[1,11,13,14,18,23,28,30,33,38,40],"killed_by":"Giant Head","ascension_level":6}