{"gold_per_floor":[112,37,37,52,68,81,81,81,81,99,118,143,143,159,159,287,287,305,328,346,361,382,382,405,430,430,430,451,451,466,12,12,132,132,148,148,2,127,127,127,143,143,143,162,0,0,23,23,23,43],"floor_reached":51,"playtime":5945,"items_purged":["Strike_G"],"score":672,"play_id":"edbcf6fd-75f3-4d4e-9e72-8a2091c43730","local_time":"20181119003516","is_ascension_mode":false,"campfire_choices":[{"data":"Cloak And Dagger","floor":8,"key":"SMITH"},{"data":"Caltrops","floor":15,"key":"SMITH"},{"data":"Well Laid Plans","floor":23,"key":"SMITH"},{"data":"Backflip","floor":27,"key":"SMITH"},{"data":"Cloak And Dagger","floor":29,"key":"SMITH"},{"data":"Masterful Stab","floor":32,"key":"SMITH"},{"data":"Storm of Steel","floor":40,"key":"SMITH"},{"data":"After Image","floor":42,"key":"SMITH"},{"data":"Backflip","floor":46,"key":"SMITH"},{"data":"Magnetism","floor":49,"key":"SMITH"}],"neow_cost":"NONE","seed_source_timestamp":884101248827304,"circlet_count":0,"master_deck":["Defend_G","Defend_G","Defend_G","Defend_G","Defend_G","Strike_G","Strike_G","Strike_G","Strike_G","Survivor","Neutralize+1","Cloak And Dagger+1","Masterful Stab+1","Backflip+1","Backflip+1","Caltrops+1","After Image+1","Well Laid Plans+1","Accuracy+1","Blur+1","Acrobatics","Accuracy+1","Backflip+1","Cloak And Dagger+1","Outmaneuver+1","Storm of Steel+1","Endless Agony+1","Adrenaline","Blade Dance+1","Backflip+1","Backflip+1","Magnetism+1"],"relics":["Lizard Tail","Golden Idol","Ninja Scroll","Nunchaku","Cursed Key","Lee\u0027s Waffle","Bottled Flame","WristBlade","FossilizedHelix","FaceOfCleric","Red Mask"],"potions_floor_usage":[33,44,50],"damage_taken":[{"damage":0,"enemies":"Cultist","floor":1,"turns":5},{"damage":0,"enemies":"Jaw Worm","floor":4,"turns":4},{"damage":0,"enemies":"Small Slimes","floor":5,"turns":4},{"damage":17,"enemies":"Gremlin Gang","floor":6,"turns":9},{"damage":4,"enemies":"Exordium Thugs","floor":10,"turns":4},{"damage":0,"enemies":"3 Louse","floor":11,"turns":4},{"damage":0,"enemies":"Red Slaver","floor":12,"turns":3},{"damage":0,"enemies":"Looter","floor":14,"turns":2},{"damage":2,"enemies":"The Guardian","floor":16,"turns":14},{"damage":0,"enemies":"Shell Parasite","floor":18,"turns":5},{"damage":0,"enemies":"Chosen","floor":19,"turns":5},{"damage":0,"enemies":"Shelled Parasite and Fungi","floor":20,"turns":6},{"damage":9,"enemies":"Snake Plant","floor":21,"turns":5},{"damage":3,"enemies":"Snecko","floor":22,"turns":8},{"damage":0,"enemies":"Centurion and Healer","floor":24,"turns":6},{"damage":10,"enemies":"Sentry and Sphere","floor":25,"turns":6},{"damage":1,"enemies":"Snake Plant","floor":28,"turns":5},{"damage":2,"enemies":"Shelled Parasite and Fungi","floor":30,"turns":5},{"damage":0,"enemies":"Champ","floor":33,"turns":12},{"damage":2,"enemies":"3 Darklings","floor":35,"turns":3},{"damage":0,"enemies":"Mind Bloom Boss Battle","floor":38,"turns":7},{"damage":0,"enemies":"Orb Walker","floor":41,"turns":2},{"damage":0,"enemies":"Sphere and 2 Shapes","floor":44,"turns":4},{"damage":1,"enemies":"4 Shapes","floor":47,"turns":6},{"damage":19,"enemies":"Time Eater","floor":50,"turns":11}],"seed_played":"-8560723479509585671","potions_obtained":[{"floor":6,"key":"Swift Potion"},{"floor":10,"key":"GhostInAJar"},{"floor":11,"key":"GhostInAJar"},{"floor":19,"key":"EssenceOfSteel"},{"floor":22,"key":"PowerPotion"},{"floor":25,"key":"GhostInAJar"},{"floor":33,"key":"PowerPotion"},{"floor":38,"key":"SmokeBomb"},{"floor":47,"key":"Swift Potion"}],"is_trial":false,"path_per_floor":["M","$","?","M","M","M","?","R","T","M","M","M","?","M","R","B",null,"M","M","M","M","M","R","M","M","T","R","M","R","M","$","R","B",null,"M","?","$","?","?","R","M","R","T","M","?","R","M","?","R","B",null],"character_chosen":"THE_SILENT","items_purchased":["Lee\u0027s Waffle","Bottled Flame","Adrenaline"],"campfire_rested":0,"item_purchase_floors":[31,31,37],"current_hp_per_floor":[70,70,70,70,70,53,53,53,53,49,49,49,49,49,49,47,65,65,65,65,56,53,53,53,43,43,43,42,42,40,72,72,72,72,70,70,70,70,70,70,71,71,71,72,72,72,72,72,72,54],"gold":43,"neow_bonus":"BOSS_RELIC","is_prod":false,"is_daily":false,"chose_seed":false,"campfire_upgraded":10,"win_rate":0,"timestamp":1542605716,"path_taken":["M","?","?","M","?","M","?","R","T","M","M","M","?","M","R","BOSS","M","M","M","M","M","R","M","?","T","R","M","R","M","$","R","BOSS","M","?","$","?","?","R","M","R","T","?","?","R","M","?","R","BOSS"],"build_version":"2018-11-15","purchased_purges":1,"victory":true,"max_hp_per_floor":[70,70,70,70,70,70,65,65,65,65,65,65,65,65,65,65,65,65,65,65,65,65,65,65,65,65,65,65,65,65,72,72,72,72,72,72,72,72,72,72,73,73,73,74,74,74,75,75,75,76],"card_choices":[{"not_picked":["Outmaneuver","Poisoned Stab","Dagger Throw"],"picked":"SKIP","floor":1},{"not_picked":["Distraction","Setup"],"picked":"Cloak And Dagger","floor":4},{"not_picked":["Poisoned Stab","Bouncing Flask"],"picked":"Dodge and Roll","floor":5},{"not_picked":["Dagger Spray","Skewer"],"picked":"Masterful Stab","floor":6},{"not_picked":["Unload","Dagger Throw"],"picked":"Backflip","floor":10},{"not_picked":["Reflex","Choke","Dagger Throw"],"picked":"SKIP","floor":11},{"not_picked":["Deflect","Prepared"],"picked":"Backflip","floor":12},{"not_picked":["PiercingWail","Poisoned Stab"],"picked":"Caltrops","floor":14},{"not_picked":["Doppelganger","Bullet Time"],"picked":"After Image","floor":16},{"not_picked":["Skewer","Dagger Spray+1"],"picked":"Well Laid Plans","floor":18},{"not_picked":["Eviscerate","Flying Knee"],"picked":"Accuracy+1","floor":19},{"not_picked":["Flying Knee","Underhanded Strike","All Out Attack"],"picked":"SKIP","floor":20},{"not_picked":["Deadly Poison+1","Catalyst"],"picked":"Blur+1","floor":21},{"not_picked":["All Out Attack","Deadly Poison+1"],"picked":"Acrobatics","floor":22},{"not_picked":["Quick Slash","Slice"],"picked":"Accuracy+1","floor":24},{"not_picked":["Sucker Punch","Caltrops"],"picked":"Backflip+1","floor":25},{"not_picked":["Endless Agony","Sucker Punch"],"picked":"Cloak And Dagger","floor":28},{"not_picked":["PiercingWail","Deadly Poison"],"picked":"Outmaneuver+1","floor":30},{"not_picked":["Night Terror","Corpse Explosion"],"picked":"Storm of Steel","floor":33},{"not_picked":["Dagger Throw+1","Quick Slash+1"],"picked":"Endless Agony+1","floor":35},{"not_picked":["Poisoned Stab+1","Bane"],"picked":"Blade Dance+1","floor":38},{"not_picked":["Outmaneuver+1","Expertise+1","Backflip"],"picked":"SKIP","floor":41},{"not_picked":["Deflect+1","Dodge and Roll+1"],"picked":"Backflip+1","floor":44},{"not_picked":["Dagger Throw+1","Endless Agony"],"picked":"Backflip+1","floor":47},{"not_picked":["Panacea","Violence"],"picked":"Magnetism","floor":48}],"player_experience":331241,"relics_obtained":[{"floor":9,"key":"Ninja Scroll"},{"floor":38,"key":"FossilizedHelix"}],"event_choices":[{"damage_healed":0,"gold_gain":0,"player_choice":"Forge","damage_taken":0,"max_hp_gain":0,"max_hp_loss":0,"event_name":"Accursed Blacksmith","floor":3,"gold_loss":0,"cards_upgraded":["Neutralize"]},{"damage_healed":0,"gold_gain":0,"player_choice":"Lose Max HP","damage_taken":0,"relics_obtained":["Golden Idol"],"max_hp_gain":0,"max_hp_loss":5,"event_name":"Golden Idol","floor":7,"gold_loss":0},{"damage_healed":0,"gold_gain":0,"player_choice":"Gave Potion","damage_taken":0,"relics_obtained":["Nunchaku"],"max_hp_gain":0,"max_hp_loss":0,"event_name":"WeMeetAgain","floor":13,"gold_loss":0},{"cards_removed":["Dodge and Roll"],"damage_healed":0,"gold_gain":0,"player_choice":"Removed Skill","damage_taken":0,"max_hp_gain":0,"max_hp_loss":0,"event_name":"Falling","floor":36,"gold_loss":0},{"damage_healed":0,"gold_gain":0,"player_choice":"Fight","damage_taken":0,"max_hp_gain":0,"max_hp_loss":0,"event_name":"MindBloom","floor":38,"gold_loss":0},{"damage_healed":0,"gold_gain":0,"player_choice":"Trade","damage_taken":0,"relics_obtained":["FaceOfCleric"],"max_hp_gain":0,"max_hp_loss":0,"event_name":"FaceTrader","floor":39,"gold_loss":0},{"damage_healed":0,"gold_gain":0,"player_choice":"Paid","damage_taken":0,"relics_obtained":["Red Mask"],"max_hp_gain":0,"max_hp_loss":0,"event_name":"Tomb of Lord Red Mask","floor":45,"gold_loss":162},{"damage_healed":0,"gold_gain":0,"player_choice":"Memory 1","damage_taken":0,"max_hp_gain":0,"max_hp_loss":0,"event_name":"SensoryStone","floor":48,"gold_loss":0}],"is_beta":false,"boss_relics":[{"not_picked":["Eternal Feather","Astrolabe"],"picked":"Cursed Key"},{"not_picked":["Tiny House","Black Star"],"picked":"WristBlade"}],"items_purged_floors":[2],"is_endless":false,"potions_floor_spawned":[6,10,11,12,19,20,22,25,33,35,38,47],"ascension_level":0}