{"gold_per_floor":[118,118,118,118,136,6,37,52,52,52,52,52,80,97,97,97],"floor_reached":16,"playtime":330,"items_purged":["Regret"],"score":211,"play_id":"70c524f3-ca9d-4be6-b25f-678f5a9d8145","local_time":"20190427024335","is_ascension_mode":true,"campfire_choices":[{"data":"Strike_R","floor":10,"key":"PURGE"},{"data":"Parasite","floor":12,"key":"PURGE"},{"floor":15,"key":"REST"}],"neow_cost":"NONE","seed_source_timestamp":3419821579524607,"circlet_count":0,"master_deck":["AscendersBane","Strike_R","Strike_R","Strike_R","Strike_R","Defend_R","Defend_R","Defend_R","Defend_R","Bash","Pommel Strike+1","Pommel Strike","Iron Wave","Iron Wave+1","Twin Strike+1"],"relics":["Busted Crown","Blue Candle","Peace Pipe","Molten Egg 2","Juzu Bracelet"],"potions_floor_usage":[7,13],"damage_taken":[{"damage":9,"enemies":"2 Louse","floor":1,"turns":2},{"damage":9,"enemies":"Small Slimes","floor":5,"turns":2},{"damage":25,"enemies":"3 Sentries","floor":7,"turns":7},{"damage":0,"enemies":"Cultist","floor":8,"turns":2},{"damage":25,"enemies":"Lagavulin","floor":13,"turns":4},{"damage":6,"enemies":"Exordium Thugs","floor":14,"turns":3},{"damage":37,"enemies":"Hexaghost","floor":16,"turns":9}],"seed_played":"4527067109113248924","potions_obtained":[{"floor":5,"key":"Swift Potion"},{"floor":7,"key":"SteroidPotion"}],"is_trial":false,"path_per_floor":["M","?","?","?","M","$","E","M","T","R","?","R","E","M","R","B"],"character_chosen":"IRONCLAD","items_purchased":["Pommel Strike"],"campfire_rested":1,"item_purchase_floors":[6],"current_hp_per_floor":[59,59,59,59,50,50,25,25,25,25,43,43,18,12,33,0],"gold":97,"neow_bonus":"BOSS_RELIC","is_prod":false,"is_daily":false,"chose_seed":false,"campfire_upgraded":0,"win_rate":0,"timestamp":1556329415,"path_taken":["M","?","?","?","M","$","E","M","T","R","?","R","E","M","R","BOSS"],"build_version":"2019-01-23","purchased_purges":1,"victory":false,"max_hp_per_floor":[75,75,75,75,75,75,75,75,75,75,75,72,72,72,72,72],"card_choices":[{"not_picked":[],"picked":"Pommel Strike","floor":1},{"not_picked":["Thunderclap"],"picked":"SKIP","floor":5},{"not_picked":["Warcry"],"picked":"SKIP","floor":7},{"not_picked":[],"picked":"Iron Wave","floor":8},{"not_picked":[],"picked":"Iron Wave+1","floor":13},{"not_picked":[],"picked":"Twin Strike+1","floor":14}],"player_experience":689090,"relics_obtained":[{"floor":7,"key":"Peace Pipe"},{"floor":9,"key":"Molten Egg 2"},{"floor":13,"key":"Juzu Bracelet"}],"event_choices":[{"damage_healed":0,"gold_gain":0,"player_choice":"Box","damage_taken":0,"relics_obtained":["Blue Candle"],"max_hp_gain":0,"max_hp_loss":0,"event_name":"Big Fish","floor":2,"gold_loss":0,"cards_obtained":["Regret"]},{"damage_healed":0,"gold_gain":0,"player_choice":"Grow","damage_taken":0,"max_hp_gain":0,"max_hp_loss":0,"event_name":"Living Wall","floor":3,"gold_loss":0,"cards_upgraded":["Pommel Strike"]},{"damage_healed":0,"gold_gain":0,"player_choice":"Leave","damage_taken":0,"max_hp_gain":0,"max_hp_loss":0,"event_name":"The Cleric","floor":4,"gold_loss":0},{"damage_healed":18,"gold_gain":0,"player_choice":"Healed and dodged fight","damage_taken":0,"max_hp_gain":0,"max_hp_loss":0,"event_name":"Mushrooms","floor":11,"gold_loss":0,"cards_obtained":["Parasite"]}],"is_beta":false,"boss_relics":[],"items_purged_floors":[6],"is_endless":false,"potions_floor_spawned":[5,7],"killed_by":"Hexaghost","ascension_level":19}