{"path_per_floor":["M","M","?","?","$","E","R","M","T","?","E","?","M","M","R","B",null,"M","$","?","M","?","E","R","M","T","E","R","M","?","E","R","B",null,"M","$","?","?","M","E","M","E","T","?","R","E","M","M","R","B"],"character_chosen":"IRONCLAD","items_purchased":["Paper Frog"],"gold_per_floor":[114,129,129,129,54,92,92,111,161,161,199,199,218,237,237,362,362,302,52,52,52,52,52,52,52,52,52,52,52,0,0,0,0,0,0,0,0,0,0,0,0,0,0,0,0,0,0,0,0,0],"floor_reached":51,"campfire_rested":5,"playtime":1320,"current_hp_per_floor":[94,91,87,87,87,68,68,74,74,74,53,53,41,27,53,58,87,55,55,55,48,48,30,56,62,62,49,75,80,80,44,70,12,87,87,87,87,76,82,77,75,75,75,75,75,68,74,57,83,23],"items_purged":["Shockwave"],"gold":0,"score":903,"play_id":"56c58296-b860-4c13-b18a-8c212584e16f","local_time":"20180413231433","daily_mods":["Heirloom","Lethality","Binary"],"is_prod":false,"is_daily":true,"chose_seed":false,"is_ascension_mode":false,"campfire_upgraded":1,"timestamp":1523682873,"path_taken":["M","M","?","?","$","E","R","M","T","?","E","?","?","M","R","BOSS","M","$","?","M","?","E","R","M","T","E","R","M","?","E","R","BOSS","M","$","?","?","M","E","M","E","T","?","R","E","M","?","R","BOSS"],"build_version":"2018-04-13","seed_source_timestamp":0,"purchased_purges":1,"victory":true,"master_deck":["Strike_R","Strike_R","Strike_R","Strike_R","Defend_R+1","Defend_R","Defend_R","Defend_R","Bash+1","Flex","Cleave","Perfected Strike+1","Dropkick","Pommel Strike","Seeing Red+1","Shrug It Off","Heavy Blade+1","Perfected Strike","Clash","Clash+1","Perfected Strike","Offering","Sword Boomerang","Madness","Madness","Shrug It Off+1","Dropkick+1","Pummel+1","Shrug It Off","Perfected Strike+1","Twin Strike"],"max_hp_per_floor":[94,94,87,87,87,87,87,87,87,87,87,87,87,87,87,87,87,87,87,87,87,87,87,87,87,87,87,87,87,87,87,87,87,87,87,87,87,87,87,87,87,87,87,87,87,87,87,87,87,87],"relics":["Burning Blood","Mango","Golden Idol","Ancient Tea Set","Oddly Smooth Stone","Peace Pipe","Question Card","Ectoplasm","Paper Frog","Bird Faced Urn","Thread and Needle","Ornamental Fan","War Paint","Sozu","Red Mask","Centennial Puzzle","Bottled Flame","Omamori","Art of War"],"card_choices":[{"not_picked":["Body Slam"],"picked":"Flex","floor":1},{"not_picked":["Reckless Charge"],"picked":"Cleave","floor":2},{"not_picked":["Ghostly Armor"],"picked":"Perfected Strike","floor":6},{"not_picked":["Bloodletting"],"picked":"Dropkick","floor":8},{"not_picked":["Sentinel"],"picked":"Pommel Strike","floor":11},{"not_picked":["Body Slam","Power Through"],"picked":"Seeing Red","floor":13},{"not_picked":["Warcry","Headbutt"],"picked":"Shrug It Off","floor":14},{"not_picked":["Rupture","Anger"],"picked":"Heavy Blade","floor":18},{"not_picked":["Sword Boomerang","Havoc"],"picked":"Clash","floor":21},{"not_picked":["Sword Boomerang","Clothesline"],"picked":"Clash","floor":25},{"not_picked":["Power Through","Rupture"],"picked":"Perfected Strike","floor":29},{"not_picked":["Fiend Fire","Bludgeon"],"picked":"Offering","floor":33},{"not_picked":["Feel No Pain","Iron Wave"],"picked":"Sword Boomerang","floor":35},{"not_picked":["Armaments","Havoc"],"picked":"Shrug It Off","floor":39},{"not_picked":["Armaments","Hemokinesis"],"picked":"Dropkick","floor":40},{"not_picked":["True Grit","Entrench"],"picked":"Pummel","floor":41},{"not_picked":["Clash","Flame Barrier"],"picked":"Shrug It Off","floor":42},{"not_picked":["Spot Weakness","Entrench"],"picked":"Perfected Strike","floor":47},{"not_picked":["Intimidate","True Grit"],"picked":"Twin Strike","floor":48}],"player_experience":304157,"potions_floor_usage":[6,14,23,23,33,40],"damage_taken":[{"damage":0,"enemies":"Small Slimes","floor":1,"turns":3},{"damage":9,"enemies":"Jaw Worm","floor":2,"turns":2},{"damage":25,"enemies":"Lagavulin","floor":6,"turns":5},{"damage":0,"enemies":"2 Louse","floor":8,"turns":1},{"damage":27,"enemies":"3 Sentries","floor":11,"turns":5},{"damage":18,"enemies":"Lots of Slimes","floor":13,"turns":3},{"damage":20,"enemies":"Looter","floor":14,"turns":2},{"damage":1,"enemies":"Slime Boss","floor":16,"turns":5},{"damage":38,"enemies":"2 Thieves","floor":18,"turns":4},{"damage":13,"enemies":"Spheric Guardian","floor":21,"turns":3},{"damage":24,"enemies":"Slavers","floor":23,"turns":5},{"damage":0,"enemies":"Snake Plant","floor":25,"turns":2},{"damage":19,"enemies":"Book of Stabbing","floor":27,"turns":3},{"damage":1,"enemies":"Centurion and Healer","floor":29,"turns":4},{"damage":42,"enemies":"Slavers","floor":31,"turns":4},{"damage":64,"enemies":"Automaton","floor":33,"turns":8},{"damage":1,"enemies":"Flame Bruiser 1 Orb","floor":35,"turns":3},{"damage":0,"enemies":"Orb Walker","floor":39,"turns":2},{"damage":11,"enemies":"2 Orb Walkers","floor":40,"turns":3},{"damage":8,"enemies":"Flame Bruiser 2 Orb","floor":41,"turns":2},{"damage":6,"enemies":"Giant Head","floor":42,"turns":5},{"damage":13,"enemies":"Nemesis","floor":46,"turns":3},{"damage":0,"enemies":"Spire Growth","floor":47,"turns":2},{"damage":23,"enemies":"Maw","floor":48,"turns":5},{"damage":66,"enemies":"Time Eater","floor":50,"turns":8}],"event_choices":[{"event_name":"Golden Idol","player_choice":"Lose Max HP","floor":3,"damage_taken":0},{"event_name":"Living Wall","player_choice":"Change","floor":4,"damage_taken":0},{"event_name":"Upgrade Shrine","player_choice":"Upgraded","floor":10,"damage_taken":0},{"event_name":"Big Fish","player_choice":"Box","floor":12,"damage_taken":0},{"event_name":"The Library","player_choice":"Read","floor":20,"damage_taken":0},{"event_name":"Wheel of Change","player_choice":"Gold","floor":22,"damage_taken":0},{"event_name":"Masked Bandits","player_choice":"Paid Bandits 52 gold","floor":30,"damage_taken":0},{"event_name":"Tomb of Lord Red Mask","player_choice":"Paid","floor":37,"damage_taken":0},{"event_name":"Winding Halls","player_choice":"Embrace Madness","floor":38,"damage_taken":0},{"event_name":"Golden Shrine","player_choice":"Skipped","floor":44,"damage_taken":0}],"boss_relics":[{"not_picked":["Runic Pyramid","Pandora\u0027s Box"],"picked":"Ectoplasm"},{"not_picked":["Astrolabe","Velvet Choker"],"picked":"Sozu"}],"potions_floor_spawned":[2,13,18,21,31,33,39,47,48],"seed_played":"8258766859312975591","ascension_level":0,"is_trial":false}