{"path_per_floor":["M","?","M","?","?","E","$","E","T","E","T","M","E","M","R","B",null,"M","?","M","M","M","E","R","$","T","$","M","M","?","T","R"],"character_chosen":"IRONCLAD","items_purchased":["Singing Bowl","Bag of Marbles"],"gold_per_floor":[18,18,37,37,37,65,65,96,96,131,131,142,176,187,187,282,282,302,302,318,335,345,373,373,176,176,30,42,58,58,82,82,82],"floor_reached":33,"campfire_rested":1,"playtime":1988,"item_purchase_floors":[25,27],"current_hp_per_floor":[80,73,75,75,59,37,37,42,42,42,42,51,44,45,45,18,80,80,80,80,67,73,53,77,77,77,77,84,86,86,86,86,0],"items_purged":["Defend_R"],"gold":82,"score":295,"play_id":"c8a1b59e-34e6-4451-941d-fc9e516bf02d","local_time":"20180611155330","is_prod":false,"is_daily":false,"chose_seed":false,"is_ascension_mode":false,"campfire_upgraded":2,"win_rate":0,"timestamp":1528728810,"campfire_choices":[{"data":"Bash","floor":15,"key":"SMITH"},{"floor":24,"key":"REST"},{"data":"Heavy Blade","floor":32,"key":"SMITH"}],"path_taken":["M","?","?","?","?","E","$","E","T","E","?","M","E","?","R","BOSS","M","?","M","?","M","E","R","$","T","$","M","M","?","?","R","BOSS"],"build_version":"2018-06-07v3","seed_source_timestamp":333656461951064,"purchased_purges":1,"victory":false,"master_deck":["Strike_R","Strike_R","Strike_R+1","Strike_R","Defend_R+1","Bash+1","Clothesline","Iron Wave","Heavy Blade+1","Headbutt","Clash","Thunderclap","True Grit+1","Wild Strike+1","Pommel Strike","Armaments+1","Cleave"],"max_hp_per_floor":[80,80,80,80,80,80,80,80,80,80,80,80,80,80,80,80,80,80,80,80,80,80,80,80,80,80,80,84,86,86,86,86,86],"relics":["Burning Blood","Magic Flower","Mummified Hand","Prayer Wheel","Letter Opener","Pen Nib","Smiling Mask","Matryoshka","Runic Dome","Ginger","Singing Bowl","Kunai","Bag of Preparation","Bag of Marbles","Vajra","Omamori"],"card_choices":[{"not_picked":["True Grit","Havoc"],"picked":"Clothesline","floor":1},{"not_picked":["Anger","Infernal Blade"],"picked":"Iron Wave","floor":3},{"not_picked":["Spot Weakness","Battle Trance"],"picked":"Heavy Blade","floor":6},{"not_picked":["Inflame","Body Slam","Twin Strike"],"picked":"SKIP","floor":8},{"not_picked":["Sentinel","Rupture"],"picked":"Headbutt","floor":10},{"not_picked":["Iron Wave","Blood for Blood"],"picked":"Clash","floor":12},{"not_picked":["Sword Boomerang","Entrench","Berserk"],"picked":"SKIP","floor":12},{"not_picked":["Dropkick","Infernal Blade"],"picked":"Thunderclap","floor":13},{"not_picked":["Shockwave","Anger","Havoc"],"picked":"SKIP","floor":14},{"not_picked":["Hemokinesis","Combust","Reckless Charge"],"picked":"SKIP","floor":14},{"not_picked":["Armaments+1","Shrug It Off"],"picked":"True Grit+1","floor":18},{"not_picked":["Dropkick","Clothesline"],"picked":"Wild Strike+1","floor":18},{"not_picked":["Blood for Blood+1","Heavy Blade","Thunderclap"],"picked":"SKIP","floor":20},{"not_picked":["Havoc+1","True Grit+1","Bludgeon"],"picked":"SKIP","floor":20},{"not_picked":["Inflame","Sever Soul","Disarm"],"picked":"SKIP","floor":21},{"not_picked":["Heavy Blade","Feel No Pain","Thunderclap"],"picked":"SKIP","floor":21},{"not_picked":["Headbutt+1","Shrug It Off"],"picked":"Pommel Strike","floor":22},{"not_picked":["Bloodletting+1","Intimidate","Dropkick"],"picked":"SKIP","floor":22},{"not_picked":["Rampage","Havoc"],"picked":"Armaments+1","floor":23},{"not_picked":["True Grit","Fire Breathing","Intimidate+1"],"picked":"Singing Bowl","floor":28},{"not_picked":["Armaments","Power Through","Rampage"],"picked":"Singing Bowl","floor":28},{"not_picked":["Hemokinesis","Spot Weakness+1"],"picked":"Cleave","floor":29},{"not_picked":["Shrug It Off","Bloodletting","Whirlwind"],"picked":"Singing Bowl","floor":29}],"player_experience":297433,"potions_floor_usage":[8,10,23,33,33,33],"damage_taken":[{"damage":6,"enemies":"2 Louse","floor":1,"turns":3},{"damage":7,"enemies":"Small Slimes","floor":3,"turns":5},{"damage":31,"enemies":"Lagavulin","floor":6,"turns":8},{"damage":4,"enemies":"3 Sentries","floor":8,"turns":7},{"damage":31,"enemies":"Lagavulin","floor":10,"turns":5},{"damage":0,"enemies":"Cultist","floor":12,"turns":3},{"damage":16,"enemies":"Gremlin Nob","floor":13,"turns":4},{"damage":8,"enemies":"Red Slaver","floor":14,"turns":4},{"damage":36,"enemies":"Slime Boss","floor":16,"turns":11},{"damage":0,"enemies":"Spheric Guardian","floor":18,"turns":3},{"damage":0,"enemies":"Chosen","floor":20,"turns":2},{"damage":22,"enemies":"Sentry and Sphere","floor":21,"turns":4},{"damage":3,"enemies":"Centurion and Healer","floor":22,"turns":5},{"damage":29,"enemies":"Slavers","floor":23,"turns":4},{"damage":0,"enemies":"Snake Plant","floor":28,"turns":2},{"damage":6,"enemies":"3 Cultists","floor":29,"turns":3},{"damage":89,"enemies":"Automaton","floor":33,"turns":6}],"relics_obtained":[{"floor":6,"key":"Mummified Hand"},{"floor":8,"key":"Prayer Wheel"},{"floor":9,"key":"Letter Opener"},{"floor":10,"key":"Pen Nib"},{"floor":11,"key":"Smiling Mask"},{"floor":13,"key":"Matryoshka"},{"floor":23,"key":"Ginger"},{"floor":26,"key":"Kunai"},{"floor":26,"key":"Bag of Preparation"},{"floor":31,"key":"Vajra"},{"floor":31,"key":"Omamori"}],"event_choices":[{"event_name":"Golden Wing","player_choice":"Card Removal","floor":2,"damage_taken":0},{"event_name":"Living Wall","player_choice":"Forget","floor":4,"damage_taken":0},{"event_name":"Shining Light","player_choice":"Entered Light","floor":5,"damage_taken":0},{"event_name":"N\u0027loth","player_choice":"Ignored","floor":19,"damage_taken":0},{"event_name":"Back to Basics","player_choice":"Elegance","floor":30,"damage_taken":0}],"boss_relics":[{"not_picked":["Eternal Feather","Ectoplasm"],"picked":"Runic Dome"}],"items_purged_floors":[25],"potions_floor_spawned":[3,8,12,16,20,29],"seed_played":"-4274703442965229032","killed_by":"Automaton","ascension_level":0,"potions_obtained":[{"floor":3,"key":"EssenceOfSteel"},{"floor":8,"key":"Regen Potion"},{"floor":12,"key":"Weak Potion"},{"floor":16,"key":"Explosive Potion"},{"floor":20,"key":"LiquidBronze"},{"floor":29,"key":"Poison Potion"}],"is_trial":false}