{"gold_per_floor":[112,131,141,154,154,197,197,241,267,267],"floor_reached":10,"playtime":667,"items_purged":[],"score":109,"play_id":"1e8d0d76-40cb-47b8-a2e0-91ec8f1813d2","local_time":"20190418113509","is_ascension_mode":true,"campfire_choices":[{"data":"Zap","floor":7,"key":"SMITH"}],"neow_cost":"NONE","seed_source_timestamp":607592935668452,"circlet_count":0,"master_deck":["Strike_B","Strike_B","Strike_B","Strike_B","Defend_B","Defend_B","Defend_B","Defend_B","Zap+1","Dualcast","Melter","Coolheaded","Compile Driver","Cold Snap","Genetic Algorithm"],"relics":["Cracked Core","Golden Idol","Matryoshka","Boot","Kunai","Omamori"],"potions_floor_usage":[4,6,6],"damage_taken":[{"damage":0,"enemies":"Cultist","floor":1,"turns":3},{"damage":2,"enemies":"Jaw Worm","floor":2,"turns":3},{"damage":1,"enemies":"2 Louse","floor":3,"turns":3},{"damage":20,"enemies":"Gremlin Gang","floor":4,"turns":5},{"damage":25,"enemies":"Lagavulin","floor":6,"turns":7},{"damage":13,"enemies":"3 Sentries","floor":8,"turns":8},{"damage":11,"enemies":"3 Louse","floor":10,"turns":1}],"seed_played":"655202593550038249","potions_obtained":[{"floor":0,"key":"SkillPotion"},{"floor":0,"key":"SpeedPotion"},{"floor":0,"key":"AttackPotion"},{"floor":3,"key":"GamblersBrew"},{"floor":4,"key":"Energy Potion"},{"floor":8,"key":"Poison Potion"}],"is_trial":false,"path_per_floor":["M","M","M","M","?","E","R","E","T","M"],"character_chosen":"DEFECT","items_purchased":[],"campfire_rested":0,"item_purchase_floors":[],"current_hp_per_floor":[68,66,65,45,45,20,20,7,7,0],"gold":267,"neow_bonus":"THREE_SMALL_POTIONS","is_prod":false,"is_daily":false,"chose_seed":false,"campfire_upgraded":1,"win_rate":0,"timestamp":1555605309,"path_taken":["M","M","?","M","?","E","R","E","T","M"],"build_version":"2019-01-23","purchased_purges":0,"victory":false,"max_hp_per_floor":[75,75,75,75,69,69,69,69,69,69],"card_choices":[{"not_picked":["Recycle","Stack"],"picked":"Melter","floor":1},{"not_picked":["Fusion","Compile Driver"],"picked":"Coolheaded","floor":2},{"not_picked":["Rip and Tear","Recycle"],"picked":"Compile Driver","floor":3},{"not_picked":["BootSequence","Hello World","Stack"],"picked":"SKIP","floor":4},{"not_picked":["Static Discharge","Rainbow"],"picked":"Cold Snap","floor":6},{"not_picked":["Recycle","Melter"],"picked":"Genetic Algorithm","floor":8}],"player_experience":603736,"relics_obtained":[{"floor":6,"key":"Matryoshka"},{"floor":8,"key":"Boot"},{"floor":9,"key":"Kunai"},{"floor":9,"key":"Omamori"}],"event_choices":[{"damage_healed":0,"gold_gain":0,"player_choice":"Lose Max HP","damage_taken":0,"relics_obtained":["Golden Idol"],"max_hp_gain":0,"max_hp_loss":6,"event_name":"Golden Idol","floor":5,"gold_loss":0}],"is_beta":false,"boss_relics":[],"items_purged_floors":[],"is_endless":false,"potions_floor_spawned":[2,3,4,8],"killed_by":"3 Louse","ascension_level":8}