{"gold_per_floor":[14,14,14,27,27,57,57,72,72,72,97,97,111,128,128,205,205,217,251,251],"floor_reached":20,"playtime":1384,"items_purged":[],"score":327,"play_id":"bd11b6ea-6f3d-4db5-9dd7-95f2604d2ce6","local_time":"20190202144003","is_ascension_mode":true,"campfire_choices":[{"floor":7,"key":"REST"},{"floor":10,"key":"REST"},{"floor":15,"key":"REST"}],"neow_cost":"NO_GOLD","seed_source_timestamp":159356307619988,"circlet_count":0,"master_deck":["AscendersBane","Defend_G","Defend_G","Defend_G","Defend_G","Defend_G","Strike_G","Strike_G","Strike_G","Strike_G","Strike_G","Survivor","Neutralize","Backflip","Dagger Throw","Predator","Masterful Stab","Sucker Punch","Backflip","Wraith Form v2","Masterful Stab","Dagger Throw","Flying Knee","Deflect","Well Laid Plans"],"relics":["Ring of the Snake","Shuriken","Ginger","Kunai","Spirit Poop","Orrery","Red Mask"],"potions_floor_usage":[6,16,19,20],"damage_taken":[{"damage":8,"enemies":"2 Louse","floor":1,"turns":3},{"damage":18,"enemies":"Jaw Worm","floor":4,"turns":6},{"damage":37,"enemies":"3 Sentries","floor":6,"turns":12},{"damage":0,"enemies":"Cultist","floor":8,"turns":4},{"damage":16,"enemies":"Gremlin Nob","floor":11,"turns":4},{"damage":7,"enemies":"Blue Slaver","floor":13,"turns":3},{"damage":8,"enemies":"Lots of Slimes","floor":14,"turns":3},{"damage":43,"enemies":"Slime Boss","floor":16,"turns":10},{"damage":24,"enemies":"Shell Parasite","floor":18,"turns":11},{"damage":19,"enemies":"Masked Bandits","floor":19,"turns":6},{"damage":18,"enemies":"Spheric Guardian","floor":20,"turns":5}],"seed_played":"-2527576905436609928","potions_obtained":[{"floor":1,"key":"Fire Potion"},{"floor":8,"key":"Dexterity Potion"},{"floor":14,"key":"SpeedPotion"},{"floor":16,"key":"FairyPotion"},{"floor":18,"key":"AttackPotion"}],"is_trial":false,"path_per_floor":["M","?","$","M","?","E","R","M","T","R","E","?","M","M","R","B",null,"M","?","M"],"character_chosen":"THE_SILENT","items_purchased":[],"campfire_rested":3,"item_purchase_floors":[],"current_hp_per_floor":[63,63,63,45,45,8,31,31,31,54,38,38,31,23,46,3,59,35,16,0],"gold":251,"neow_bonus":"TWENTY_PERCENT_HP_BONUS","is_prod":false,"is_daily":false,"chose_seed":false,"campfire_upgraded":0,"win_rate":0,"timestamp":1549118403,"path_taken":["M","?","$","M","?","E","R","?","T","R","E","?","?","M","R","BOSS","M","?","M"],"build_version":"2019-01-23","purchased_purges":0,"victory":false,"max_hp_per_floor":[78,78,78,78,78,78,78,78,78,78,78,78,78,78,78,78,78,78,78,78],"card_choices":[{"not_picked":["Concentrate","Outmaneuver"],"picked":"Backflip","floor":1},{"not_picked":["Concentrate","Blade Dance"],"picked":"Dagger Throw","floor":4},{"not_picked":["Caltrops","Poisoned Stab"],"picked":"Predator","floor":6},{"not_picked":["PiercingWail","Flying Knee"],"picked":"Masterful Stab","floor":8},{"not_picked":["PiercingWail","Reflex"],"picked":"Sucker Punch","floor":11},{"not_picked":["Riddle With Holes","Skewer","Deadly Poison"],"picked":"SKIP","floor":13},{"not_picked":["Riddle With Holes","Skewer","Deadly Poison"],"picked":"SKIP","floor":13},{"not_picked":["Riddle With Holes","Prepared"],"picked":"Backflip","floor":14},{"not_picked":["Envenom","A Thousand Cuts"],"picked":"Wraith Form v2","floor":16},{"not_picked":["Dodge and Roll","Tactician"],"picked":"Masterful Stab","floor":17},{"not_picked":["Concentrate","Reflex"],"picked":"Dagger Throw","floor":17},{"not_picked":["Skewer","Dagger Spray"],"picked":"Flying Knee","floor":17},{"not_picked":["Flying Knee","Crippling Poison"],"picked":"Deflect","floor":17},{"not_picked":["Accuracy","Sucker Punch"],"picked":"Well Laid Plans","floor":18}],"player_experience":519583,"relics_obtained":[{"floor":6,"key":"Shuriken"},{"floor":9,"key":"Ginger"},{"floor":11,"key":"Kunai"},{"floor":19,"key":"Red Mask"}],"event_choices":[{"damage_healed":0,"gold_gain":0,"player_choice":"Leave","damage_taken":0,"max_hp_gain":0,"max_hp_loss":0,"event_name":"The Cleric","floor":2,"gold_loss":0},{"damage_healed":0,"gold_gain":0,"player_choice":"Cursed","damage_taken":0,"max_hp_gain":0,"max_hp_loss":0,"event_name":"Wheel of Change","floor":5,"gold_loss":0,"cards_obtained":["Decay"]},{"cards_removed":["Decay"],"damage_healed":0,"gold_gain":0,"player_choice":"Offered Curse","damage_taken":0,"relics_obtained":["Spirit Poop"],"max_hp_gain":0,"max_hp_loss":0,"event_name":"Bonfire Elementals","floor":12,"gold_loss":0},{"damage_healed":0,"gold_gain":0,"player_choice":"Fought Bandits","damage_taken":0,"max_hp_gain":0,"max_hp_loss":0,"event_name":"Masked Bandits","floor":19,"gold_loss":0}],"is_beta":false,"boss_relics":[{"not_picked":["Velvet Choker","Fusion Hammer"],"picked":"Orrery"}],"items_purged_floors":[],"is_endless":false,"potions_floor_spawned":[1,8,14,16,18],"killed_by":"Spheric Guardian","ascension_level":16}