{"gold_per_floor":[11,11,25,25,44,44,73,89,114,114,114],"floor_reached":11,"playtime":280,"items_purged":[],"score":113,"play_id":"6ae9b660-8e8d-4f25-b355-11aee41a807f","local_time":"20190115221934","is_ascension_mode":true,"campfire_choices":[{"data":"Double Tap","floor":6,"key":"SMITH"},{"data":"Anger","floor":10,"key":"SMITH"}],"neow_cost":"NO_GOLD","seed_source_timestamp":873147295549284,"circlet_count":0,"master_deck":["AscendersBane","Strike_R","Strike_R","Strike_R","Strike_R","Strike_R","Defend_R","Defend_R","Defend_R","Defend_R","Bash","Double Tap+1","Anger","Power Through","Clash","Anger+1","Evolve"],"relics":["Burning Blood","Omamori","Lantern"],"potions_floor_usage":[3,8,11],"damage_taken":[{"damage":10,"enemies":"Small Slimes","floor":1,"turns":3},{"damage":1,"enemies":"Cultist","floor":3,"turns":3},{"damage":8,"enemies":"2 Louse","floor":5,"turns":2},{"damage":60,"enemies":"3 Sentries","floor":7,"turns":11},{"damage":0,"enemies":"Looter","floor":8,"turns":1},{"damage":31,"enemies":"Gremlin Nob","floor":11,"turns":3}],"seed_played":"4365073623409036594","potions_obtained":[{"floor":1,"key":"Strength Potion"},{"floor":2,"key":"BloodPotion"},{"floor":8,"key":"AttackPotion"}],"is_trial":false,"path_per_floor":["M","?","M","$","M","R","E","M","T","R","E"],"character_chosen":"IRONCLAD","items_purchased":[],"campfire_rested":0,"item_purchase_floors":[],"current_hp_per_floor":[68,68,80,80,78,78,24,30,30,30,0],"gold":114,"neow_bonus":"THREE_RARE_CARDS","is_prod":false,"is_daily":false,"chose_seed":false,"campfire_upgraded":2,"win_rate":0,"timestamp":1547590774,"path_taken":["M","?","M","?","M","R","E","?","T","R","E"],"build_version":"2019-01-10","purchased_purges":0,"victory":false,"max_hp_per_floor":[80,80,80,80,80,80,80,80,80,80,80],"card_choices":[{"not_picked":["Reaper","Impervious"],"picked":"Double Tap","floor":0},{"not_picked":["Rupture","True Grit"],"picked":"Anger","floor":1},{"not_picked":["Twin Strike","Infernal Blade"],"picked":"Power Through","floor":3},{"not_picked":["Flex","Perfected Strike"],"picked":"Clash","floor":5},{"not_picked":["Spot Weakness","Battle Trance"],"picked":"Anger","floor":7},{"not_picked":["Havoc","Flex"],"picked":"Evolve","floor":8}],"player_experience":117222,"relics_obtained":[{"floor":7,"key":"Omamori"},{"floor":9,"key":"Lantern"}],"event_choices":[{"damage_healed":0,"gold_gain":0,"player_choice":"Got Potions","damage_taken":0,"max_hp_gain":0,"max_hp_loss":0,"event_name":"Lab","floor":2,"gold_loss":0}],"is_beta":false,"boss_relics":[],"items_purged_floors":[],"is_endless":false,"potions_floor_spawned":[1,8],"killed_by":"Gremlin Nob","ascension_level":11}