{"path_per_floor":["M","M","?","M","M","E","R","M","T","M","R","E","R","M","R","B",null,"M","$","?","M","M"],"character_chosen":"IRONCLAD","items_purchased":["Mummified Hand","Seeing Red"],"gold_per_floor":[110,125,125,135,148,183,183,197,197,212,212,243,243,259,259,360,360,372,35,35,55,65],"floor_reached":23,"campfire_rested":2,"playtime":1543,"current_hp_per_floor":[80,79,72,65,51,40,40,14,14,8,32,20,44,50,50,20,80,66,66,66,51,43],"items_purged":[],"gold":65,"play_id":"8787b4c6-f0de-47db-ad54-a60f0d5fc382","is_prod":false,"is_daily":false,"campfire_rituals":0,"campfire_upgraded":2,"is_hardmode":false,"path_taken":["M","M","?","M","?","E","R","M","T","M","R","E","R","?","R","BOSS","M","$","?","M","?","E"],"build_version":"2017-12-21-PROD1","purchased_purges":0,"victory":false,"master_deck":["Strike_R","Strike_R","Strike_R","Strike_R","Defend_R","Defend_R","Defend_R","Defend_R","Bash","Whirlwind","Hemokinesis","Spot Weakness","Berserk","Heavy Blade","Headbutt","Limit Break","Havoc","Seeing Red","Flex","Cleave","Bloodletting"],"max_hp_per_floor":[80,80,80,80,80,80,80,80,80,80,80,80,80,80,80,80,80,80,80,80,80,80],"relics":["Burning Blood","Prayer Wheel","Torii","Oddly Smooth Stone","Ornamental Fan","Mark of Pain","Mummified Hand"],"campfire_meditates":0,"card_choices":[{"not_picked":["Second Wind","Wild Strike"],"picked":"Whirlwind"},{"not_picked":["Shockwave","Searing Blow"],"picked":"Hemokinesis"},{"not_picked":["Second Wind","Shrug It Off"],"picked":"Spot Weakness"},{"not_picked":["Twin Strike","Metallicize"],"picked":"Berserk"},{"not_picked":["Thunderclap","Headbutt"],"picked":"Heavy Blade"},{"not_picked":["True Grit","Sword Boomerang"],"picked":"Headbutt"},{"not_picked":["Feed","Demon Form"],"picked":"Limit Break"},{"not_picked":["Wild Strike","Metallicize"],"picked":"Havoc"},{"not_picked":["Wild Strike","Flame Barrier"],"picked":"Cleave"},{"not_picked":["Body Slam","Clothesline"],"picked":"Bloodletting"}],"player_experience":73987,"potions_floor_usage":[6,12,16,22,23],"damage_taken":[{"damage":6,"enemies":"Cultist","floor":1,"turns":3},{"damage":7,"enemies":"Looter","floor":2,"turns":5},{"damage":13,"enemies":"Blue Slaver","floor":4,"turns":5},{"damage":20,"enemies":"Gremlin Gang","floor":5,"turns":5},{"damage":17,"enemies":"Gremlin Nob","floor":6,"turns":4},{"damage":32,"enemies":"Exordium Thugs","floor":8,"turns":5},{"damage":12,"enemies":"2 Fungi Beasts","floor":10,"turns":2},{"damage":18,"enemies":"3 Sentries","floor":12,"turns":4},{"damage":0,"enemies":"Lots of Slimes","floor":14,"turns":1},{"damage":36,"enemies":"The Guardian","floor":16,"turns":7},{"damage":20,"enemies":"Spheric Guardian","floor":18,"turns":4},{"damage":21,"enemies":"Shell Parasite","floor":21,"turns":3},{"damage":20,"enemies":"Centurion and Healer","floor":22,"turns":4},{"damage":43,"enemies":"Gremlin Leader","floor":23,"turns":3}],"event_choices":[{"event_name":"Golden Wing","player_choice":"Card Removal","floor":3,"damage_taken":0},{"event_name":"The Library","player_choice":"Read","floor":20,"damage_taken":0}],"boss_relics":[{"not_picked":["Lizard Tail","Snecko Eye"],"picked":"Mark of Pain"}],"potions_floor_spawned":[4,10,14,16,18],"seed_played":"215365667715042336","killed_by":"Gremlin Leader","is_trial":false}