{"path_per_floor":["M","$","M","M","M","R","?","R","T","?","R","E","M","$","R","B",null,"M","?","M"],"character_chosen":"IRONCLAD","items_purchased":["Oddly Smooth Stone"],"gold_per_floor":[109,34,46,60,70,70,70,70,94,94,94,133,156,7,7,133,133,152,152,176],"floor_reached":21,"campfire_rested":0,"playtime":1941,"current_hp_per_floor":[70,70,68,72,65,65,65,65,65,58,58,38,44,44,44,16,67,40,67,18],"items_purged":["Strike_R"],"gold":176,"score":197,"play_id":"6dfbcc05-045c-497b-b9ab-e3036a9e4f90","local_time":"20180313233607","is_prod":false,"is_daily":false,"is_ascension_mode":true,"campfire_upgraded":1,"timestamp":1520980567,"path_taken":["M","$","M","M","M","R","?","R","T","?","R","E","?","?","R","BOSS","M","?","M","M"],"build_version":"2018-03-09","purchased_purges":1,"victory":false,"master_deck":["Strike_R","Strike_R","Strike_R+1","Defend_R","Defend_R","Defend_R","Defend_R","Bash","Burning Pact","Whirlwind+1","Warcry","True Grit+1","Demon Form","Warcry","Headbutt+1"],"max_hp_per_floor":[72,72,72,72,72,72,67,67,67,67,67,67,67,67,67,67,67,67,67,67],"relics":["Burning Blood","Shovel","Bag of Preparation","Golden Idol","Whetstone","Dream Catcher","Ornamental Fan","Prayer Wheel","Oddly Smooth Stone","Runic Cube"],"card_choices":[{"not_picked":["Bloodletting","Clash"],"picked":"Burning Pact"},{"not_picked":["Uppercut","Infernal Blade"],"picked":"Spot Weakness"},{"not_picked":["Clothesline","Feel No Pain"],"picked":"Whirlwind"},{"not_picked":["Sword Boomerang","Fire Breathing"],"picked":"Warcry"},{"not_picked":["Heavy Blade","Havoc"],"picked":"True Grit"},{"not_picked":["Immolate","Berserk"],"picked":"Demon Form"},{"not_picked":["Disarm","Combust"],"picked":"Warcry"},{"not_picked":["True Grit","Havoc"],"picked":"Headbutt"}],"player_experience":154715,"potions_floor_usage":[12,16],"damage_taken":[{"damage":8,"enemies":"2 Louse","floor":1,"turns":3},{"damage":8,"enemies":"Small Slimes","floor":3,"turns":4},{"damage":1,"enemies":"Cultist","floor":4,"turns":3},{"damage":13,"enemies":"Red Slaver","floor":5,"turns":5},{"damage":26,"enemies":"Lagavulin","floor":12,"turns":7},{"damage":0,"enemies":"Exordium Thugs","floor":13,"turns":4},{"damage":34,"enemies":"Slime Boss","floor":16,"turns":10},{"damage":33,"enemies":"Chosen","floor":18,"turns":7},{"damage":55,"enemies":"Shell Parasite","floor":20,"turns":11},{"damage":21,"enemies":"Chosen and Byrds","floor":21,"turns":2}],"event_choices":[{"event_name":"Golden Idol","player_choice":"Lose Max HP","floor":7,"damage_taken":0},{"event_name":"Golden Wing","player_choice":"Card Removal","floor":10,"damage_taken":0},{"event_name":"Bonfire Elementals","player_choice":"UNCOMMON","floor":19,"damage_taken":0}],"boss_relics":[{"not_picked":["Lizard Tail","Cursed Key"],"picked":"Runic Cube"}],"potions_floor_spawned":[1,12,13,20],"seed_played":"8097853184957197580","killed_by":"Chosen and Byrds","ascension_level":2,"is_trial":false}