{"gold_per_floor":[113,73,83,96,108,137,137,9,9,9,42,42,42,61,61,161,161,161,161],"floor_reached":19,"playtime":655,"items_purged":["Strike_B"],"score":257,"play_id":"cee6408e-4118-4f96-90b6-667dbfd39521","local_time":"20190430122957","is_ascension_mode":true,"campfire_choices":[{"floor":7,"key":"REST"},{"data":"Beam Cell","floor":10,"key":"SMITH"},{"floor":15,"key":"REST"}],"neow_cost":"NONE","seed_source_timestamp":534505968578590,"circlet_count":0,"master_deck":["Strike_B","Strike_B","Defend_B","Defend_B","Defend_B","Defend_B","Zap","Dualcast","Conserve Battery","Gash","Beam Cell+1","Hologram","Coolheaded","Creative AI","BootSequence","Gash","Echo Form","FTL+1"],"relics":["Cracked Core","Blood Vial","Ancient Tea Set","Vajra","Dodecahedron","Ectoplasm"],"potions_floor_usage":[4,6,11,11,16,16,18],"damage_taken":[{"damage":1,"enemies":"2 Louse","floor":1,"turns":2},{"damage":0,"enemies":"Cultist","floor":3,"turns":3},{"damage":0,"enemies":"Small Slimes","floor":4,"turns":2},{"damage":7,"enemies":"3 Louse","floor":5,"turns":3},{"damage":35,"enemies":"Lagavulin","floor":6,"turns":8},{"damage":23,"enemies":"Gremlin Nob","floor":11,"turns":4},{"damage":6,"enemies":"Exordium Thugs","floor":14,"turns":4},{"damage":20,"enemies":"Slime Boss","floor":16,"turns":7},{"damage":8,"enemies":"3 Byrds","floor":18,"turns":4},{"damage":60,"enemies":"Masked Bandits","floor":19,"turns":3}],"seed_played":"6617261719472944844","potions_obtained":[{"floor":2,"key":"Fire Potion"},{"floor":2,"key":"Energy Potion"},{"floor":2,"key":"FearPotion"},{"floor":4,"key":"Explosive Potion"},{"floor":6,"key":"LiquidBronze"},{"floor":11,"key":"Poison Potion"},{"floor":16,"key":"AttackPotion"}],"is_trial":false,"path_per_floor":["M","?","M","M","M","E","R","$","T","R","E","?","?","M","R","B",null,"M","?"],"character_chosen":"DEFECT","items_purchased":["Hologram"],"campfire_rested":2,"item_purchase_floors":[8],"current_hp_per_floor":[69,69,71,73,68,35,57,57,57,57,36,29,29,25,47,29,64,58,0],"gold":161,"neow_bonus":"RANDOM_COMMON_RELIC","is_prod":false,"is_daily":false,"chose_seed":false,"campfire_upgraded":1,"win_rate":0,"timestamp":1556648997,"path_taken":["M","?","M","M","?","E","R","$","T","R","E","?","?","M","R","BOSS","M","?"],"build_version":"2019-04-23","purchased_purges":1,"victory":false,"max_hp_per_floor":[75,75,75,75,75,75,75,75,75,75,75,75,75,75,75,75,75,75,75],"card_choices":[{"not_picked":["Sweeping Beam","Turbo"],"picked":"Conserve Battery","floor":1},{"not_picked":["Beam Cell","Hologram"],"picked":"Gash","floor":3},{"not_picked":["White Noise","Stack","Turbo"],"picked":"SKIP","floor":4},{"not_picked":["Cold Snap","Go for the Eyes"],"picked":"Beam Cell","floor":5},{"not_picked":["White Noise","Sweeping Beam","Streamline"],"picked":"SKIP","floor":6},{"not_picked":["Streamline","Barrage"],"picked":"Coolheaded","floor":11},{"not_picked":["Loop","Rip and Tear"],"picked":"Gash","floor":14},{"not_picked":["All For One","Biased Cognition"],"picked":"Echo Form","floor":16},{"not_picked":["Steam","Ball Lightning"],"picked":"FTL+1","floor":18}],"player_experience":570349,"relics_obtained":[{"floor":6,"key":"Ancient Tea Set"},{"floor":9,"key":"Vajra"},{"floor":11,"key":"Dodecahedron"}],"event_choices":[{"damage_healed":0,"gold_gain":0,"player_choice":"Bought 3 Potions","damage_taken":0,"max_hp_gain":0,"max_hp_loss":0,"event_name":"The Woman in Blue","floor":2,"gold_loss":0},{"cards_removed":["Strike_B"],"damage_healed":0,"gold_gain":0,"player_choice":"Card Removal","damage_taken":7,"max_hp_gain":0,"max_hp_loss":0,"event_name":"Golden Wing","floor":12,"gold_loss":0},{"damage_healed":0,"gold_gain":0,"player_choice":"2 cards matched","damage_taken":0,"max_hp_gain":0,"max_hp_loss":0,"event_name":"Match and Keep!","floor":13,"gold_loss":0,"cards_obtained":["Creative AI","BootSequence"]},{"damage_healed":0,"gold_gain":0,"player_choice":"Fought Bandits","damage_taken":0,"max_hp_gain":0,"max_hp_loss":0,"event_name":"Masked Bandits","floor":19,"gold_loss":0}],"is_beta":true,"boss_relics":[{"not_picked":["Runic Pyramid","Empty Cage"],"picked":"Ectoplasm"}],"items_purged_floors":[8],"is_endless":false,"potions_floor_spawned":[4,6,11,16],"killed_by":"Masked Bandits","ascension_level":9}