{"gold_per_floor":[119,119,44,63,63,94,94,120,120,120,140,140,156,171,171,171],"floor_reached":16,"playtime":366,"items_purged":["Regret"],"score":220,"play_id":"46d1fd27-5c60-46c3-aee5-cf208ad621e7","local_time":"20190430191222","is_ascension_mode":true,"campfire_choices":[{"floor":7,"key":"REST"},{"floor":12,"key":"REST"},{"floor":15,"key":"REST"}],"neow_cost":"NONE","seed_source_timestamp":3738328064219937,"circlet_count":0,"master_deck":["AscendersBane","Defend_G","Defend_G","Defend_G","Defend_G","Defend_G","Strike_G+1","Strike_G","Strike_G","Strike_G+1","Strike_G","Survivor","Neutralize","Slice","Dagger Throw","Dash","Dagger Spray"],"relics":["Ring of the Snake","Darkstone Periapt","Bronze Scales","Sundial","Pantograph"],"potions_floor_usage":[6,8,16,16],"damage_taken":[{"damage":6,"enemies":"2 Louse","floor":1,"turns":3},{"damage":7,"enemies":"Small Slimes","floor":4,"turns":4},{"damage":27,"enemies":"Lagavulin","floor":6,"turns":6},{"damage":21,"enemies":"Gremlin Nob","floor":8,"turns":4},{"damage":1,"enemies":"Jaw Worm","floor":11,"turns":2},{"damage":9,"enemies":"Blue Slaver","floor":13,"turns":3},{"damage":8,"enemies":"Exordium Thugs","floor":14,"turns":4},{"damage":57,"enemies":"Slime Boss","floor":16,"turns":6}],"seed_played":"-2861097507275196445","potions_obtained":[{"floor":0,"key":"Strength Potion"},{"floor":0,"key":"AttackPotion"},{"floor":8,"key":"AttackPotion"},{"floor":13,"key":"Explosive Potion"}],"is_trial":false,"path_per_floor":["M","?","$","M","?","E","R","E","T","?","M","R","M","M","R","B"],"character_chosen":"THE_SILENT","items_purchased":[],"campfire_rested":3,"item_purchase_floors":[],"current_hp_per_floor":[53,59,59,52,30,3,24,3,3,3,2,23,14,6,27,0],"gold":171,"neow_bonus":"THREE_SMALL_POTIONS","is_prod":false,"is_daily":false,"chose_seed":false,"campfire_upgraded":0,"win_rate":0,"timestamp":1556647942,"path_taken":["M","?","$","M","?","E","R","E","T","?","M","R","M","M","R","BOSS"],"build_version":"2019-01-23","purchased_purges":1,"victory":false,"max_hp_per_floor":[66,72,72,72,72,72,72,72,72,72,72,72,72,72,72,72],"card_choices":[{"not_picked":["Blur","Acrobatics"],"picked":"Slice","floor":1},{"not_picked":["Prepared","PiercingWail"],"picked":"Dagger Throw","floor":4},{"not_picked":["PiercingWail","Poisoned Stab"],"picked":"Dash","floor":6},{"not_picked":["Deadly Poison","Flying Knee"],"picked":"Dagger Spray","floor":8},{"not_picked":["Setup","Bane","Underhanded Strike"],"picked":"SKIP","floor":11},{"not_picked":["Burst","Prepared","Quick Slash"],"picked":"SKIP","floor":13},{"not_picked":["Deadly Poison","Acrobatics","Setup"],"picked":"SKIP","floor":14}],"player_experience":745501,"relics_obtained":[{"floor":6,"key":"Bronze Scales"},{"floor":8,"key":"Sundial"},{"floor":9,"key":"Pantograph"}],"event_choices":[{"damage_healed":0,"gold_gain":0,"player_choice":"Box","damage_taken":0,"relics_obtained":["Darkstone Periapt"],"max_hp_gain":0,"max_hp_loss":0,"event_name":"Big Fish","floor":2,"gold_loss":0,"cards_obtained":["Regret"]},{"damage_healed":0,"gold_gain":0,"player_choice":"Entered Light","damage_taken":22,"max_hp_gain":0,"max_hp_loss":0,"event_name":"Shining Light","floor":5,"gold_loss":0,"cards_upgraded":["Strike_G","Strike_G"]},{"damage_healed":0,"gold_gain":0,"player_choice":"Ignored","damage_taken":0,"max_hp_gain":0,"max_hp_loss":0,"event_name":"Golden Idol","floor":10,"gold_loss":0}],"is_beta":false,"boss_relics":[],"items_purged_floors":[3],"is_endless":false,"potions_floor_spawned":[1,8,13],"killed_by":"Slime Boss","ascension_level":20}