{"gold_per_floor":[119,119,119,44,44,44,83,83,83,96,131,2,2,26,26,26],"floor_reached":16,"playtime":387,"items_purged":["Injury"],"score":210,"play_id":"e4c22ffc-add2-4b68-a54e-9ef4c07e4bc4","local_time":"20190117154054","is_ascension_mode":true,"campfire_choices":[{"data":"Ball Lightning","floor":6,"key":"SMITH"},{"data":"Melter","floor":8,"key":"SMITH"},{"data":"Coolheaded","floor":13,"key":"SMITH"},{"data":"Defend_B","floor":15,"key":"SMITH"}],"neow_cost":"NONE","seed_source_timestamp":1981579820676954,"circlet_count":0,"master_deck":["AscendersBane","Strike_B","Strike_B","Strike_B","Strike_B","Defend_B","Defend_B","Defend_B+1","Zap","Dualcast","Leap","Ball Lightning+1","Melter+1","Beam Cell","Coolheaded+1","Capacitor"],"relics":["Cracked Core","NeowsBlessing","Golden Idol","Art of War","Pear","Blue Candle"],"potions_floor_usage":[11,16],"damage_taken":[{"damage":0,"enemies":"2 Louse","floor":1,"turns":1},{"damage":0,"enemies":"Lagavulin","floor":7,"turns":1},{"damage":0,"enemies":"Jaw Worm","floor":10,"turns":1},{"damage":34,"enemies":"Gremlin Nob","floor":11,"turns":4},{"damage":0,"enemies":"Cultist","floor":14,"turns":2},{"damage":37,"enemies":"The Guardian","floor":16,"turns":5}],"seed_played":"-2475921130508674807","potions_obtained":[{"floor":7,"key":"Swift Potion"},{"floor":10,"key":"Energy Potion"},{"floor":11,"key":"SkillPotion"}],"is_trial":false,"path_per_floor":["M","?","?","$","?","R","E","R","T","M","E","$","R","M","R","B"],"character_chosen":"DEFECT","items_purchased":["Coolheaded","Capacitor"],"campfire_rested":0,"item_purchase_floors":[12,12],"current_hp_per_floor":[68,61,61,61,61,61,61,61,71,71,37,37,37,37,37,0],"gold":26,"neow_bonus":"THREE_ENEMY_KILL","is_prod":false,"is_daily":false,"chose_seed":false,"campfire_upgraded":4,"win_rate":0,"timestamp":1547739654,"path_taken":["M","?","?","$","?","R","E","R","T","?","E","?","R","M","R","BOSS"],"build_version":"2019-01-10","purchased_purges":1,"victory":false,"max_hp_per_floor":[75,75,75,75,75,75,75,75,85,85,85,85,85,85,85,85],"card_choices":[{"not_picked":["Stack","Double Energy"],"picked":"Leap","floor":1},{"not_picked":["Amplify","Barrage"],"picked":"Melter","floor":7},{"not_picked":["Aggregate","Consume"],"picked":"Beam Cell","floor":10},{"not_picked":["Redo","Aggregate","Go for the Eyes"],"picked":"SKIP","floor":11},{"not_picked":["Hologram","Go for the Eyes","Sweeping Beam"],"picked":"SKIP","floor":14}],"player_experience":386186,"relics_obtained":[{"floor":7,"key":"Art of War"},{"floor":9,"key":"Pear"},{"floor":11,"key":"Blue Candle"}],"event_choices":[{"cards_removed":["Defend_B"],"damage_healed":0,"gold_gain":0,"player_choice":"Card Removal","damage_taken":7,"max_hp_gain":0,"max_hp_loss":0,"event_name":"Golden Wing","floor":2,"gold_loss":0},{"damage_healed":0,"gold_gain":0,"player_choice":"Take Wound","damage_taken":0,"relics_obtained":["Golden Idol"],"max_hp_gain":0,"max_hp_loss":0,"event_name":"Golden Idol","floor":3,"gold_loss":0,"cards_obtained":["Injury"]},{"damage_healed":0,"gold_gain":0,"player_choice":"1 cards matched","damage_taken":0,"max_hp_gain":0,"max_hp_loss":0,"event_name":"Match and Keep!","floor":5,"gold_loss":0,"cards_obtained":["Ball Lightning"]}],"is_beta":false,"boss_relics":[],"items_purged_floors":[4],"is_endless":false,"potions_floor_spawned":[7,10,11],"killed_by":"The Guardian","ascension_level":12}