{"path_per_floor":["M","$","?","M","$","R","?","M","T","R","E","M","E","M","R","B",null,"M","?","M","?","$","R","E","M","T","M","?","$","R","M","R","B",null,"M","M","M","?","$","R","M","E","T","R","?","?","M","T","R","B"],"character_chosen":"THE_SILENT","items_purchased":["Ice Cream","Apotheosis","Lantern"],"gold_per_floor":[119,119,294,306,231,231,181,197,197,197,223,238,272,282,282,385,385,401,326,340,340,39,39,65,83,151,164,164,8,8,23,23,125,155,168,187,200,200,76,76,96,129,153,153,0,0,19,19,19,19],"floor_reached":51,"campfire_rested":6,"playtime":2644,"current_hp_per_floor":[70,70,70,70,70,70,70,70,70,70,65,64,32,32,53,48,65,54,54,54,38,38,59,56,37,37,18,18,18,39,30,51,26,64,64,64,58,58,58,58,47,47,47,69,69,60,53,53,75,44],"items_purged":["Doubt"],"gold":19,"score":744,"play_id":"bfc44b35-896b-4fd0-8099-7699bdc71050","is_prod":false,"is_daily":false,"is_ascension_mode":true,"campfire_upgraded":3,"path_taken":["M","$","?","?","$","R","?","M","T","R","E","?","E","M","R","BOSS","M","?","?","?","$","R","E","M","T","?","?","$","R","M","R","BOSS","M","M","M","?","$","R","M","E","T","R","?","?","M","?","R","BOSS"],"build_version":"2018-02-22-PROD2","purchased_purges":1,"victory":true,"master_deck":["Defend_G","Defend_G","Defend_G","Defend_G","Strike_G+1","Strike_G","Strike_G","Survivor","Neutralize+1","Dash+1","Dash","Footwork","Acrobatics","Catalyst","Adrenaline","Sucker Punch+1","Dagger Spray+1","Deadly Poison","Escape Plan+1","Apotheosis+1","Blur","Bouncing Flask+1","Noxious Fumes+1","Madness","Madness"],"max_hp_per_floor":[70,70,70,70,70,70,70,70,70,70,70,70,70,70,70,70,70,70,70,70,70,70,70,70,70,70,70,70,70,70,70,70,70,75,75,75,75,75,75,75,75,75,75,75,75,75,75,75,75,75],"relics":["Ring of the Snake","Anchor","Torii","Art of War","Ancient Tea Set","Runic Dome","Enchiridion","Ice Cream","Centennial Puzzle","The Courier","Tiny House","Lantern","Sundial","Pen Nib","Red Mask","Vajra"],"card_choices":[{"not_picked":["Sucker Punch","Backflip"],"picked":"Dash"},{"not_picked":["Dodge and Roll","Crippling Poison"],"picked":"Dash"},{"not_picked":["Quick Slash","Sucker Punch"],"picked":"Footwork"},{"not_picked":["Poisoned Stab","Prepared"],"picked":"Acrobatics"},{"not_picked":["Dodge and Roll","Deadly Poison"],"picked":"Catalyst"},{"not_picked":["Backstab","Wraith Form"],"picked":"Adrenaline"},{"not_picked":["Underhanded Strike","Footwork"],"picked":"Sucker Punch"},{"not_picked":["Deflect","Accuracy"],"picked":"Dagger Spray"},{"not_picked":["Dagger Spray","Adrenaline"],"picked":"Deadly Poison"},{"not_picked":["Backstab","Dash"],"picked":"Escape Plan"},{"not_picked":["Dagger Throw","Calculated Gamble"],"picked":"Blur"},{"not_picked":["Quick Slash","Acrobatics"],"picked":"Bouncing Flask"},{"not_picked":["Quick Slash","Choke"],"picked":"Noxious Fumes"}],"player_experience":141757,"potions_floor_usage":[13,16,16,20,25,33,42,50,50],"damage_taken":[{"damage":0,"enemies":"Small Slimes","floor":1,"turns":4},{"damage":0,"enemies":"2 Louse","floor":4,"turns":2},{"damage":0,"enemies":"Cultist","floor":8,"turns":3},{"damage":5,"enemies":"Lagavulin","floor":11,"turns":9},{"damage":1,"enemies":"Large Slime","floor":12,"turns":7},{"damage":32,"enemies":"Gremlin Nob","floor":13,"turns":6},{"damage":0,"enemies":"Exordium Thugs","floor":14,"turns":5},{"damage":5,"enemies":"The Guardian","floor":16,"turns":11},{"damage":11,"enemies":"Shell Parasite","floor":18,"turns":9},{"damage":0,"enemies":"Chosen","floor":20,"turns":4},{"damage":3,"enemies":"Book of Stabbing","floor":24,"turns":7},{"damage":19,"enemies":"Centurion and Healer","floor":25,"turns":9},{"damage":19,"enemies":"Cultist and Chosen","floor":27,"turns":6},{"damage":9,"enemies":"3 Cultists","floor":31,"turns":4},{"damage":25,"enemies":"Automaton","floor":33,"turns":14},{"damage":0,"enemies":"Orb Walker","floor":35,"turns":4},{"damage":0,"enemies":"3 Shapes","floor":36,"turns":5},{"damage":6,"enemies":"Maw","floor":37,"turns":7},{"damage":11,"enemies":"Sphere and 2 Shapes","floor":41,"turns":5},{"damage":0,"enemies":"Nemesis","floor":42,"turns":5},{"damage":7,"enemies":"3 Darklings","floor":47,"turns":4},{"damage":55,"enemies":"Time Eater","floor":50,"turns":12}],"event_choices":[{"event_name":"Liars Game","player_choice":"agreed","floor":3,"damage_taken":0},{"event_name":"The Cleric","player_choice":"Card Removal","floor":7,"damage_taken":0},{"event_name":"Beggar","player_choice":"Gave Gold","floor":19,"damage_taken":0},{"event_name":"Cursed Tome","player_choice":"Obtained Book","floor":21,"damage_taken":0},{"event_name":"Drug Dealer","player_choice":"Ignored","floor":28,"damage_taken":0},{"event_name":"Tomb of Lord Red Mask","player_choice":"Paid","floor":45,"damage_taken":0},{"event_name":"Winding Halls","player_choice":"Embrace Madness","floor":46,"damage_taken":0}],"boss_relics":[{"not_picked":["Velvet Choker","Question Card"],"picked":"Runic Dome"},{"not_picked":["White Beast Statue","Runic Pyramid"],"picked":"Tiny House"}],"potions_floor_spawned":[4,13,14,16,18,25,33,36,41,42],"seed_played":"-6625408425756519122","ascension_level":5,"is_trial":false}