{"gold_per_floor":[113,127,127,137,148,44,74,86,157,157,175,207,207,218,218,314,314,341,369,381],"floor_reached":20,"playtime":813,"items_purged":[],"score":301,"play_id":"d1c99686-628d-4f6f-b9d4-206faa299813","local_time":"20190117165521","is_ascension_mode":true,"campfire_choices":[{"floor":10,"key":"REST"},{"floor":15,"key":"REST"}],"neow_cost":"TEN_PERCENT_HP_LOSS","seed_source_timestamp":1985620479441367,"circlet_count":0,"master_deck":["AscendersBane","Strike_B","Strike_B","Strike_B","Strike_B","Defend_B","Defend_B","Defend_B+1","Defend_B","Zap","Dualcast+1","Thunder Strike","Conserve Battery","Gash+1","Steam Power","Ball Lightning","Ball Lightning","FTL","Steam Power","Gash","Gash","Hologram","Buffer","Parasite","Pain","Decay","Steam+1","Melter"],"relics":["Cracked Core","Centennial Puzzle","Kunai","Du-Vu Doll","War Paint","Calling Bell","MawBank","Symbiotic Virus","Bird Faced Urn"],"potions_floor_usage":[16,18,20,20],"damage_taken":[{"damage":1,"enemies":"Cultist","floor":1,"turns":3},{"damage":0,"enemies":"Small Slimes","floor":2,"turns":3},{"damage":5,"enemies":"Jaw Worm","floor":4,"turns":3},{"damage":9,"enemies":"Red Slaver","floor":5,"turns":3},{"damage":18,"enemies":"Gremlin Nob","floor":7,"turns":3},{"damage":16,"enemies":"Exordium Wildlife","floor":8,"turns":3},{"damage":0,"enemies":"Large Slime","floor":11,"turns":3},{"damage":12,"enemies":"Lagavulin","floor":12,"turns":5},{"damage":9,"enemies":"2 Fungi Beasts","floor":14,"turns":2},{"damage":26,"enemies":"The Guardian","floor":16,"turns":8},{"damage":37,"enemies":"Shell Parasite","floor":18,"turns":3},{"damage":3,"enemies":"Spheric Guardian","floor":19,"turns":3},{"damage":34,"enemies":"3 Cultists","floor":20,"turns":4}],"seed_played":"7534661934287826018","potions_obtained":[{"floor":1,"key":"SteroidPotion"},{"floor":7,"key":"FocusPotion"},{"floor":16,"key":"Swift Potion"},{"floor":18,"key":"Regen Potion"}],"is_trial":false,"path_per_floor":["M","M","?","M","M","$","E","M","T","R","M","E","?","M","R","B",null,"M","M","M"],"character_chosen":"DEFECT","items_purchased":["Ball Lightning","FTL"],"campfire_rested":2,"item_purchase_floors":[6,6],"current_hp_per_floor":[67,67,67,62,53,53,35,19,19,39,39,27,20,11,31,5,52,15,12,0],"gold":381,"neow_bonus":"THREE_RARE_CARDS","is_prod":false,"is_daily":false,"chose_seed":false,"campfire_upgraded":0,"win_rate":0,"timestamp":1547744121,"path_taken":["M","M","?","M","M","$","E","M","T","R","M","E","?","M","R","BOSS","M","M","M"],"build_version":"2019-01-10","purchased_purges":0,"victory":false,"max_hp_per_floor":[68,68,68,68,68,68,68,68,68,68,68,68,68,68,68,68,68,68,68,68],"card_choices":[{"not_picked":["Buffer","Multi-Cast"],"picked":"Thunder Strike","floor":0},{"not_picked":["Auto Shields","Gash"],"picked":"Conserve Battery","floor":1},{"not_picked":["Beam Cell","Turbo"],"picked":"Gash","floor":2},{"not_picked":["Darkness","Hologram"],"picked":"Steam Power","floor":4},{"not_picked":["Steam","FTL"],"picked":"Ball Lightning","floor":5},{"not_picked":["Core Surge","Loop"],"picked":"Steam Power","floor":7},{"not_picked":["Recycle","Sunder"],"picked":"Gash","floor":8},{"not_picked":["Leap","Redo"],"picked":"Gash","floor":11},{"not_picked":["Force Field","Streamline","Barrage"],"picked":"SKIP","floor":12},{"not_picked":["Capacitor","Darkness"],"picked":"Hologram","floor":14},{"not_picked":["Meteor Strike","Hyperbeam"],"picked":"Buffer","floor":16},{"not_picked":["Leap","Gash"],"picked":"Steam+1","floor":18},{"not_picked":["Rebound","Fusion"],"picked":"Melter","floor":19}],"player_experience":390142,"relics_obtained":[{"floor":7,"key":"Centennial Puzzle"},{"floor":9,"key":"Kunai"},{"floor":12,"key":"Du-Vu Doll"},{"floor":17,"key":"MawBank"},{"floor":17,"key":"Symbiotic Virus"},{"floor":17,"key":"Bird Faced Urn"}],"event_choices":[{"damage_healed":0,"gold_gain":0,"player_choice":"Grow","damage_taken":0,"max_hp_gain":0,"max_hp_loss":0,"event_name":"Living Wall","floor":3,"gold_loss":0,"cards_upgraded":["Gash"]},{"damage_healed":0,"gold_gain":0,"player_choice":"Success","damage_taken":7,"relics_obtained":["War Paint"],"max_hp_gain":0,"max_hp_loss":0,"event_name":"Scrap Ooze","floor":13,"gold_loss":0}],"is_beta":false,"boss_relics":[{"not_picked":["Snecko Eye","Orrery"],"picked":"Calling Bell"}],"items_purged_floors":[],"is_endless":false,"potions_floor_spawned":[1,7,11,12,14,16,18],"killed_by":"3 Cultists","ascension_level":12}