{"gold_per_floor":[110,120,133,55,72,72,101,111,111,136,136,136,44,44,44,44],"floor_reached":16,"playtime":473,"items_purged":[],"score":182,"play_id":"38694617-a0be-414b-b7ed-734b5d1eff2d","local_time":"20190118225218","is_ascension_mode":true,"campfire_choices":[{"data":"Dash","floor":6,"key":"SMITH"},{"data":"Dagger Spray","floor":11,"key":"SMITH"},{"data":"All Out Attack","floor":15,"key":"SMITH"}],"neow_cost":"NONE","seed_source_timestamp":1134113964833214,"circlet_count":0,"master_deck":["AscendersBane","Defend_G","Defend_G","Defend_G","Defend_G+1","Defend_G","Strike_G","Strike_G","Strike_G+1","Strike_G","Strike_G","Survivor","Neutralize","Die Die Die","Dash+1","All Out Attack+1","Dagger Spray+1","Endless Agony","Masterful Stab","Malaise","Dramatic Entrance"],"special_seed":0,"relics":["Ring of the Snake","Omamori","Blood Vial","Anchor"],"potions_floor_usage":[7,7,10],"damage_taken":[{"damage":2,"enemies":"2 Louse","floor":1,"turns":3},{"damage":0,"enemies":"Cultist","floor":2,"turns":4},{"damage":0,"enemies":"Jaw Worm","floor":3,"turns":3},{"damage":0,"enemies":"Large Slime","floor":5,"turns":6},{"damage":10,"enemies":"Lagavulin","floor":7,"turns":6},{"damage":0,"enemies":"Exordium Wildlife","floor":8,"turns":1},{"damage":2,"enemies":"3 Sentries","floor":10,"turns":3},{"damage":40,"enemies":"Slime Boss","floor":16,"turns":7}],"seed_played":"7651115971598483141","potions_obtained":[{"floor":1,"key":"Fire Potion"},{"floor":3,"key":"Weak Potion"},{"floor":7,"key":"Strength Potion"}],"is_trial":false,"path_per_floor":["M","M","M","$","M","R","E","M","T","E","R","?","$","?","R","B"],"character_chosen":"THE_SILENT","items_purchased":["Endless Agony","Dramatic Entrance"],"campfire_rested":0,"item_purchase_floors":[4,13],"current_hp_per_floor":[61,61,61,61,61,61,51,51,51,51,51,51,51,37,37,0],"gold":44,"neow_bonus":"ONE_RANDOM_RARE_CARD","is_prod":false,"is_daily":false,"chose_seed":false,"campfire_upgraded":3,"win_rate":0,"timestamp":1547851938,"path_taken":["M","M","M","$","M","R","E","M","T","E","R","?","$","?","R","BOSS"],"build_version":"2019-01-17v2","purchased_purges":0,"victory":false,"max_hp_per_floor":[70,70,70,70,70,70,70,70,70,70,70,70,70,70,70,70],"card_choices":[{"not_picked":["Dagger Throw","Prepared"],"picked":"Dash","floor":1},{"not_picked":["Slice","Distraction"],"picked":"All Out Attack","floor":2},{"not_picked":["Deadly Poison","Prepared"],"picked":"Dagger Spray","floor":3},{"not_picked":["Prepared","Setup"],"picked":"Masterful Stab","floor":5},{"not_picked":["Prepared","Calculated Gamble"],"picked":"Malaise","floor":7},{"not_picked":["Blur","Eviscerate","Sucker Punch"],"picked":"SKIP","floor":8},{"not_picked":["Sucker Punch","Crippling Poison","Flying Knee"],"picked":"SKIP","floor":10}],"player_experience":145365,"relics_obtained":[{"floor":7,"key":"Omamori"},{"floor":9,"key":"Blood Vial"},{"floor":10,"key":"Anchor"}],"event_choices":[{"damage_healed":0,"gold_gain":0,"player_choice":"Ignored","damage_taken":0,"max_hp_gain":0,"max_hp_loss":0,"event_name":"Golden Idol","floor":12,"gold_loss":0},{"damage_healed":0,"gold_gain":0,"player_choice":"Entered Light","damage_taken":14,"max_hp_gain":0,"max_hp_loss":0,"event_name":"Shining Light","floor":14,"gold_loss":0,"cards_upgraded":["Defend_G","Strike_G"]}],"is_beta":false,"boss_relics":[],"items_purged_floors":[],"is_endless":false,"potions_floor_spawned":[1,3,7],"killed_by":"Slime Boss","ascension_level":13}