{"gold_per_floor":[118,118,118,138,64,64,78,93,93,93,120,120,131,164,164,261,261,275,275,275,300,29,55,55,87,113,113,113,132,151,176,176,273,273,292,292,310,310,323,349,349,368,368,368,378,378],"floor_reached":46,"playtime":2067,"items_purged":["Strike_B"],"score":676,"play_id":"062046bc-41f7-478a-94a4-a8ab6625a19a","local_time":"20180914211503","is_ascension_mode":true,"campfire_choices":[{"data":"Rainbow","floor":6,"key":"SMITH"},{"data":"Biased Cognition","floor":10,"key":"SMITH"},{"data":"Zap","floor":12,"key":"SMITH"},{"data":"Loop","floor":15,"key":"SMITH"},{"floor":24,"key":"REST"},{"data":"Consume","floor":27,"key":"SMITH"},{"floor":32,"key":"REST"},{"data":"Electrodynamics","floor":41,"key":"SMITH"},{"floor":44,"key":"REST"}],"neow_cost":"NONE","seed_source_timestamp":26911962072638,"circlet_count":0,"master_deck":["Defend_B","Defend_B","Defend_B","Defend_B","Zap+1","Dualcast","Biased Cognition+1","Sweeping Beam","Self Repair","Rainbow+1","Coolheaded","Consume+1","Loop+1","Static Discharge","Electrodynamics+1","Self Repair","Sunder+1","Ball Lightning","Aggregate","Machine Learning","Biased Cognition","Madness","Madness","Force Field","Dramatic Entrance","Transmutation","Enlightenment","Tempest","Leap+1","White Noise+1"],"relics":["Cracked Core","Bottled Tornado","Question Card","Boot","Velvet Choker","Oddly Smooth Stone","DollysMirror","Regal Pillow","Ancient Tea Set","Art of War","Symbiotic Virus","Lizard Tail","Bag of Preparation","Mercury Hourglass"],"potions_floor_usage":[14,16,23,33,37,42,46],"damage_taken":[{"damage":1,"enemies":"Cultist","floor":1,"turns":3},{"damage":12,"enemies":"Small Slimes","floor":4,"turns":2},{"damage":4,"enemies":"Jaw Worm","floor":7,"turns":4},{"damage":1,"enemies":"Exordium Wildlife","floor":8,"turns":3},{"damage":15,"enemies":"Lagavulin","floor":11,"turns":5},{"damage":19,"enemies":"Exordium Thugs","floor":13,"turns":3},{"damage":0,"enemies":"3 Sentries","floor":14,"turns":5},{"damage":9,"enemies":"The Guardian","floor":16,"turns":9},{"damage":17,"enemies":"2 Thieves","floor":18,"turns":2},{"damage":30,"enemies":"Gremlin Leader","floor":23,"turns":6},{"damage":24,"enemies":"Book of Stabbing","floor":25,"turns":4},{"damage":8,"enemies":"Shell Parasite","floor":29,"turns":4},{"damage":14,"enemies":"Shelled Parasite and Fungi","floor":30,"turns":2},{"damage":22,"enemies":"Gremlin Leader","floor":31,"turns":4},{"damage":8,"enemies":"Automaton","floor":33,"turns":6},{"damage":18,"enemies":"Orb Walker","floor":35,"turns":3},{"damage":13,"enemies":"3 Shapes","floor":37,"turns":4},{"damage":20,"enemies":"Transient","floor":39,"turns":5},{"damage":75,"enemies":"Nemesis","floor":40,"turns":7},{"damage":28,"enemies":"Maw","floor":42,"turns":6},{"damage":37,"enemies":"4 Shapes","floor":45,"turns":3},{"damage":50,"enemies":"Transient","floor":46,"turns":3}],"seed_played":"-8255267347073924836","potions_obtained":[{"floor":7,"key":"Energy Potion"},{"floor":8,"key":"Strength Potion"},{"floor":11,"key":"Poison Potion"},{"floor":13,"key":"Dexterity Potion"},{"floor":18,"key":"Block Potion"},{"floor":29,"key":"Swift Potion"},{"floor":30,"key":"Energy Potion"},{"floor":35,"key":"Explosive Potion"},{"floor":42,"key":"AttackPotion"},{"floor":45,"key":"Block Potion"}],"is_trial":false,"path_per_floor":["M","?","?","M","$","R","M","M","T","R","E","R","M","E","R","B",null,"M","?","?","T","$","E","R","E","T","R","?","M","M","E","R","B",null,"M","?","M","?","M","E","R","M","T","R","M"],"character_chosen":"DEFECT","items_purchased":["Rainbow","DollysMirror"],"campfire_rested":3,"item_purchase_floors":[5,22],"current_hp_per_floor":[74,74,67,55,55,55,58,57,57,57,49,49,30,37,37,35,65,48,48,48,48,48,32,69,52,52,52,52,58,51,43,75,75,75,71,62,63,53,47,42,42,28,28,65,35,0],"gold":378,"neow_bonus":"ONE_RANDOM_RARE_CARD","is_prod":false,"is_daily":false,"chose_seed":false,"campfire_upgraded":6,"win_rate":0,"timestamp":1536956103,"path_taken":["M","?","?","?","?","R","M","?","T","R","E","R","M","E","R","BOSS","M","?","?","?","$","E","R","E","T","R","?","M","M","E","R","BOSS","M","?","M","?","?","E","R","M","T","R","?","M"],"build_version":"2018-09-06","purchased_purges":1,"victory":false,"max_hp_per_floor":[75,75,75,75,75,75,75,75,75,75,75,75,75,75,75,75,75,75,75,75,75,75,75,75,75,75,75,75,75,75,75,75,75,75,75,75,75,75,75,75,75,75,75,75,75,75],"card_choices":[{"not_picked":["Beam Cell","Hello World"],"picked":"Sweeping Beam","floor":1},{"not_picked":["Coolheaded","Gash"],"picked":"Self Repair","floor":4},{"not_picked":["Redo","Turbo"],"picked":"Coolheaded","floor":7},{"not_picked":["Undo","Ball Lightning"],"picked":"Consume","floor":8},{"not_picked":["Darkness","Gash"],"picked":"Loop","floor":11},{"not_picked":["Melter","Redo","Cold Snap","Steam Power"],"picked":"SKIP","floor":13},{"not_picked":["Steam","Tempest","Gash"],"picked":"Static Discharge","floor":14},{"not_picked":["Machine Learning","Meteor Strike","Thunder Strike"],"picked":"Electrodynamics","floor":16},{"not_picked":["Reprogram","Steam","Sweeping Beam","Redo"],"picked":"SKIP","floor":18},{"not_picked":["Cold Snap","Auto Shields","Chaos"],"picked":"Sunder+1","floor":23},{"not_picked":["Rebound+1","Barrage+1","Undo"],"picked":"Ball Lightning","floor":25},{"not_picked":["Aggregate","Redo","Coolheaded","Barrage"],"picked":"SKIP","floor":29},{"not_picked":["Scrape","BootSequence","Streamline"],"picked":"Aggregate","floor":30},{"not_picked":["Doom and Gloom","Steam","Chaos+1"],"picked":"Machine Learning","floor":31},{"not_picked":["Meteor Strike","Creative AI","Thunder Strike"],"picked":"Biased Cognition","floor":33},{"not_picked":["Beam Cell+1","BootSequence","Hologram","Compile Driver"],"picked":"SKIP","floor":35},{"not_picked":["Conserve Battery","Compile Driver+1","Doom and Gloom+1"],"picked":"Force Field","floor":37},{"not_picked":["Violence","Trip","Flash of Steel"],"picked":"Dramatic Entrance","floor":38},{"not_picked":["Swift Strike","HandOfGreed","Dramatic Entrance"],"picked":"Transmutation","floor":38},{"not_picked":["Finesse","Trip","Dramatic Entrance"],"picked":"Enlightenment","floor":38},{"not_picked":["Turbo+1","Stack+1","Compile Driver+1"],"picked":"Tempest","floor":39},{"not_picked":["Stack+1","Sweeping Beam","Compile Driver"],"picked":"Leap+1","floor":40},{"not_picked":["Hologram","Compile Driver","Stack+1"],"picked":"White Noise+1","floor":42},{"not_picked":["Sweeping Beam","Gash+1","Rainbow","Compile Driver+1"],"picked":"SKIP","floor":45}],"player_experience":356745,"relics_obtained":[{"floor":9,"key":"Bottled Tornado"},{"floor":11,"key":"Question Card"},{"floor":14,"key":"Boot"},{"floor":21,"key":"Oddly Smooth Stone"},{"floor":23,"key":"Regal Pillow"},{"floor":25,"key":"Ancient Tea Set"},{"floor":26,"key":"Art of War"},{"floor":31,"key":"Symbiotic Virus"},{"floor":40,"key":"Bag of Preparation"},{"floor":43,"key":"Mercury Hourglass"}],"event_choices":[{"event_name":"Bonfire Elementals","player_choice":"BASIC","floor":2,"damage_taken":0},{"event_name":"Golden Wing","player_choice":"Card Removal","floor":3,"damage_taken":0},{"event_name":"Match and Keep!","player_choice":"0 cards matched","floor":19,"damage_taken":0},{"event_name":"Purifier","player_choice":"One Purge","floor":20,"damage_taken":0},{"event_name":"Vampires","player_choice":"Ignored","floor":28,"damage_taken":0},{"event_name":"Winding Halls","player_choice":"Embrace Madness","floor":36,"damage_taken":0},{"event_name":"SensoryStone","player_choice":"Memory 3","floor":38,"damage_taken":0}],"is_beta":false,"boss_relics":[{"not_picked":["Eternal Feather","White Beast Statue"],"picked":"Velvet Choker"},{"not_picked":["Orrery","Cursed Key"],"picked":"Lizard Tail"}],"items_purged_floors":[22],"is_endless":false,"potions_floor_spawned":[7,8,11,13,18,29,30,35,42,45],"killed_by":"Transient","ascension_level":5}