{"gold_per_floor":[117,137,149,149,162,162,162,197,197,197,212,212,232,246,246,321,321,333,25,35,35,47,47,66,66,90,90,15,15,15,25,25,25],"floor_reached":33,"playtime":1249,"items_purged":["Parasite"],"score":448,"play_id":"a7ed522e-3e54-4767-a409-774bcc63ce1a","local_time":"20190202170338","is_ascension_mode":true,"campfire_choices":[{"data":"After Image","floor":6,"key":"SMITH"},{"data":"Backstab","floor":10,"key":"SMITH"},{"data":"Poisoned Stab","floor":15,"key":"SMITH"},{"floor":23,"key":"REST"},{"floor":25,"key":"REST"},{"floor":32,"key":"REST"}],"neow_cost":"TEN_PERCENT_HP_LOSS","seed_source_timestamp":168106489423057,"circlet_count":0,"master_deck":["AscendersBane","Defend_G","Defend_G","Defend_G","Defend_G","Defend_G","Strike_G","Strike_G","Strike_G","Strike_G","Strike_G","Survivor","Neutralize","After Image+1","Backstab+1","Escape Plan","Sucker Punch","Dagger Spray","Poisoned Stab+1","Glass Knife","Leg Sweep","Infinite Blades","Blur+1","Cloak And Dagger+1","Quick Slash"],"relics":["Ring of the Snake","Oddly Smooth Stone","Shuriken","Bottled Tornado","GremlinMask","Cursed Key","HandDrill","Potion Belt","MutagenicStrength"],"potions_floor_usage":[8,11,16,16,18,20,20],"damage_taken":[{"damage":6,"enemies":"Cultist","floor":1,"turns":6},{"damage":2,"enemies":"Small Slimes","floor":2,"turns":5},{"damage":2,"enemies":"Jaw Worm","floor":3,"turns":5},{"damage":0,"enemies":"Looter","floor":5,"turns":5},{"damage":18,"enemies":"Lagavulin","floor":8,"turns":8},{"damage":5,"enemies":"Exordium Thugs","floor":11,"turns":6},{"damage":0,"enemies":"Blue Slaver","floor":13,"turns":5},{"damage":0,"enemies":"2 Fungi Beasts","floor":14,"turns":4},{"damage":37,"enemies":"Slime Boss","floor":16,"turns":12},{"damage":12,"enemies":"2 Thieves","floor":18,"turns":4},{"damage":0,"enemies":"3 Byrds","floor":20,"turns":5},{"damage":22,"enemies":"Sentry and Sphere","floor":22,"turns":6},{"damage":13,"enemies":"Centurion and Healer","floor":24,"turns":6},{"damage":14,"enemies":"Snecko","floor":31,"turns":6},{"damage":41,"enemies":"Automaton","floor":33,"turns":6}],"seed_played":"-6150934657477914703","potions_obtained":[{"floor":1,"key":"AttackPotion"},{"floor":3,"key":"Regen Potion"},{"floor":11,"key":"Energy Potion"},{"floor":13,"key":"Energy Potion"},{"floor":14,"key":"SteroidPotion"},{"floor":16,"key":"Explosive Potion"},{"floor":18,"key":"PowerPotion"}],"is_trial":false,"path_per_floor":["M","M","M","?","M","R","T","E","T","R","M","?","M","M","R","B",null,"M","$","M","?","M","R","M","R","T","?","$","?","T","M","R","B"],"character_chosen":"THE_SILENT","items_purchased":["Infinite Blades","HandDrill","AttackPotion"],"campfire_rested":3,"item_purchase_floors":[19,19,19],"current_hp_per_floor":[53,51,49,49,49,49,49,31,31,31,41,41,41,41,41,4,46,34,34,34,34,12,30,17,35,35,35,35,35,35,21,38,0],"gold":25,"neow_bonus":"THREE_RARE_CARDS","is_prod":false,"is_daily":false,"chose_seed":false,"campfire_upgraded":3,"win_rate":0,"timestamp":1549127018,"path_taken":["M","?","M","?","M","R","?","E","T","R","M","?","M","?","R","BOSS","M","$","M","?","M","R","M","R","T","?","$","?","?","M","R","BOSS"],"build_version":"2019-01-23","purchased_purges":1,"victory":false,"max_hp_per_floor":[60,60,60,60,60,60,60,60,60,60,60,60,60,60,60,60,60,60,60,60,60,60,60,60,60,60,60,57,57,57,57,57,57],"card_choices":[{"not_picked":["Tools of the Trade","Doppelganger"],"picked":"After Image","floor":0},{"not_picked":["Riddle With Holes","Prepared"],"picked":"Backstab","floor":1},{"not_picked":["Poisoned Stab","Dodge and Roll"],"picked":"Escape Plan","floor":2},{"not_picked":["Dagger Throw","Prepared"],"picked":"Sucker Punch","floor":3},{"not_picked":["Crippling Poison","Poisoned Stab","Dodge and Roll"],"picked":"SKIP","floor":5},{"not_picked":["Phantasmal Killer","Bane","Noxious Fumes"],"picked":"SKIP","floor":8},{"not_picked":["Dodge and Roll","Deadly Poison","PiercingWail"],"picked":"SKIP","floor":11},{"not_picked":["Underhanded Strike","Slice"],"picked":"Dagger Spray","floor":13},{"not_picked":["Underhanded Strike","Outmaneuver"],"picked":"Poisoned Stab","floor":14},{"not_picked":["A Thousand Cuts","Unload"],"picked":"Glass Knife","floor":16},{"not_picked":["Dodge and Roll+1","Riddle With Holes"],"picked":"Leg Sweep","floor":18},{"not_picked":["Backflip+1","Heel Hook"],"picked":"Blur+1","floor":20},{"not_picked":["Concentrate+1","Prepared"],"picked":"Cloak And Dagger+1","floor":22},{"not_picked":["Slice","Expertise+1"],"picked":"Quick Slash","floor":24},{"not_picked":["Flying Knee","Poisoned Stab","Deadly Poison"],"picked":"SKIP","floor":31}],"player_experience":526361,"relics_obtained":[{"floor":7,"key":"Oddly Smooth Stone"},{"floor":8,"key":"Shuriken"},{"floor":9,"key":"Bottled Tornado"},{"floor":26,"key":"Potion Belt"}],"event_choices":[{"damage_healed":0,"gold_gain":0,"player_choice":"Ignored","damage_taken":0,"max_hp_gain":0,"max_hp_loss":0,"event_name":"Golden Idol","floor":4,"gold_loss":0},{"damage_healed":0,"gold_gain":0,"player_choice":"Trade","damage_taken":0,"relics_obtained":["GremlinMask"],"max_hp_gain":0,"max_hp_loss":0,"event_name":"FaceTrader","floor":12,"gold_loss":0},{"damage_healed":0,"gold_gain":0,"player_choice":"Ignored","damage_taken":0,"max_hp_gain":0,"max_hp_loss":0,"event_name":"Ghosts","floor":21,"gold_loss":0},{"damage_healed":0,"gold_gain":0,"player_choice":"Ignored","damage_taken":0,"max_hp_gain":0,"max_hp_loss":0,"event_name":"Vampires","floor":27,"gold_loss":0},{"damage_healed":0,"gold_gain":0,"player_choice":"Inject Mutagens","damage_taken":0,"relics_obtained":["MutagenicStrength"],"max_hp_gain":0,"max_hp_loss":0,"event_name":"Drug Dealer","floor":29,"gold_loss":0}],"is_beta":false,"boss_relics":[{"not_picked":["Runic Pyramid","Busted Crown"],"picked":"Cursed Key"}],"items_purged_floors":[28],"is_endless":false,"potions_floor_spawned":[1,3,11,13,14,16,18],"killed_by":"Automaton","ascension_level":16}