{"gold_per_floor":[112,112,125,138,138,166,166,198,198,163,180,194,194,214,214,214],"floor_reached":16,"playtime":1331,"items_purged":[],"score":174,"play_id":"bac903d9-661b-403d-8a62-8402c2894383","local_time":"20180919171321","is_ascension_mode":true,"campfire_choices":[{"floor":7,"key":"REST"},{"floor":15,"key":"REST"}],"neow_cost":"NONE","seed_source_timestamp":445192635490379,"circlet_count":0,"master_deck":["Defend_G","Defend_G","Defend_G","Defend_G","Defend_G","Strike_G","Strike_G+1","Strike_G","Strike_G","Strike_G","Survivor","Neutralize","AscendersBane","Finisher","Backflip+1","Outmaneuver","Cloak And Dagger","PiercingWail","Flying Knee","Burst"],"relics":["Ring of the Snake","NeowsBlessing","Kunai","Darkstone Periapt","The Specimen","Ornamental Fan","Matryoshka"],"potions_floor_usage":[6,16],"damage_taken":[{"damage":0,"enemies":"2 Louse","floor":1,"turns":1},{"damage":0,"enemies":"Small Slimes","floor":3,"turns":1},{"damage":0,"enemies":"Jaw Worm","floor":4,"turns":1},{"damage":19,"enemies":"Gremlin Nob","floor":6,"turns":5},{"damage":43,"enemies":"Lagavulin","floor":8,"turns":13},{"damage":0,"enemies":"2 Fungi Beasts","floor":11,"turns":4},{"damage":0,"enemies":"Blue Slaver","floor":12,"turns":4},{"damage":4,"enemies":"Large Slime","floor":14,"turns":10},{"damage":42,"enemies":"Hexaghost","floor":16,"turns":14}],"seed_played":"-1857245211882616126","potions_obtained":[{"floor":3,"key":"Weak Potion"},{"floor":12,"key":"Dexterity Potion"}],"is_trial":false,"path_per_floor":["M","?","M","M","?","E","R","E","T","?","M","M","?","M","R"],"character_chosen":"THE_SILENT","items_purchased":[],"campfire_rested":2,"item_purchase_floors":[],"current_hp_per_floor":[63,60,60,60,46,27,48,5,5,22,22,22,22,18,39,0],"gold":214,"neow_bonus":"THREE_ENEMY_KILL","is_prod":false,"is_daily":false,"chose_seed":false,"campfire_upgraded":0,"win_rate":0,"timestamp":1537373601,"path_taken":["M","?","M","M","?","E","R","E","T","?","M","M","?","?","R","BOSS"],"build_version":"2018-09-06","purchased_purges":0,"victory":false,"max_hp_per_floor":[70,70,70,70,70,70,70,70,70,70,70,70,70,70,70,70],"card_choices":[{"not_picked":["Bane","Dodge and Roll"],"picked":"Finisher","floor":1},{"not_picked":["Caltrops","Quick Slash"],"picked":"Backflip","floor":3},{"not_picked":["All Out Attack","Prepared"],"picked":"Outmaneuver","floor":4},{"not_picked":["Dagger Throw","Distraction"],"picked":"Cloak And Dagger","floor":6},{"not_picked":["Outmaneuver","Acrobatics"],"picked":"PiercingWail","floor":8},{"not_picked":["PiercingWail","Bane"],"picked":"Flying Knee","floor":11},{"not_picked":["PiercingWail","Flechettes","Deflect"],"picked":"SKIP","floor":12},{"not_picked":["PiercingWail","Skewer"],"picked":"Burst","floor":14}],"player_experience":385215,"relics_obtained":[{"floor":6,"key":"Darkstone Periapt"},{"floor":8,"key":"The Specimen"},{"floor":9,"key":"Ornamental Fan"}],"event_choices":[{"event_name":"Scrap Ooze","player_choice":"success","floor":2,"damage_taken":3},{"event_name":"Shining Light","player_choice":"Entered Light","floor":5,"damage_taken":0},{"event_name":"The Cleric","player_choice":"Healed","floor":10,"damage_taken":0},{"event_name":"Dead Adventurer","player_choice":"Searched \u00271\u0027 times","floor":13,"damage_taken":0}],"is_beta":false,"boss_relics":[],"items_purged_floors":[],"is_endless":false,"potions_floor_spawned":[3,12],"killed_by":"Hexaghost","ascension_level":11}