{"path_per_floor":["M","?","?","M","M","E","?","E","T","E","R","M","?","M","R","B",null,"M","$","M","?","M","R","M","$","T","E","$","?","E","M","R","B",null,"M","M","$","M","?","M","E","M","T","T"],"character_chosen":"IRONCLAD","items_purchased":["Pommel Strike","Blue Candle","Vajra","Singing Bowl","Whirlwind","Dramatic Entrance"],"gold_per_floor":[114,114,114,129,144,174,174,204,254,284,284,299,549,564,564,664,664,679,557,572,522,537,537,552,152,152,182,32,32,62,77,77,177,177,192,207,74,89,89,104,134,149,149,149,149],"floor_reached":45,"campfire_rested":2,"playtime":1197,"current_hp_per_floor":[80,64,64,60,60,53,53,44,44,46,70,78,78,80,80,63,80,80,80,70,70,78,78,68,68,68,56,56,56,66,48,73,35,84,84,84,84,86,86,76,59,67,67,67,0],"items_purged":["Strike_R"],"gold":149,"score":581,"play_id":"64bd54c4-fee2-4bf3-b310-05180ab53ed7","local_time":"20180411192641","daily_mods":["Allstar","Lethality","Binary"],"is_prod":false,"is_daily":true,"chose_seed":false,"is_ascension_mode":false,"campfire_upgraded":2,"timestamp":1523496401,"path_taken":["M","?","?","M","M","E","?","E","T","E","R","M","?","M","R","BOSS","M","$","M","?","M","R","M","$","T","E","$","?","E","M","R","BOSS","M","M","?","M","?","M","E","M","T","?","E"],"build_version":"2018-04-10","seed_source_timestamp":0,"purchased_purges":1,"victory":false,"master_deck":["Strike_R","Defend_R+1","Defend_R","Defend_R","Bash","Jack Of All Trades","Madness+1","Secret Weapon","Secret Technique","Apotheosis+1","Body Slam","Infernal Blade","Shrug It Off","Inflame","Rampage","Flex","Regret","Whirlwind+1","Cleave+1","Berserk+1","Double Tap+1","Pommel Strike","Clash","Clash+1","Shrug It Off+1","Regret","Feed","Dropkick","Shrug It Off+1","Whirlwind","Dramatic Entrance","Brutality","Clash+1","Clash"],"max_hp_per_floor":[80,80,80,80,80,80,80,80,80,80,80,80,80,80,80,80,80,80,80,80,80,80,80,80,80,80,80,80,80,82,84,84,84,84,84,84,84,90,90,92,96,96,96,96,96],"relics":["Burning Blood","Ginger","Du-Vu Doll","Blood Vial","Bottled Flame","Astrolabe","Blue Candle","Vajra","Mummified Hand","Paper Frog","Singing Bowl","Happy Flower","Sozu","Anchor","Mercury Hourglass","Smiling Mask"],"card_choices":[{"not_picked":["Flame Barrier"],"picked":"Body Slam","floor":1},{"not_picked":["Clash"],"picked":"Infernal Blade","floor":4},{"not_picked":["Sword Boomerang"],"picked":"Shrug It Off","floor":6},{"not_picked":["Cleave"],"picked":"Inflame","floor":8},{"not_picked":["Sever Soul"],"picked":"Rampage","floor":10},{"not_picked":["Iron Wave"],"picked":"Flex","floor":12},{"not_picked":["Metallicize"],"picked":"Whirlwind","floor":14},{"not_picked":["Twin Strike"],"picked":"Clash","floor":20},{"not_picked":["Blood for Blood"],"picked":"Clash","floor":22},{"not_picked":["Combust"],"picked":"Shrug It Off","floor":27},{"not_picked":["Berserk"],"picked":"Feed","floor":33},{"not_picked":["Bloodletting"],"picked":"Dropkick","floor":35},{"not_picked":["Twin Strike"],"picked":"Shrug It Off","floor":36},{"not_picked":["Headbutt"],"picked":"Clash","floor":41},{"not_picked":["Body Slam"],"picked":"Clash","floor":42}],"player_experience":296011,"potions_floor_usage":[6,8,14,16,16,27,27,33,35],"damage_taken":[{"damage":1,"enemies":"Cultist","floor":1,"turns":3},{"damage":10,"enemies":"Small Slimes","floor":4,"turns":3},{"damage":6,"enemies":"Jaw Worm","floor":5,"turns":2},{"damage":13,"enemies":"Lagavulin","floor":6,"turns":3},{"damage":15,"enemies":"Gremlin Nob","floor":8,"turns":3},{"damage":6,"enemies":"3 Sentries","floor":10,"turns":5},{"damage":0,"enemies":"Blue Slaver","floor":12,"turns":1},{"damage":2,"enemies":"3 Louse","floor":14,"turns":2},{"damage":23,"enemies":"The Guardian","floor":16,"turns":6},{"damage":3,"enemies":"Shell Parasite","floor":18,"turns":3},{"damage":16,"enemies":"Spheric Guardian","floor":20,"turns":3},{"damage":0,"enemies":"3 Cultists","floor":22,"turns":1},{"damage":28,"enemies":"Snecko","floor":24,"turns":4},{"damage":20,"enemies":"Book of Stabbing","floor":27,"turns":3},{"damage":0,"enemies":"Slavers","floor":30,"turns":1},{"damage":28,"enemies":"Centurion and Healer","floor":31,"turns":2},{"damage":46,"enemies":"Collector","floor":33,"turns":5},{"damage":1,"enemies":"Orb Walker","floor":35,"turns":1},{"damage":6,"enemies":"3 Shapes","floor":36,"turns":2},{"damage":10,"enemies":"Maw","floor":38,"turns":4},{"damage":20,"enemies":"Flame Bruiser 2 Orb","floor":40,"turns":3},{"damage":29,"enemies":"Giant Head","floor":41,"turns":5},{"damage":0,"enemies":"4 Shapes","floor":42,"turns":1},{"damage":71,"enemies":"Nemesis","floor":45,"turns":4}],"event_choices":[{"event_name":"Shining Light","player_choice":"Entered Light","floor":2,"damage_taken":0},{"event_name":"Living Wall","player_choice":"Grow","floor":3,"damage_taken":0},{"event_name":"The Lab","player_choice":"Got Potions","floor":7,"damage_taken":0},{"event_name":"Golden Shrine","player_choice":"Desecrate","floor":13,"damage_taken":0},{"event_name":"The Joust","player_choice":"Bet on Murderer","floor":21,"damage_taken":0},{"event_name":"Duplicator","player_choice":"One dupe","floor":29,"damage_taken":0},{"event_name":"Transmorgrifier","player_choice":"Transform","floor":39,"damage_taken":0}],"boss_relics":[{"not_picked":["Velvet Choker","Mark of Pain"],"picked":"Astrolabe"},{"not_picked":["Tiny House","Philosopher\u0027s Stone"],"picked":"Sozu"}],"potions_floor_spawned":[4,6,8,12,14,18,20,24,31,36,42],"seed_played":"8507077734950112790","killed_by":"Nemesis","ascension_level":0,"is_trial":false}