{"path_per_floor":["M","?","M","M","M","E","R","M","T","E","M","R","?","M","R","B",null,"M","?","?","M","?","E","M","T","T","R","E","M","?","$","R","B",null,"M","M","?","?","?","E","$","E","T","R","T","T","M","M","R","B"],"character_chosen":"THE_SILENT","items_purchased":["Infinite Blades","Oddly Smooth Stone","Finesse","Dagger Spray"],"gold_per_floor":[115,115,130,145,156,190,190,202,226,261,273,273,303,321,321,416,416,433,433,348,367,367,430,446,446,446,446,474,486,486,411,411,516,516,526,538,508,508,508,537,87,120,120,120,120,143,158,176,176,176],"floor_reached":51,"campfire_rested":5,"playtime":13293,"current_hp_per_floor":[69,69,69,69,51,31,67,53,53,27,20,56,56,55,55,49,70,60,60,60,62,46,43,41,41,41,41,44,39,46,46,77,61,77,70,62,62,62,62,41,41,35,35,73,73,73,44,47,77,8],"items_purged":["Regret","Strike_G"],"gold":176,"play_id":"e85a5886-6372-4258-8ae6-d9fa658ee359","is_prod":false,"is_daily":false,"campfire_rituals":0,"campfire_upgraded":2,"is_hardmode":false,"path_taken":["M","?","?","M","M","E","R","M","T","E","M","R","?","M","R","BOSS","M","?","?","M","?","E","M","?","T","R","E","M","?","$","R","BOSS","M","M","?","?","?","E","$","E","T","R","?","?","M","M","R","BOSS"],"build_version":"2018-01-04-PROD1","purchased_purges":2,"victory":true,"master_deck":["Defend_G","Defend_G","Defend_G","Defend_G","Strike_G","Strike_G","Strike_G","Strike_G","Survivor","Neutralize","Tools of the Trade","Dagger Spray","Acrobatics","Noxious Fumes","Infinite Blades","After Image","Accuracy","Cloak And Dagger","Endless Agony","Bandage Up","Accuracy","Cloak And Dagger","Footwork","Backflip","Dagger Spray","Burst","Accuracy","Finisher","Die Die Die","Infinite Blades","Finesse","Dagger Spray","PiercingWail","Infinite Blades","Cloak And Dagger","Blade Dance"],"max_hp_per_floor":[70,70,70,70,70,70,70,70,70,70,70,70,70,70,70,70,70,70,70,70,70,70,70,70,70,70,70,70,70,77,77,77,77,77,77,77,77,77,77,77,77,77,77,77,77,77,77,77,77,77],"relics":["Ring of the Snake","Regal Pillow","Shuriken","Whetstone","Bag of Preparation","Juzu Bracelet","Black Star","Ninja Scroll","Enchiridion","Pen Nib","Tiny Chest","Ginger","Lantern","Prayer Wheel","War Paint","Strawberry","Lizard Tail","Tingsha","Unceasing Top","Oddly Smooth Stone","Dream Catcher","Happy Flower","Ice Cream","Du-Vu Doll","Ancient Tea Set"],"campfire_meditates":0,"card_choices":[{"not_picked":["Distraction","Flying Knee"],"picked":"Tools of the Trade"},{"not_picked":["Poisoned Stab","PiercingWail"],"picked":"Dagger Spray"},{"not_picked":["Leg Sweep","Dagger Throw"],"picked":"Acrobatics"},{"not_picked":["Bouncing Flask","Acrobatics"],"picked":"Noxious Fumes"},{"not_picked":["Cloak And Dagger","PiercingWail"],"picked":"Infinite Blades"},{"not_picked":["Predator","Dagger Spray"],"picked":"After Image"},{"not_picked":["Underhanded Strike","Leg Sweep"],"picked":"Accuracy"},{"not_picked":["Escape Plan","PiercingWail"],"picked":"Cloak And Dagger"},{"not_picked":["Distraction","Endless Agony"],"picked":"Accuracy"},{"not_picked":["Catalyst","Corpse Explosion"],"picked":"Cloak And Dagger"},{"not_picked":["Dash","Poisoned Stab"],"picked":"Footwork"},{"not_picked":["Deadly Poison","Malaise"],"picked":"Backflip"},{"not_picked":["Deflect","Sucker Punch"],"picked":"Dagger Spray"},{"not_picked":["Storm of Steel","Doppelganger"],"picked":"Burst"},{"not_picked":["Outmaneuver","Slice"],"picked":"Accuracy"},{"not_picked":["Deadly Poison","Malaise"],"picked":"Finisher"},{"not_picked":["Flying Knee","Underhanded Strike"],"picked":"Die Die Die"},{"not_picked":["Flying Knee","All Out Attack"],"picked":"PiercingWail"},{"not_picked":["Flechettes","Dagger Spray"],"picked":"Infinite Blades"},{"not_picked":["Bane","Prepared"],"picked":"Cloak And Dagger"},{"not_picked":["Quick Slash","Night Terror"],"picked":"Blade Dance"}],"player_experience":108521,"potions_floor_usage":[6,16,16,35,40,42,42,50,50],"damage_taken":[{"damage":1,"enemies":"Blue Slaver","floor":1,"turns":6},{"damage":0,"enemies":"2 Louse","floor":3,"turns":3},{"damage":0,"enemies":"Small Slimes","floor":4,"turns":3},{"damage":18,"enemies":"2 Fungi Beasts","floor":5,"turns":3},{"damage":20,"enemies":"Gremlin Nob","floor":6,"turns":5},{"damage":14,"enemies":"3 Louse","floor":8,"turns":2},{"damage":26,"enemies":"3 Sentries","floor":10,"turns":6},{"damage":7,"enemies":"Lots of Slimes","floor":11,"turns":3},{"damage":1,"enemies":"Looter","floor":14,"turns":3},{"damage":6,"enemies":"The Guardian","floor":16,"turns":10},{"damage":10,"enemies":"Chosen","floor":18,"turns":8},{"damage":2,"enemies":"3 Byrds","floor":21,"turns":3},{"damage":7,"enemies":"Gremlin Leader","floor":23,"turns":8},{"damage":6,"enemies":"Centurion and Healer","floor":24,"turns":5},{"damage":1,"enemies":"Book of Stabbing","floor":28,"turns":4},{"damage":5,"enemies":"3 Cultists","floor":29,"turns":4},{"damage":20,"enemies":"Collector","floor":33,"turns":10},{"damage":11,"enemies":"3 Darklings","floor":35,"turns":5},{"damage":12,"enemies":"Orb Walker","floor":36,"turns":4},{"damage":25,"enemies":"Giant Head","floor":40,"turns":7},{"damage":16,"enemies":"2 Orb Walkers","floor":42,"turns":4},{"damage":33,"enemies":"4 Shapes","floor":47,"turns":4},{"damage":1,"enemies":"Maw","floor":48,"turns":6},{"damage":125,"enemies":"Awakened One","floor":50,"turns":9}],"event_choices":[{"event_name":"Big Fish","player_choice":"Box","floor":2,"damage_taken":0},{"event_name":"Dead Adventurer","player_choice":"Searched \u00272\u0027 times","floor":13,"damage_taken":0},{"event_name":"Match and Keep!","player_choice":"2 cards matched","floor":19,"damage_taken":0},{"event_name":"Addict","player_choice":"Obtained Relic","floor":20,"damage_taken":0},{"event_name":"Cursed Tome","player_choice":"Obtained Book","floor":22,"damage_taken":0},{"event_name":"The Mausoleum","player_choice":"Yes","floor":30,"damage_taken":0},{"event_name":"The Woman in Blue","player_choice":"Bought 2 Potions","floor":37,"damage_taken":0},{"event_name":"Tomb of Lord Red Mask","player_choice":"Ignored","floor":39,"damage_taken":0}],"boss_relics":[{"not_picked":["Question Card","The Specimen"],"picked":"Black Star"},{"not_picked":["Snecko Eye","Eternal Feather"],"picked":"Lizard Tail"}],"potions_floor_spawned":[1,5,10,11,14,23,33,40,47],"seed_played":"5947032570313122718","is_trial":false}