{"path_per_floor":["M","$","?","?","?","R","E","R","T","E","M","?","?","E","R","B",null,"M","$","?","$","?"],"character_chosen":"IRONCLAD","items_purchased":["Molten Egg 2"],"gold_per_floor":[116,41,41,41,41,41,72,72,140,183,203,278,278,319,319,442,442,466,366,366,106,106],"floor_reached":23,"campfire_rested":2,"playtime":854,"current_hp_per_floor":[74,74,67,60,41,64,46,46,46,29,47,36,36,24,47,21,63,56,56,56,56,40],"items_purged":["Parasite","Defend_R"],"gold":106,"score":322,"play_id":"d263ac75-046a-4370-848d-869f065fb640","local_time":"20180306202227","is_prod":false,"is_daily":false,"is_ascension_mode":true,"campfire_upgraded":1,"timestamp":1520367747,"path_taken":["M","$","?","?","?","R","E","R","T","E","M","?","?","E","R","BOSS","M","$","?","?","?","E"],"build_version":"2018-03-01-PROD1","purchased_purges":3,"victory":false,"master_deck":["Strike_R","Strike_R","Strike_R","Strike_R","Defend_R+1","Defend_R+1","Bash+1","Perfected Strike","Pommel Strike","Flex","Brutality","Flex","Spot Weakness"],"max_hp_per_floor":[80,77,77,77,77,77,77,77,77,77,77,77,77,77,77,77,77,77,77,77,77,77],"relics":["Burning Blood","Bronze Scales","Lantern","Golden Idol","Blue Candle","Meat on the Bone","Juzu Bracelet","Pantograph","War Paint","Eternal Feather","Molten Egg 2","Nilry\u0027s Codex"],"card_choices":[{"not_picked":["Pommel Strike","Flame Barrier"],"picked":"Perfected Strike"},{"not_picked":["Headbutt","Blood for Blood"],"picked":"Pommel Strike"},{"not_picked":["True Grit","Power Through"],"picked":"Flex"},{"not_picked":["Fiend Fire","Barricade"],"picked":"Brutality"},{"not_picked":["Body Slam","Ghostly Armor"],"picked":"Flex"}],"player_experience":209729,"potions_floor_usage":[14,16,16],"damage_taken":[{"damage":4,"enemies":"Small Slimes","floor":1,"turns":4},{"damage":24,"enemies":"Gremlin Nob","floor":7,"turns":4},{"damage":35,"enemies":"3 Sentries","floor":10,"turns":6},{"damage":0,"enemies":"2 Louse","floor":11,"turns":2},{"damage":30,"enemies":"Lagavulin","floor":14,"turns":4},{"damage":69,"enemies":"Hexaghost","floor":16,"turns":9},{"damage":25,"enemies":"Chosen","floor":18,"turns":5},{"damage":40,"enemies":"Gremlin Leader","floor":23,"turns":5}],"event_choices":[{"event_name":"Scrap Ooze","player_choice":"success","floor":3,"damage_taken":7},{"event_name":"Golden Wing","player_choice":"Card Removal","floor":4,"damage_taken":0},{"event_name":"Golden Idol","player_choice":"Take Damage","floor":5,"damage_taken":0},{"event_name":"World of Goop","player_choice":"Gather Gold","floor":12,"damage_taken":0},{"event_name":"Dead Adventurer","player_choice":"Searched \u00272\u0027 times","floor":13,"damage_taken":0},{"event_name":"Transmorgrifier","player_choice":"Transform","floor":20,"damage_taken":0},{"event_name":"Cursed Tome","player_choice":"Obtained Book","floor":22,"damage_taken":0}],"boss_relics":[{"not_picked":["Orrery","Snecko Eye"],"picked":"Eternal Feather"}],"potions_floor_spawned":[7,11,14],"seed_played":"-1020315741476180224","killed_by":"Gremlin Leader","ascension_level":12,"is_trial":false}