{"path_per_floor":["M","?","?","$","M","R","M","R","T","R","$","M","E","M","R"],"character_chosen":"THE_SILENT","items_purchased":["Oddly Smooth Stone"],"gold_per_floor":[114,114,114,114,129,129,144,144,169,169,19,34,64,79,79],"floor_reached":16,"campfire_rested":1,"playtime":827,"current_hp_per_floor":[70,70,70,70,70,70,69,69,69,69,69,64,42,40,61],"items_purged":[],"gold":79,"score":100,"play_id":"8ab2b415-5bcd-45b5-8be4-0b0b8f82476b","local_time":"20180304162209","daily_mods":[{"name":"Diverse","description":"Start with 2 cards from another class.","modID":"Diverse","img":{"data":{"file":{"file":{"path":"images\\ui\\run_mods\\diverse.png"},"type":"Internal"},"width":64,"height":64,"format":"RGBA8888","useMipMaps":false,"isPrepared":false},"glTarget":3553,"glHandle":685,"minFilter":"Linear","magFilter":"Linear","uWrap":"ClampToEdge","vWrap":"ClampToEdge"},"positive":true},{"name":"Lethal Enemies","description":"All enemies start with +3 Strength.","modID":"Lethal Enemies","img":{"data":{"file":{"file":{"path":"images\\ui\\run_mods\\lethal_enemies.png"},"type":"Internal"},"width":64,"height":64,"format":"RGBA8888","useMipMaps":false,"isPrepared":false},"glTarget":3553,"glHandle":675,"minFilter":"Linear","magFilter":"Linear","uWrap":"ClampToEdge","vWrap":"ClampToEdge"},"positive":false},{"name":"Restless Journey","description":"You no longer heal when entering new acts.","modID":"Restless Journey","img":{"data":{"file":{"file":{"path":"images\\ui\\run_mods\\restless_journey.png"},"type":"Internal"},"width":64,"height":64,"format":"RGBA8888","useMipMaps":false,"isPrepared":false},"glTarget":3553,"glHandle":676,"minFilter":"Linear","magFilter":"Linear","uWrap":"ClampToEdge","vWrap":"ClampToEdge"},"positive":false},{"name":"Binary","description":"Card rewards contain only 2 cards.","modID":"Binary","img":{"data":{"file":{"file":{"path":"images\\ui\\run_mods\\binary.png"},"type":"Internal"},"width":64,"height":64,"format":"RGBA8888","useMipMaps":false,"isPrepared":false},"glTarget":3553,"glHandle":680,"minFilter":"Linear","magFilter":"Linear","uWrap":"ClampToEdge","vWrap":"ClampToEdge"},"positive":false}],"is_prod":false,"is_daily":true,"is_ascension_mode":false,"campfire_upgraded":3,"timestamp":1520180529,"path_taken":["M","?","?","?","M","R","M","R","T","R","$","M","E","M","R","BOSS"],"build_version":"2018-03-01-PROD1","purchased_purges":1,"victory":false,"master_deck":["Defend_G","Defend_G","Defend_G","Defend_G","Strike_G","Strike_G","Strike_G","Strike_G","Strike_G","Survivor+1","Neutralize+1","Sever Soul+1","PiercingWail","Deflect","Well Laid Plans"],"max_hp_per_floor":[70,70,70,70,70,70,70,70,70,70,70,70,70,70,70],"relics":["Ring of the Snake","Vajra","Oddly Smooth Stone","Sundial"],"card_choices":[{"not_picked":["Corpse Explosion"],"picked":"PiercingWail"},{"not_picked":["Cloak And Dagger"],"picked":"Well Laid Plans"}],"player_experience":194741,"potions_floor_usage":[13,16,16],"damage_taken":[{"damage":0,"enemies":"Small Slimes","floor":1,"turns":3},{"damage":0,"enemies":"Cultist","floor":5,"turns":3},{"damage":1,"enemies":"2 Louse","floor":7,"turns":3},{"damage":5,"enemies":"Exordium Wildlife","floor":12,"turns":3},{"damage":22,"enemies":"3 Sentries","floor":13,"turns":8},{"damage":2,"enemies":"Exordium Thugs","floor":14,"turns":5},{"damage":71,"enemies":"Slime Boss","floor":16,"turns":10}],"event_choices":[{"event_name":"Transmorgrifier","player_choice":"Transform","floor":2,"damage_taken":0},{"event_name":"Bonfire Elementals","player_choice":"BASIC","floor":3,"damage_taken":0}],"boss_relics":[],"potions_floor_spawned":[1,12,13],"seed_played":"2393319582917663715","killed_by":"Slime Boss","ascension_level":0,"is_trial":false}