{"path_per_floor":["M","?","?","M","M","E","R","M","T","E","M","?","?","M","R","B",null,"M","M","?","$","?"],"character_chosen":"IRONCLAD","items_purchased":["Second Wind","Feed"],"gold_per_floor":[109,109,109,121,91,117,117,134,185,214,229,229,229,242,242,371,371,395,416,416,193,118],"floor_reached":23,"campfire_rested":1,"playtime":1832,"current_hp_per_floor":[80,80,80,79,80,34,58,59,59,48,62,62,45,59,59,44,87,64,49,33,33,33],"items_purged":[],"gold":118,"play_id":"54320c37-94cf-410c-bcea-bf768a6b4f66","is_prod":false,"is_daily":false,"campfire_rituals":0,"campfire_upgraded":1,"is_hardmode":false,"path_taken":["M","?","?","M","?","E","R","M","T","E","M","?","?","?","R","BOSS","M","M","?","$","?","E"],"build_version":"2017-12-21-PROD1","purchased_purges":0,"victory":false,"master_deck":["Strike_R","Strike_R","Strike_R","Strike_R","Defend_R","Defend_R","Defend_R","Bash","Reaper","Shrug It Off","Barricade","Exhume","Twin Strike","Wild Strike","Pommel Strike","Iron Wave","Cleave","Clash","Reaper","Spot Weakness","Shrug It Off","Second Wind","Feed"],"max_hp_per_floor":[80,80,80,80,80,80,80,80,80,87,87,87,87,87,87,87,87,87,87,87,87,87],"relics":["Burning Blood","Orichalcum","Anchor","Strawberry","Regal Pillow","Golden Idol","Question Card","Nilry\u0027s Codex"],"campfire_meditates":0,"card_choices":[{"not_picked":["Sentinel","Battle Trance"],"picked":"Shrug It Off"},{"not_picked":["Hemokinesis","Havoc"],"picked":"Exhume"},{"not_picked":["Armaments","True Grit"],"picked":"Twin Strike"},{"not_picked":["Heavy Blade","Sever Soul"],"picked":"Wild Strike"},{"not_picked":["Warcry","Sword Boomerang"],"picked":"Pommel Strike"},{"not_picked":["Hemokinesis","Clash"],"picked":"Iron Wave"},{"not_picked":["Flex","Armaments"],"picked":"Cleave"},{"not_picked":["Clothesline","Dropkick"],"picked":"Clash"},{"not_picked":["Fiend Fire","Berserk"],"picked":"Reaper"},{"not_picked":["Dropkick","Feel No Pain","Rampage"],"picked":"Spot Weakness"},{"not_picked":["Perfected Strike","Sword Boomerang","Heavy Blade"],"picked":"Shrug It Off"}],"player_experience":58267,"potions_floor_usage":[10,14,16,18,23,23],"damage_taken":[{"damage":6,"enemies":"Cultist","floor":1,"turns":3},{"damage":13,"enemies":"Blue Slaver","floor":4,"turns":5},{"damage":5,"enemies":"Looter","floor":5,"turns":4},{"damage":55,"enemies":"Gremlin Nob","floor":6,"turns":6},{"damage":14,"enemies":"Large Slime","floor":8,"turns":11},{"damage":24,"enemies":"Lagavulin","floor":10,"turns":5},{"damage":4,"enemies":"Lots of Slimes","floor":11,"turns":6},{"damage":0,"enemies":"Exordium Thugs","floor":14,"turns":4},{"damage":25,"enemies":"Slime Boss","floor":16,"turns":11},{"damage":35,"enemies":"Spheric Guardian","floor":18,"turns":6},{"damage":25,"enemies":"Shell Parasite","floor":19,"turns":7},{"damage":34,"enemies":"Book of Stabbing","floor":23,"turns":6}],"event_choices":[{"event_name":"Transmorgrifier","player_choice":"Transform","floor":2,"damage_taken":0},{"event_name":"The Cleric","player_choice":"Leave","floor":3,"damage_taken":0},{"event_name":"Dead Adventurer","player_choice":"Searched \u00271\u0027 times","floor":12,"damage_taken":0},{"event_name":"Golden Idol","player_choice":"Take Damage","floor":13,"damage_taken":0},{"event_name":"Cursed Tome","player_choice":"Obtained Book","floor":20,"damage_taken":0},{"event_name":"Beggar","player_choice":"Gave Gold","floor":22,"damage_taken":0}],"boss_relics":[{"not_picked":["Sozu","Runic Pyramid"],"picked":"Question Card"}],"potions_floor_spawned":[4,6,10,11,14,18,19],"seed_played":"-9009363669929874055","killed_by":"Book of Stabbing","is_trial":false}