{"path_per_floor":["M","$","M","?","$","R","M","R","T","M","M","M","R","E","R","B",null,"M","?","?","$","M","R","E","$","T","R","M","E","?","M","R","B",null,"M","$","M","?","?","E","?","$","T","R","$","M","?","$","R"],"character_chosen":"THE_SILENT","items_purchased":["Distraction","Ornamental Fan","Accuracy","Footwork","Accuracy","Bullet Time","Thread and Needle"],"gold_per_floor":[409,296,306,381,27,27,40,40,40,55,70,84,84,114,114,211,211,221,221,136,63,75,75,103,26,52,52,63,89,117,129,129,224,224,243,208,222,222,222,251,251,179,249,249,124,139,361,69,69],"floor_reached":50,"campfire_rested":3,"playtime":2933,"current_hp_per_floor":[66,66,62,51,51,51,51,70,70,70,68,68,68,68,68,32,70,63,63,63,63,58,58,45,45,45,66,62,69,67,67,67,12,77,70,70,63,63,77,73,73,73,73,73,73,58,58,58,74],"items_purged":["Pain","Strike_G","Parasite"],"gold":69,"score":582,"play_id":"e3280461-0bd3-47ca-9713-a75cf6e3320b","is_prod":false,"is_daily":false,"is_ascension_mode":true,"campfire_upgraded":6,"path_taken":["M","$","M","?","$","R","M","R","T","M","M","M","R","E","R","BOSS","M","?","?","$","?","R","E","?","T","R","M","E","?","?","R","BOSS","M","$","M","?","?","E","?","?","T","R","$","M","?","$","R","BOSS"],"build_version":"2018-02-23-BETA1","purchased_purges":3,"victory":false,"master_deck":["Defend_G+1","Defend_G+1","Defend_G+1","Defend_G+1","Defend_G+1","Strike_G+1","Strike_G+1","Strike_G+1","Strike_G+1","Survivor","Neutralize","Endless Agony+1","Distraction+1","Cloak And Dagger+1","Glass Knife","Finisher+1","Sucker Punch","After Image","Finisher+1","Accuracy+1","Burst","Footwork","Terror","Slice+1","Escape Plan+1","Tools of the Trade","Accuracy","Bullet Time+1"],"max_hp_per_floor":[70,70,70,70,70,70,70,70,70,70,70,70,70,70,70,70,70,70,70,70,70,70,70,70,70,70,70,70,77,77,77,77,77,77,77,77,77,77,77,77,77,77,77,77,74,74,74,74,74],"relics":["Ring of the Snake","Old Coin","Ornamental Fan","Whetstone","Vajra","Black Star","Bag of Marbles","Lantern","Omamori","Snake Skull","Happy Flower","Strawberry","Red Mask","Cursed Key","Bag of Preparation","Anchor","Regal Pillow","Centennial Puzzle","Thread and Needle"],"card_choices":[{"not_picked":["Outmaneuver","PiercingWail"],"picked":"Endless Agony"},{"not_picked":["Leg Sweep","Blade Dance"],"picked":"Cloak And Dagger"},{"not_picked":["Poisoned Stab","Dodge and Roll"],"picked":"Glass Knife"},{"not_picked":["Dodge and Roll","Sucker Punch"],"picked":"Finisher"},{"not_picked":["Skewer","Dagger Throw"],"picked":"Sucker Punch"},{"not_picked":["Glass Knife","Envenom"],"picked":"After Image"},{"not_picked":["Dodge and Roll","Heel Hook"],"picked":"Finisher"},{"not_picked":["Sucker Punch","Flying Knee"],"picked":"Burst"},{"not_picked":["Underhanded Strike","Sucker Punch"],"picked":"Cloak And Dagger"},{"not_picked":["Envenom","Dagger Spray"],"picked":"Terror"},{"not_picked":["Riddle With Holes","Predator"],"picked":"Slice"},{"not_picked":["Quick Slash","Expertise"],"picked":"Escape Plan"},{"not_picked":["Doppelganger","Phantasmal Killer"],"picked":"Tools of the Trade"}],"player_experience":162151,"potions_floor_usage":[14,18,24,29,40,50],"damage_taken":[{"damage":4,"enemies":"2 Louse","floor":1,"turns":3},{"damage":4,"enemies":"Jaw Worm","floor":3,"turns":6},{"damage":0,"enemies":"Cultist","floor":7,"turns":4},{"damage":0,"enemies":"Looter","floor":10,"turns":3},{"damage":2,"enemies":"2 Fungi Beasts","floor":11,"turns":3},{"damage":0,"enemies":"Blue Slaver","floor":12,"turns":3},{"damage":0,"enemies":"3 Sentries","floor":14,"turns":3},{"damage":36,"enemies":"The Guardian","floor":16,"turns":17},{"damage":7,"enemies":"2 Thieves","floor":18,"turns":3},{"damage":5,"enemies":"Shell Parasite","floor":22,"turns":3},{"damage":13,"enemies":"Book of Stabbing","floor":24,"turns":5},{"damage":4,"enemies":"Snake Plant","floor":28,"turns":2},{"damage":0,"enemies":"Slavers","floor":29,"turns":3},{"damage":2,"enemies":"Masked Bandits","floor":30,"turns":4},{"damage":0,"enemies":"3 Cultists","floor":31,"turns":4},{"damage":55,"enemies":"Automaton","floor":33,"turns":8},{"damage":7,"enemies":"3 Darklings","floor":35,"turns":7},{"damage":7,"enemies":"3 Shapes","floor":37,"turns":2},{"damage":4,"enemies":"2 Orb Walkers","floor":40,"turns":5},{"damage":15,"enemies":"Maw","floor":46,"turns":5},{"damage":78,"enemies":"Awakened One","floor":50,"turns":16}],"event_choices":[{"event_name":"World of Goop","player_choice":"Gather Gold","floor":4,"damage_taken":0},{"event_name":"Back to Basics","player_choice":"Simplicity","floor":19,"damage_taken":0},{"event_name":"Addict","player_choice":"Obtained Relic","floor":20,"damage_taken":0},{"event_name":"Masked Bandits","player_choice":"Fought over 89 gold","floor":30,"damage_taken":0},{"event_name":"Winding Halls","player_choice":"Writhe","floor":39,"damage_taken":0},{"event_name":"Accursed Blacksmith","player_choice":"Rummage","floor":41,"damage_taken":0},{"event_name":"Tomb of Lord Red Mask","player_choice":"Wore Mask","floor":47,"damage_taken":0}],"boss_relics":[{"not_picked":["Ectoplasm","Philosopher\u0027s Stone"],"picked":"Black Star"},{"not_picked":["Orrery","Velvet Choker"],"picked":"Cursed Key"}],"potions_floor_spawned":[1,10,11,14,28,30,33,35,37],"seed_played":"-5400983968484156954","killed_by":"Awakened One","ascension_level":2,"is_trial":false}