{"path_per_floor":["M","?","?","M","M","R","E","?","T","R","$","M","M","?","R","B",null,"M","$","M","M","?","R","E","M","T","$","R"],"character_chosen":"IRONCLAD","items_purchased":["Metallicize","Wild Strike","Metallicize"],"gold_per_floor":[116,116,66,86,97,97,126,126,171,171,22,38,50,50,50,150,150,161,9,20,34,34,34,66,84,84,12,12],"floor_reached":29,"campfire_rested":2,"playtime":1555,"current_hp_per_floor":[80,80,80,80,79,79,53,28,28,52,52,55,59,59,59,55,80,80,80,70,51,51,51,21,10,10,10,34],"items_purged":["Strike_R","Strike_R"],"gold":12,"play_id":"2af46703-765a-4dee-aec5-02381baff684","is_prod":false,"is_daily":false,"campfire_rituals":0,"campfire_upgraded":3,"is_hardmode":false,"path_taken":["M","?","?","?","M","R","E","?","T","R","$","M","M","?","R","BOSS","M","$","M","M","?","R","E","M","T","$","R","E"],"build_version":"2018-01-18-PROD4","purchased_purges":2,"victory":false,"master_deck":["Strike_R","Strike_R","Strike_R","Defend_R","Defend_R","Defend_R","Defend_R","Bash","Shrug It Off","Headbutt","Rampage","Pommel Strike","Metallicize","Battle Trance","Evolve","Fiend Fire","Wild Strike","Shrug It Off","Writhe","Power Through","Metallicize"],"max_hp_per_floor":[80,80,80,80,80,80,80,80,80,80,80,80,80,80,80,80,80,80,80,80,80,80,80,80,80,80,80,80],"relics":["Burning Blood","Mummified Hand","Juzu Bracelet","Gremlin Horn","War Paint","Black Star","Prayer Wheel","Kunai","Blue Candle","Dead Branch"],"campfire_meditates":0,"card_choices":[{"not_picked":["Twin Strike","Pommel Strike"],"picked":"Shrug It Off"},{"not_picked":["Shrug It Off","Twin Strike"],"picked":"Headbutt"},{"not_picked":["Seeing Red","Pummel"],"picked":"Rampage"},{"not_picked":["Rupture","Searing Blow"],"picked":"Pommel Strike"},{"not_picked":["Clothesline","Heavy Blade"],"picked":"Battle Trance"},{"not_picked":["Fire Breathing","Havoc"],"picked":"Evolve"},{"not_picked":["Berserk","Brutality"],"picked":"Fiend Fire"},{"not_picked":["Entrench","Pommel Strike"],"picked":"Shrug It Off"},{"not_picked":["Feel No Pain","Spot Weakness"],"picked":"Power Through"}],"player_experience":311196,"potions_floor_usage":[7,16,16,18,21,24,29],"damage_taken":[{"damage":3,"enemies":"2 Louse","floor":1,"turns":4},{"damage":1,"enemies":"Cultist","floor":4,"turns":4},{"damage":7,"enemies":"Blue Slaver","floor":5,"turns":5},{"damage":35,"enemies":"Gremlin Nob","floor":7,"turns":5},{"damage":3,"enemies":"Large Slime","floor":12,"turns":6},{"damage":2,"enemies":"Looter","floor":13,"turns":3},{"damage":25,"enemies":"Hexaghost","floor":16,"turns":8},{"damage":2,"enemies":"Chosen","floor":18,"turns":5},{"damage":16,"enemies":"Spheric Guardian","floor":20,"turns":4},{"damage":25,"enemies":"Centurion and Healer","floor":21,"turns":10},{"damage":36,"enemies":"Slavers","floor":24,"turns":7},{"damage":17,"enemies":"Snake Plant","floor":25,"turns":4},{"damage":36,"enemies":"Book of Stabbing","floor":29,"turns":5}],"event_choices":[{"event_name":"Big Fish","player_choice":"Box","floor":2,"damage_taken":0},{"event_name":"The Cleric","player_choice":"Card Removal","floor":3,"damage_taken":0},{"event_name":"Scrap Ooze","player_choice":"success","floor":8,"damage_taken":25},{"event_name":"The Lab","player_choice":"Got Potions","floor":14,"damage_taken":0},{"event_name":"The Mausoleum","player_choice":"Yes","floor":22,"damage_taken":0}],"boss_relics":[{"not_picked":["Snecko Eye","Tiny House"],"picked":"Black Star"}],"potions_floor_spawned":[4,12,13,20,21,25],"seed_played":"-7995858153595889832","killed_by":"Book of Stabbing","is_trial":false}