{"gold_per_floor":[118,136,153,16,31,31,43,43,70,1,12,12,22,33,33,130,130,147,162,173,20,20,20,20,20,20,48,60,88,100,124,136,148],"floor_reached":33,"playtime":5611,"items_purged":["Eviscerate+1"],"score":243,"play_id":"561d6e5a-8291-4a2f-aca5-2e0f59484aec","local_time":"20190106165116","is_ascension_mode":false,"campfire_choices":[{"floor":6,"key":"REST"},{"data":"Phantasmal Killer","floor":8,"key":"SMITH"},{"data":"Flechettes","floor":12,"key":"SMITH"},{"floor":15,"key":"REST"},{"floor":23,"key":"REST"},{"floor":25,"key":"REST"},{"floor":28,"key":"REST"},{"floor":32,"key":"REST"}],"neow_cost":"NONE","seed_source_timestamp":0,"circlet_count":0,"master_deck":["Defend_G","Defend_G","Defend_G","Defend_G","Strike_G","Strike_G","Strike_G","Strike_G","Survivor","Neutralize","Terror","Prepared","Phantasmal Killer+1","Deadly Poison","Well Laid Plans","Flechettes+1","Bullet Time","Flying Knee","Crippling Poison","Die Die Die","Flying Knee+1","Escape Plan+1","Dagger Throw+1","All Out Attack+1","Blur","PiercingWail","Shame","Calculated Gamble","Backflip","Backflip"],"special_seed":0,"relics":["Ring of the Snake","Snake Skull","Astrolabe","Happy Flower","Nilry\u0027s Codex","MawBank"],"potions_floor_usage":[5,5,16,19,20,27,33,33],"damage_taken":[{"damage":1.0,"enemies":"Cultist","floor":1.0,"turns":5.0},{"damage":0.0,"enemies":"Small Slimes","floor":2.0,"turns":3.0},{"damage":0.0,"enemies":"2 Louse","floor":3.0,"turns":4.0},{"damage":17,"enemies":"Large Slime","floor":5,"turns":10},{"damage":18,"enemies":"Lots of Slimes","floor":7,"turns":4},{"damage":0,"enemies":"2 Fungi Beasts","floor":11,"turns":3},{"damage":8,"enemies":"Red Slaver","floor":13,"turns":4},{"damage":11,"enemies":"Large Slime","floor":14,"turns":5},{"damage":20,"enemies":"Hexaghost","floor":16,"turns":9},{"damage":8,"enemies":"Shell Parasite","floor":18,"turns":3},{"damage":12,"enemies":"2 Thieves","floor":19,"turns":2},{"damage":27,"enemies":"Snake Plant","floor":20,"turns":5},{"damage":28,"enemies":"Shelled Parasite and Fungi","floor":27,"turns":5},{"damage":22,"enemies":"Snecko","floor":29,"turns":4},{"damage":10,"enemies":"Chosen and Byrds","floor":31,"turns":4},{"damage":100,"enemies":"Champ","floor":33,"turns":9}],"seed_played":"6623824517215732952","potions_obtained":[{"floor":1.0,"key":"Energy Potion"},{"floor":2.0,"key":"Weak Potion"},{"floor":3.0,"key":"Swift Potion"},{"floor":14,"key":"FairyPotion"},{"floor":16,"key":"Block Potion"},{"floor":18,"key":"AttackPotion"},{"floor":27,"key":"Block Potion"},{"floor":31,"key":"Regen Potion"}],"is_trial":false,"path_per_floor":["M","M","M","$","M","R","M","R","T","$","M","R","M","M","R","B",null,"M","M","M","$","?","R","?","R","T","M","R","M","$","M","R","B"],"character_chosen":"THE_SILENT","items_purchased":["Phantasmal Killer","Flechettes","PiercingWail","PowerPotion"],"campfire_rested":6,"item_purchase_floors":[4,10,21,21],"current_hp_per_floor":[76,76,76,76,59,77,59,59,59,59,59,59,51,40,63,43,77,69,57,30,30,30,53,37,60,60,32,55,33,33,23,46,0],"gold":148,"neow_bonus":"TEN_PERCENT_HP_BONUS","is_prod":false,"is_daily":false,"chose_seed":false,"campfire_upgraded":2,"win_rate":0.0,"timestamp":1546793476,"path_taken":["M","M","M","$","M","R","?","R","T","?","M","R","M","?","R","BOSS","M","?","?","$","?","R","?","R","T","M","R","M","$","M","R","BOSS"],"build_version":"2019-01-03v4","purchased_purges":1,"victory":false,"max_hp_per_floor":[77,77,77,77,77,77,77,77,77,77,77,77,77,77,77,77,77,77,77,77,77,77,77,77,77,77,77,77,77,77,77,77,77],"card_choices":[{"not_picked":["Eviscerate","Noxious Fumes"],"picked":"Heel Hook","floor":1.0},{"not_picked":["Underhanded Strike","Sucker Punch"],"picked":"Terror","floor":2.0},{"not_picked":["Deflect","Dagger Spray"],"picked":"Prepared","floor":3.0},{"not_picked":["Outmaneuver","Prepared"],"picked":"Deadly Poison","floor":5},{"not_picked":["Acrobatics","Deflect"],"picked":"Well Laid Plans","floor":7},{"not_picked":["Backflip","Deflect"],"picked":"Bullet Time","floor":11},{"not_picked":["Backflip","All Out Attack"],"picked":"Flying Knee","floor":13},{"not_picked":["Blur","Outmaneuver"],"picked":"Crippling Poison","floor":14},{"not_picked":["Glass Knife","Bullet Time"],"picked":"Die Die Die","floor":16},{"not_picked":["Outmaneuver","Poisoned Stab"],"picked":"Dagger Throw+1","floor":18},{"not_picked":["Slice","Tactician+1"],"picked":"All Out Attack+1","floor":19},{"not_picked":["Well Laid Plans","Outmaneuver"],"picked":"Blur","floor":20},{"not_picked":["Backstab","Choke+1"],"picked":"Calculated Gamble","floor":27},{"not_picked":["Acrobatics","Poisoned Stab"],"picked":"Backflip","floor":29},{"not_picked":["Acrobatics","Venomology"],"picked":"Backflip","floor":31}],"player_experience":3405,"relics_obtained":[{"floor":9,"key":"Snake Skull"},{"floor":24,"key":"Nilry\u0027s Codex"},{"floor":26,"key":"MawBank"}],"event_choices":[{"damage_healed":0,"gold_gain":0,"player_choice":"Stole Relic","damage_taken":0,"relics_obtained":["Happy Flower"],"max_hp_gain":0,"max_hp_loss":0,"event_name":"Addict","floor":22,"gold_loss":0,"cards_obtained":["Shame"]},{"damage_healed":0,"gold_gain":0,"player_choice":"Obtained Book","damage_taken":16,"max_hp_gain":0,"max_hp_loss":0,"event_name":"Cursed Tome","floor":24,"gold_loss":0}],"is_beta":false,"boss_relics":[{"not_picked":["Runic Pyramid","Black Star"],"picked":"Astrolabe"}],"items_purged_floors":[21],"is_endless":false,"potions_floor_spawned":[1,2,3,14,16,18,27,31],"killed_by":"Champ","ascension_level":0}