{"gold_per_floor":[113,113,127,147,162,191,209,236,236,236,252,309,86,119,119,223,223,237,249,269,269,289,289,314,314,366,380,380],"floor_reached":28,"playtime":2838,"items_purged":["Strike_R"],"score":288,"play_id":"6198eee8-341d-4c35-ad34-2b6de14ad37f","local_time":"20190108011814","is_ascension_mode":true,"campfire_choices":[{"floor":15,"key":"REST"},{"floor":23,"key":"REST"},{"floor":25,"key":"REST"}],"neow_cost":"NONE","seed_source_timestamp":1149731067969344,"circlet_count":0,"master_deck":["Strike_R","Strike_R","Strike_R","Strike_R","Defend_R","Defend_R","Defend_R","Defend_R","Flex","True Grit","Headbutt","Headbutt","Rampage","Body Slam","Armaments","Impervious","Shrug It Off","Barricade","Warcry+1","True Grit","Feel No Pain","Limit Break","Seeing Red"],"relics":["Burning Blood","NeowsBlessing","Sundial","Omamori","Bottled Flame","Kunai","Anchor","Dodecahedron","Runic Pyramid","MutagenicStrength","Bag of Marbles","Pen Nib"],"potions_floor_usage":[8,8,8,22,24,24],"damage_taken":[{"damage":0,"enemies":"Jaw Worm","floor":1,"turns":1},{"damage":0,"enemies":"Cultist","floor":3,"turns":1},{"damage":0,"enemies":"Small Slimes","floor":4,"turns":1},{"damage":7,"enemies":"Gremlin Gang","floor":5,"turns":6},{"damage":36,"enemies":"Lagavulin","floor":6,"turns":5},{"damage":15,"enemies":"3 Louse","floor":7,"turns":3},{"damage":14,"enemies":"Gremlin Nob","floor":8,"turns":3},{"damage":16,"enemies":"Lots of Slimes","floor":11,"turns":5},{"damage":22,"enemies":"Gremlin Nob","floor":12,"turns":4},{"damage":19,"enemies":"3 Sentries","floor":14,"turns":7},{"damage":39,"enemies":"The Guardian","floor":16,"turns":9},{"damage":23,"enemies":"2 Thieves","floor":18,"turns":5},{"damage":0,"enemies":"Chosen","floor":19,"turns":5},{"damage":35,"enemies":"Centurion and Healer","floor":20,"turns":7},{"damage":34,"enemies":"Shelled Parasite and Fungi","floor":22,"turns":8},{"damage":26,"enemies":"Slavers","floor":24,"turns":5},{"damage":38,"enemies":"3 Cultists","floor":27,"turns":7},{"damage":15,"enemies":"Snecko","floor":28,"turns":4}],"seed_played":"-1690873169479103314","potions_obtained":[{"floor":1,"key":"Energy Potion"},{"floor":5,"key":"SteroidPotion"},{"floor":6,"key":"PowerPotion"},{"floor":12,"key":"Ancient Potion"},{"floor":16,"key":"Explosive Potion"},{"floor":22,"key":"SkillPotion"},{"floor":27,"key":"LiquidBronze"}],"is_trial":false,"path_per_floor":["M","?","M","M","M","E","M","E","T","?","M","?","$","E","R","B",null,"M","M","M","?","M","R","E","R","T","M","M"],"character_chosen":"IRONCLAD","items_purchased":["Anchor"],"campfire_rested":3,"item_purchase_floors":[13],"current_hp_per_floor":[80,80,80,80,79,49,40,32,32,80,70,54,54,41,65,32,80,63,69,40,40,12,36,16,40,40,8,0],"gold":380,"neow_bonus":"THREE_ENEMY_KILL","is_prod":false,"is_daily":false,"chose_seed":false,"campfire_upgraded":0,"win_rate":0,"timestamp":1546910294,"path_taken":["M","?","M","?","M","E","M","E","T","?","?","?","$","E","R","BOSS","M","M","M","?","M","R","E","R","T","M","M"],"build_version":"2019-01-03v4","purchased_purges":1,"victory":false,"max_hp_per_floor":[80,80,80,80,80,80,80,80,80,80,80,80,80,80,80,80,80,80,80,80,80,80,80,80,80,80,80,80],"card_choices":[{"not_picked":["Whirlwind","Body Slam"],"picked":"Flex","floor":1},{"not_picked":["Intimidate","Feel No Pain"],"picked":"Headbutt","floor":3},{"not_picked":["True Grit","Sword Boomerang"],"picked":"Headbutt","floor":4},{"not_picked":["Pommel Strike","Perfected Strike"],"picked":"Rampage","floor":5},{"not_picked":["Clash","Clothesline"],"picked":"Body Slam","floor":6},{"not_picked":["Body Slam","Clothesline","Perfected Strike"],"picked":"SKIP","floor":7},{"not_picked":["Metallicize","Iron Wave"],"picked":"Armaments","floor":8},{"not_picked":["Twin Strike","Rupture","Uppercut"],"picked":"SKIP","floor":11},{"not_picked":["Clothesline","Anger"],"picked":"Impervious","floor":12},{"not_picked":["Flame Barrier","Demon Form"],"picked":"Shrug It Off","floor":14},{"not_picked":["Juggernaut","Offering"],"picked":"Barricade","floor":16},{"not_picked":["Sever Soul","Disarm"],"picked":"Warcry+1","floor":18},{"not_picked":["Sever Soul","Pommel Strike","Flame Barrier"],"picked":"SKIP","floor":19},{"not_picked":["Seeing Red","Pommel Strike"],"picked":"True Grit","floor":20},{"not_picked":["Armaments","Pummel+1"],"picked":"Feel No Pain","floor":22},{"not_picked":["Flex+1","Fire Breathing"],"picked":"Limit Break","floor":24},{"not_picked":["Iron Wave","Flex"],"picked":"Seeing Red","floor":27}],"player_experience":58627,"relics_obtained":[{"floor":6,"key":"Sundial"},{"floor":8,"key":"Omamori"},{"floor":9,"key":"Bottled Flame"},{"floor":14,"key":"Dodecahedron"},{"floor":24,"key":"Bag of Marbles"},{"floor":26,"key":"Pen Nib"}],"event_choices":[{"damage_healed":0,"gold_gain":0,"cards_transformed":["Bash"],"player_choice":"Transformed","damage_taken":0,"max_hp_gain":0,"max_hp_loss":0,"event_name":"Transmorgrifier","floor":2,"gold_loss":0,"cards_obtained":["True Grit"]},{"damage_healed":48,"gold_gain":0,"player_choice":"Full Heal","damage_taken":0,"max_hp_gain":0,"max_hp_loss":0,"event_name":"Wheel of Change","floor":10,"gold_loss":0},{"damage_healed":0,"gold_gain":30,"player_choice":"Searched \u00273\u0027 times","damage_taken":0,"relics_obtained":["Kunai"],"max_hp_gain":0,"max_hp_loss":0,"event_name":"Dead Adventurer","floor":12,"gold_loss":0},{"damage_healed":0,"gold_gain":0,"player_choice":"Inject Mutagens","damage_taken":0,"relics_obtained":["MutagenicStrength"],"max_hp_gain":0,"max_hp_loss":0,"event_name":"Drug Dealer","floor":21,"gold_loss":0}],"is_beta":false,"boss_relics":[{"not_picked":["Runic Cube","Black Star"],"picked":"Runic Pyramid"}],"items_purged_floors":[13],"is_endless":false,"potions_floor_spawned":[1,5,6,12,16,22,27],"killed_by":"Snecko","ascension_level":2}