{"path_per_floor":["M","M","M","M","?","E","M","R","T","?","?","M","E","M","R","B",null,"M","$","?","M","M"],"character_chosen":"THE_SILENT","items_purchased":["Unceasing Top","Masterful Stab"],"gold_per_floor":[114,129,144,159,159,189,204,204,204,258,258,273,303,318,318,418,448,463,129,129,144,159,159],"floor_reached":23,"campfire_rested":1,"playtime":1041,"current_hp_per_floor":[69,69,58,48,48,24,24,65,65,65,65,63,56,41,41,11,70,70,70,70,69,43,0],"items_purged":[],"gold":159,"score":330,"play_id":"f0004294-6684-4df9-b005-11d7f9a925e4","local_time":"20180412231327","daily_mods":["Insanity","Night Terrors","Hoarder"],"is_prod":false,"is_daily":true,"chose_seed":false,"is_ascension_mode":false,"campfire_upgraded":1,"timestamp":1523596407,"path_taken":["M","M","?","M","?","E","M","R","T","?","?","M","E","?","R","BOSS","M","$","?","M","M","E"],"build_version":"2018-04-12","seed_source_timestamp":0,"purchased_purges":0,"victory":false,"master_deck":["Reflex","Setup","Concentrate","Blur","Endless Agony","Catalyst","Outmaneuver","Distraction","A Thousand Cuts","Blur","Bouncing Flask","Finisher","Outmaneuver","Finisher","Caltrops","Deadly Poison","Escape Plan","Terror","Dagger Throw","Terror","Venomology","Infinite Blades+1","Underhanded Strike","Die Die Die","Bullet Time","Concentrate","Poisoned Stab","Prepared","Grand Finale","Blur","Cloak And Dagger+1","Infinite Blades+1","Well Laid Plans","Outmaneuver","Blade Dance","Well Laid Plans","Backflip","Escape Plan","Noxious Fumes","Outmaneuver","Cloak And Dagger","Wraith Form v2","Quick Slash","Infinite Blades","Defend_G","Accuracy","Leg Sweep","Escape Plan","Noxious Fumes","Well Laid Plans","Flying Knee","Flying Knee","Flying Knee","Blur","Blur","Blur","Sucker Punch","Sucker Punch","Sucker Punch","Accuracy","Accuracy","Accuracy+1","Regret","Regret","Regret","Slice","Slice","Slice","Blur","Blur","Blur","Masterful Stab","Masterful Stab","Masterful Stab","Deflect+1","Deflect+1","Deflect+1"],"max_hp_per_floor":[70,70,70,70,70,70,70,65,65,65,65,65,65,65,65,65,70,70,70,70,70,70,70],"relics":["Ring of the Snake","Bag of Marbles","Toolbox","Kunai","Shuriken","Tiny House","Unceasing Top"],"card_choices":[{"not_picked":["Quick Slash","Dagger Throw"],"picked":"Flying Knee","floor":1},{"not_picked":["Underhanded Strike","Distraction"],"picked":"Blur","floor":2},{"not_picked":["Backflip","Dagger Throw"],"picked":"Sucker Punch","floor":3},{"not_picked":["Heel Hook","Malaise"],"picked":"Accuracy","floor":6},{"not_picked":["Deadly Poison","Quick Slash"],"picked":"Slice","floor":13},{"not_picked":["Outmaneuver","Predator"],"picked":"Blur","floor":17},{"not_picked":["Dagger Spray","Outmaneuver"],"picked":"Deflect","floor":21}],"player_experience":301249,"potions_floor_usage":[13,13,16,16,16,21,21,22,23,23],"damage_taken":[{"damage":1,"enemies":"Cultist","floor":1,"turns":4},{"damage":0,"enemies":"Small Slimes","floor":2,"turns":3},{"damage":11,"enemies":"Jaw Worm","floor":3,"turns":2},{"damage":10,"enemies":"Large Slime","floor":4,"turns":6},{"damage":24,"enemies":"3 Sentries","floor":6,"turns":6},{"damage":0,"enemies":"3 Louse","floor":7,"turns":3},{"damage":2,"enemies":"Blue Slaver","floor":12,"turns":3},{"damage":9,"enemies":"Lagavulin","floor":13,"turns":6},{"damage":15,"enemies":"Large Slime","floor":14,"turns":4},{"damage":30,"enemies":"Hexaghost","floor":16,"turns":6},{"damage":0,"enemies":"Spheric Guardian","floor":18,"turns":3},{"damage":1,"enemies":"3 Byrds","floor":21,"turns":4},{"damage":26,"enemies":"Slaver and Parasite","floor":22,"turns":4},{"damage":43,"enemies":"Slavers","floor":23,"turns":2}],"event_choices":[{"event_name":"Living Wall","player_choice":"Grow","floor":5,"damage_taken":0},{"event_name":"Golden Wing","player_choice":"Gained Gold","floor":10,"damage_taken":0},{"event_name":"Big Fish","player_choice":"Box","floor":11,"damage_taken":0},{"event_name":"Upgrade Shrine","player_choice":"Upgraded","floor":20,"damage_taken":0}],"boss_relics":[{"not_picked":["Philosopher\u0027s Stone","Eternal Feather"],"picked":"Tiny House"}],"potions_floor_spawned":[2,4,13,14,16,22],"seed_played":"-7209576087114707502","killed_by":"Slavers","ascension_level":0,"is_trial":false}