{"gold_per_floor":[110,385,154,165,19,19,29,57,81,114,14,24,24,42,42,145,145,162,162,174,192,192,192,204,13,13,23,23,122,133,0,0,0],"floor_reached":33,"playtime":1115,"items_purged":["Regret","Strike_G"],"score":372,"play_id":"e70d671f-ee75-4c3d-aea7-9a31bbd6c677","local_time":"20190113223058","is_ascension_mode":true,"campfire_choices":[{"data":"Neutralize","floor":6,"key":"SMITH"},{"data":"All Out Attack","floor":13,"key":"SMITH"},{"floor":15,"key":"REST"},{"floor":23,"key":"REST"},{"floor":32,"key":"REST"}],"neow_cost":"NONE","seed_source_timestamp":1659840072082627,"circlet_count":0,"master_deck":["Defend_G","Defend_G","Defend_G","Defend_G","Defend_G","Strike_G","Strike_G","Strike_G","Strike_G","Survivor","Neutralize+1","Dagger Throw","Slice","Dagger Throw","All Out Attack+1","Prepared","Flying Knee","Underhanded Strike","Blur","Calculated Gamble+1","Underhanded Strike","Backflip+1","All Out Attack+1","Dodge and Roll"],"relics":["Ring of the Serpent","Bag of Preparation","Anchor","PreservedInsect","Art of War","Orichalcum","Gremlin Horn","FaceOfCleric","Enchiridion","DollysMirror","Frozen Egg 2","Pear"],"potions_floor_usage":[10,18,24,30,33],"damage_taken":[{"damage":2,"enemies":"2 Louse","floor":1,"turns":2},{"damage":0,"enemies":"Cultist","floor":4,"turns":3},{"damage":0,"enemies":"Small Slimes","floor":7,"turns":2},{"damage":6,"enemies":"Gremlin Nob","floor":8,"turns":3},{"damage":10,"enemies":"Lagavulin","floor":10,"turns":3},{"damage":0,"enemies":"Gremlin Gang","floor":12,"turns":2},{"damage":0,"enemies":"3 Louse","floor":14,"turns":2},{"damage":37,"enemies":"The Guardian","floor":16,"turns":11},{"damage":0,"enemies":"3 Byrds","floor":18,"turns":3},{"damage":12,"enemies":"2 Thieves","floor":20,"turns":4},{"damage":16,"enemies":"3 Cultists","floor":21,"turns":5},{"damage":30,"enemies":"Snake Plant","floor":24,"turns":5},{"damage":2,"enemies":"Centurion and Healer","floor":27,"turns":6},{"damage":9,"enemies":"Snecko","floor":30,"turns":5},{"damage":37,"enemies":"Automaton","floor":33,"turns":6}],"seed_played":"-108926648775795708","potions_obtained":[{"floor":8,"key":"Fire Potion"},{"floor":16,"key":"PowerPotion"},{"floor":18,"key":"Dexterity Potion"},{"floor":21,"key":"Ancient Potion"},{"floor":27,"key":"Swift Potion"}],"is_trial":false,"path_per_floor":["M","?","$","M","$","R","M","E","T","E","$","M","R","M","R","B",null,"M","?","M","M","?","R","M","$","T","M","T","?","M","?","R","B"],"character_chosen":"THE_SILENT","items_purchased":["Anchor","PreservedInsect","DollysMirror"],"campfire_rested":3,"item_purchase_floors":[3,5,25],"current_hp_per_floor":[61,61,61,61,61,61,61,55,55,45,45,45,45,45,66,29,60,60,60,49,34,18,39,10,10,10,9,19,19,11,11,36,0],"gold":0,"neow_bonus":"RANDOM_COMMON_RELIC","is_prod":false,"is_daily":false,"chose_seed":false,"campfire_upgraded":2,"win_rate":0,"timestamp":1547418658,"path_taken":["M","?","?","M","$","R","?","E","T","E","$","M","R","M","R","BOSS","M","?","?","M","?","R","M","$","T","M","?","?","M","?","R","BOSS"],"build_version":"2019-01-10","purchased_purges":2,"victory":false,"max_hp_per_floor":[70,70,70,70,70,70,70,70,70,70,70,70,70,70,70,70,70,70,70,71,72,72,72,73,73,73,74,84,84,85,85,85,85],"card_choices":[{"not_picked":["Finisher","Backflip"],"picked":"Dagger Throw","floor":1},{"not_picked":["Dagger Throw","Acrobatics"],"picked":"Slice","floor":4},{"not_picked":["Prepared","Distraction"],"picked":"Dagger Throw","floor":7},{"not_picked":["Dagger Throw","Distraction"],"picked":"All Out Attack","floor":8},{"not_picked":["Eviscerate","Flying Knee"],"picked":"Prepared","floor":10},{"not_picked":["Outmaneuver","PiercingWail"],"picked":"Flying Knee","floor":12},{"not_picked":["Expertise","Burst"],"picked":"Underhanded Strike","floor":14},{"not_picked":["Sucker Punch","Poisoned Stab"],"picked":"Blur","floor":18},{"not_picked":["Endless Agony+1","Infinite Blades+1"],"picked":"Calculated Gamble+1","floor":20},{"not_picked":["Heel Hook","Outmaneuver+1"],"picked":"Underhanded Strike","floor":21},{"not_picked":["Deadly Poison","Quick Slash+1"],"picked":"Backflip+1","floor":24},{"not_picked":["Outmaneuver","Blade Dance"],"picked":"Dodge and Roll","floor":27},{"not_picked":["Infinite Blades+1","Night Terror","Skewer"],"picked":"SKIP","floor":30}],"player_experience":266596,"relics_obtained":[{"floor":8,"key":"Art of War"},{"floor":9,"key":"Orichalcum"},{"floor":10,"key":"Gremlin Horn"},{"floor":22,"key":"Enchiridion"},{"floor":26,"key":"Frozen Egg 2"},{"floor":28,"key":"Pear"}],"event_choices":[{"damage_healed":0,"gold_gain":275,"player_choice":"Desecrate","damage_taken":0,"max_hp_gain":0,"max_hp_loss":0,"event_name":"Golden Shrine","floor":2,"gold_loss":0,"cards_obtained":["Regret"]},{"damage_healed":0,"gold_gain":0,"player_choice":"Trade","damage_taken":0,"relics_obtained":["FaceOfCleric"],"max_hp_gain":0,"max_hp_loss":0,"event_name":"FaceTrader","floor":19,"gold_loss":0},{"damage_healed":0,"gold_gain":0,"player_choice":"Obtained Book","damage_taken":16,"max_hp_gain":0,"max_hp_loss":0,"event_name":"Cursed Tome","floor":22,"gold_loss":0},{"damage_healed":0,"gold_gain":99,"player_choice":"Stole From Cult","damage_taken":0,"max_hp_gain":0,"max_hp_loss":0,"event_name":"Nest","floor":29,"gold_loss":0},{"damage_healed":0,"gold_gain":0,"player_choice":"Paid Fearfully","damage_taken":0,"max_hp_gain":0,"max_hp_loss":0,"event_name":"Masked Bandits","floor":31,"gold_loss":133}],"is_beta":false,"boss_relics":[{"not_picked":["Runic Pyramid","Runic Dome"],"picked":"Ring of the Serpent"}],"items_purged_floors":[3,11],"is_endless":false,"potions_floor_spawned":[8,16,18,21,27],"killed_by":"Automaton","ascension_level":7}