{"path_per_floor":["M","?","M","M","M","R","M","R","T","R","E","$","?","$","R","B",null,"M","?","?","?","?","R","M","R","T","M","R","$","R","M","R","B",null,"M","M","$","M","M","R","M","?","T","M","R","M","M","M","R","B"],"character_chosen":"IRONCLAD","items_purchased":["Body Slam","Flex","Inflame"],"gold_per_floor":[116,116,130,147,166,166,179,179,179,179,210,66,96,26,26,130,130,148,148,148,73,73,73,92,92,92,106,106,6,6,21,21,126,126,142,159,34,46,63,63,74,74,149,169,169,181,198,212,212,212],"floor_reached":51,"campfire_rested":0,"playtime":4820,"current_hp_per_floor":[78,62,68,74,74,74,80,80,80,80,75,75,72,72,72,39,80,79,64,64,64,64,64,58,58,58,85,85,85,85,85,85,53,85,85,81,81,85,85,85,85,85,85,76,76,76,78,85,85,46],"items_purged":["Strike_R","Defend_R","Defend_R"],"gold":212,"score":715,"play_id":"0ce99932-27b1-4a10-8d6f-4bc044fd0b95","local_time":"20180331010353","is_prod":false,"is_daily":false,"is_ascension_mode":true,"campfire_upgraded":12,"timestamp":1522451033,"path_taken":["M","?","?","M","M","R","M","R","T","R","E","$","?","$","R","BOSS","M","?","?","?","?","R","M","R","T","M","R","$","R","M","R","BOSS","M","M","$","M","M","R","M","?","T","M","R","M","M","?","R","BOSS"],"build_version":"2018-03-29v2","purchased_purges":3,"victory":true,"master_deck":["Defend_R","Defend_R","Bash","Pommel Strike","Flex+1","Inflame+1","Heavy Blade+1","Double Tap+1","Metallicize+1","Body Slam+1","Flex+1","Shrug It Off","Inflame+1","Reaper","Heavy Blade+1","True Grit+1","Bite","Bite","Bite","Bite","Bite","Flex+1","Blood for Blood+1","True Grit+1","Barricade+1","Heavy Blade+1","Spot Weakness","Havoc+1","Burning Pact","Shrug It Off+1","Brutality+1","Fire Breathing+1"],"max_hp_per_floor":[80,80,80,80,80,80,80,80,80,80,80,80,80,80,80,80,80,80,85,85,85,85,85,85,85,85,85,85,85,85,85,85,85,85,85,85,85,85,85,85,85,85,85,85,85,85,85,85,85,85],"relics":["Burning Blood","Happy Flower","Magic Flower","Omamori","Odd Mushroom","Calling Bell","Ornamental Fan","Self Forming Clay","Charon\u0027s Ashes","Runic Cube","Bottled Tornado"],"card_choices":[{"not_picked":["Wild Strike","Clothesline"],"picked":"Pommel Strike","floor":1},{"not_picked":["Wild Strike","Thunderclap"],"picked":"Flex","floor":3},{"not_picked":["Corruption","Iron Wave"],"picked":"Inflame","floor":4},{"not_picked":["Rampage","Clothesline"],"picked":"Heavy Blade","floor":5},{"not_picked":["Iron Wave","Flex"],"picked":"Double Tap","floor":7},{"not_picked":["Exhume","Combust"],"picked":"Metallicize","floor":11},{"not_picked":["Pommel Strike","Rage"],"picked":"Shrug It Off","floor":13},{"not_picked":["Berserk","Double Tap"],"picked":"Reaper","floor":16},{"not_picked":["Iron Wave","Entrench"],"picked":"Heavy Blade","floor":18},{"not_picked":["Heavy Blade","Pommel Strike"],"picked":"Flex","floor":24},{"not_picked":["Headbutt","Seeing Red"],"picked":"Blood for Blood","floor":27},{"not_picked":["Body Slam","Thunderclap"],"picked":"True Grit","floor":31},{"not_picked":["Brutality","Fiend Fire"],"picked":"Barricade","floor":33},{"not_picked":["Anger","Burning Pact"],"picked":"Heavy Blade","floor":35},{"not_picked":["Hemokinesis","Pommel Strike"],"picked":"Spot Weakness","floor":36},{"not_picked":["Wild Strike","Cleave"],"picked":"Havoc","floor":38},{"not_picked":["Metallicize","Heavy Blade"],"picked":"Burning Pact","floor":39},{"not_picked":["Fire Breathing","Thunderclap"],"picked":"Shrug It Off","floor":41},{"not_picked":["Body Slam","Reckless Charge"],"picked":"Brutality","floor":46},{"not_picked":["Wild Strike","Clothesline"],"picked":"Fire Breathing","floor":47}],"player_experience":196579,"potions_floor_usage":[16,18,27,33,39,48,50,50,50],"damage_taken":[{"damage":8,"enemies":"Jaw Worm","floor":1,"turns":4},{"damage":0,"enemies":"2 Louse","floor":3,"turns":2},{"damage":0,"enemies":"Cultist","floor":4,"turns":2},{"damage":6,"enemies":"Looter","floor":5,"turns":2},{"damage":0,"enemies":"Large Slime","floor":7,"turns":3},{"damage":14,"enemies":"Gremlin Nob","floor":11,"turns":3},{"damage":12,"enemies":"The Mushroom Lair","floor":13,"turns":3},{"damage":42,"enemies":"Hexaghost","floor":16,"turns":5},{"damage":10,"enemies":"Shell Parasite","floor":18,"turns":7},{"damage":18,"enemies":"Chosen","floor":24,"turns":3},{"damage":19,"enemies":"3 Cultists","floor":27,"turns":5},{"damage":27,"enemies":"Snake Plant","floor":31,"turns":4},{"damage":77,"enemies":"Champ","floor":33,"turns":10},{"damage":28,"enemies":"3 Darklings","floor":35,"turns":8},{"damage":22,"enemies":"3 Shapes","floor":36,"turns":9},{"damage":19,"enemies":"3 Darklings","floor":38,"turns":5},{"damage":18,"enemies":"4 Shapes","floor":39,"turns":3},{"damage":28,"enemies":"Sphere and 2 Shapes","floor":41,"turns":5},{"damage":27,"enemies":"3 Darklings","floor":44,"turns":4},{"damage":30,"enemies":"Maw","floor":46,"turns":7},{"damage":31,"enemies":"4 Shapes","floor":47,"turns":11},{"damage":36,"enemies":"3 Darklings","floor":48,"turns":5},{"damage":54,"enemies":"Donu and Deca","floor":50,"turns":7}],"event_choices":[{"event_name":"Shining Light","player_choice":"Entered Light","floor":2,"damage_taken":0},{"event_name":"Mushrooms","player_choice":"Fought Mushrooms","floor":13,"damage_taken":0},{"event_name":"Forgotten Altar","player_choice":"Shed Blood","floor":19,"damage_taken":0},{"event_name":"The Library","player_choice":"Read","floor":20,"damage_taken":0},{"event_name":"Beggar","player_choice":"Gave Gold","floor":21,"damage_taken":0},{"event_name":"Vampires","player_choice":"Became a vampire (Vial)","floor":22,"damage_taken":0},{"event_name":"The Woman in Blue","player_choice":"Bought 0 Potions","floor":42,"damage_taken":0}],"boss_relics":[{"not_picked":["Philosopher\u0027s Stone","Eternal Feather"],"picked":"Calling Bell"},{"not_picked":["Pandora\u0027s Box","Runic Pyramid"],"picked":"Runic Cube"}],"potions_floor_spawned":[5,7,11,13,16,24,33,38,39,44,47,48],"seed_played":"8497197088143001984","ascension_level":2,"is_trial":false}