{"path_per_floor":["M","?","M","M","?","E","R","E","T","M","E","M","R","?","R","B",null,"M","?","M","$","$","R","E","R","T","M","M","?","E","M","R","B",null,"M","M","M","$","M","E","?","R","T","M","E","M","E","M","R","B"],"character_chosen":"THE_SILENT","items_purchased":["Kunai","Letter Opener","Mind Blast","Orichalcum"],"gold_per_floor":[114,114,129,144,144,174,174,204,254,269,299,314,314,489,489,589,589,604,604,619,44,44,44,74,74,74,89,104,104,134,149,149,249,249,264,279,294,55,70,100,100,100,100,115,145,160,190,205,205,205],"floor_reached":51,"campfire_rested":1,"playtime":2077,"current_hp_per_floor":[68,65,64,64,64,63,62,61,66,65,61,61,61,67,66,71,70,69,74,73,72,71,70,69,68,73,72,71,34,35,36,35,42,41,42,43,44,43,44,27,44,44,50,52,49,40,46,46,59,51],"items_purged":["Grand Finale"],"gold":205,"score":1249,"play_id":"06298158-32ee-4b22-8e21-f87517fa07c6","local_time":"20180414225757","daily_mods":["Shiny","Cursed Run","Terminal"],"is_prod":false,"is_daily":true,"chose_seed":false,"is_ascension_mode":false,"campfire_upgraded":7,"timestamp":1523768277,"path_taken":["M","?","?","M","?","E","R","E","T","M","E","M","R","?","R","BOSS","M","?","M","?","$","R","E","R","T","?","M","?","E","M","R","BOSS","M","M","M","$","M","E","?","R","T","?","E","M","E","M","R","BOSS"],"build_version":"2018-04-13","seed_source_timestamp":0,"purchased_purges":1,"victory":true,"master_deck":["Adrenaline+1","Envenom","Doppelganger","Burst","Wraith Form v2+1","Venomology","Tools of the Trade","Night Terror","Phantasmal Killer","Unload","After Image","Tactician","Bullet Time+1","Storm of Steel","Glass Knife","Die Die Die","A Thousand Cuts+1","Backflip","Riddle With Holes","Backstab+1","Deflect","Quick Slash","Distraction","Clumsy","Endless Agony","Accuracy","Doubt","Regret","Prepared","Decay","Sucker Punch+1","Malaise+1","Clumsy","Distraction+1","Adrenaline+1","Ghostly","Ghostly","Ghostly","Ghostly","Ghostly","Doubt","Mind Blast+1","Riddle With Holes","Writhe","Pain","Noxious Fumes+1","Well Laid Plans+1","Blur","Injury"],"max_hp_per_floor":[68,67,66,65,64,63,62,61,66,65,64,63,62,67,66,71,70,69,74,73,72,71,70,69,68,73,72,71,34,35,36,35,42,41,42,43,44,43,44,43,48,47,52,53,54,55,61,60,59,64],"relics":["Cursed Key","Darkstone Periapt","Du-Vu Doll","Bronze Scales","Bag of Preparation","Pen Nib","Toolbox","Black Star","Kunai","Letter Opener","Happy Flower","Dream Catcher","Mercury Hourglass","Vajra","Singing Bowl","Sozu","Orichalcum","Matryoshka","Paper Crane","Snake Skull","Mummified Hand","Girya","Torii","Strawberry","Blood Vial"],"card_choices":[{"not_picked":["Sucker Punch","Underhanded Strike"],"picked":"Backflip","floor":1},{"not_picked":["Acrobatics","Tactician"],"picked":"Riddle With Holes","floor":3},{"not_picked":["Slice","Deadly Poison"],"picked":"Backstab","floor":4},{"not_picked":["Underhanded Strike","PiercingWail"],"picked":"Quick Slash","floor":6},{"not_picked":["Heel Hook","Bane"],"picked":"Distraction","floor":8},{"not_picked":["Crippling Poison","Tools of the Trade"],"picked":"Endless Agony","floor":10},{"not_picked":["Backflip","Poisoned Stab"],"picked":"Accuracy","floor":11},{"not_picked":["Sucker Punch","Dagger Throw"],"picked":"Prepared","floor":18},{"not_picked":["Concentrate","Backflip"],"picked":"Sucker Punch","floor":20},{"not_picked":["Leg Sweep","Bane"],"picked":"Malaise","floor":24},{"not_picked":["Outmaneuver","Deflect"],"picked":"Distraction","floor":27},{"not_picked":["Bane","Dodge and Roll"],"picked":"Adrenaline","floor":28},{"not_picked":["Poisoned Stab","Underhanded Strike"],"picked":"Riddle With Holes","floor":40},{"not_picked":["Cloak And Dagger","Outmaneuver"],"picked":"Noxious Fumes","floor":47},{"not_picked":["Footwork","Flying Knee"],"picked":"Well Laid Plans","floor":48},{"not_picked":["Outmaneuver","Dagger Throw"],"picked":"Blur","floor":49}],"player_experience":307007,"potions_floor_usage":[8,8,11,16,20,27,30,33,40,40,46],"damage_taken":[{"damage":0,"enemies":"Jaw Worm","floor":1,"turns":3},{"damage":1,"enemies":"Small Slimes","floor":3,"turns":3},{"damage":0,"enemies":"Cultist","floor":4,"turns":3},{"damage":0,"enemies":"Gremlin Nob","floor":6,"turns":4},{"damage":0,"enemies":"3 Sentries","floor":8,"turns":4},{"damage":0,"enemies":"Blue Slaver","floor":10,"turns":2},{"damage":4,"enemies":"Gremlin Nob","floor":11,"turns":4},{"damage":0,"enemies":"Lots of Slimes","floor":12,"turns":2},{"damage":0,"enemies":"The Guardian","floor":16,"turns":6},{"damage":0,"enemies":"3 Byrds","floor":18,"turns":2},{"damage":0,"enemies":"Spheric Guardian","floor":20,"turns":1},{"damage":0,"enemies":"Gremlin Leader","floor":24,"turns":2},{"damage":1,"enemies":"3 Cultists","floor":27,"turns":4},{"damage":0,"enemies":"Snecko","floor":28,"turns":3},{"damage":0,"enemies":"Book of Stabbing","floor":30,"turns":4},{"damage":0,"enemies":"Chosen and Byrds","floor":31,"turns":1},{"damage":1,"enemies":"Champ","floor":33,"turns":6},{"damage":1,"enemies":"3 Darklings","floor":35,"turns":3},{"damage":0,"enemies":"Orb Walker","floor":36,"turns":2},{"damage":1,"enemies":"Sphere and 2 Shapes","floor":37,"turns":4},{"damage":0,"enemies":"3 Darklings","floor":39,"turns":2},{"damage":17,"enemies":"2 Orb Walkers","floor":40,"turns":5},{"damage":0,"enemies":"4 Shapes","floor":44,"turns":1},{"damage":5,"enemies":"Giant Head","floor":45,"turns":5},{"damage":17,"enemies":"Maw","floor":46,"turns":5},{"damage":1,"enemies":"2 Orb Walkers","floor":47,"turns":4},{"damage":2,"enemies":"3 Darklings","floor":48,"turns":2},{"damage":14,"enemies":"Donu and Deca","floor":50,"turns":7}],"event_choices":[{"event_name":"Scrap Ooze","player_choice":"success","floor":2,"damage_taken":3},{"event_name":"Living Wall","player_choice":"Change","floor":5,"damage_taken":0},{"event_name":"Liars Game","player_choice":"agreed","floor":14,"damage_taken":0},{"event_name":"Forgotten Altar","player_choice":"Smashed Altar","floor":19,"damage_taken":0},{"event_name":"Ghosts","player_choice":"Became a Ghost","floor":29,"damage_taken":0},{"event_name":"Winding Halls","player_choice":"Writhe","floor":41,"damage_taken":0}],"boss_relics":[{"not_picked":["Orrery","Eternal Feather"],"picked":"Black Star"},{"not_picked":["Velvet Choker","Runic Pyramid"],"picked":"Sozu"}],"potions_floor_spawned":[3,6,8,11,16,24,28,35,39,40,44,47],"seed_played":"-1933974520208401120","ascension_level":0,"is_trial":false}