{"gold_per_floor":[112,112,61,78,92,92,17,17,64,78,78,107,107,139,139,243,243,259,279,293,313,329,354,354,382,382,321,332,351,364,364,364,364],"floor_reached":33,"playtime":1674,"items_purged":["Strike_R"],"score":374,"play_id":"32774476-78ef-49cb-ac13-40176fe685f6","local_time":"20190205154226","is_ascension_mode":true,"campfire_choices":[{"data":"Bash","floor":6,"key":"SMITH"},{"data":"Whirlwind","floor":8,"key":"SMITH"},{"data":"Intimidate","floor":11,"key":"SMITH"},{"data":"Twin Strike","floor":15,"key":"SMITH"},{"floor":24,"key":"REST"},{"floor":32,"key":"REST"}],"neow_cost":"NONE","seed_source_timestamp":574489301524310,"circlet_count":0,"master_deck":["Strike_R","Strike_R","Strike_R","Strike_R","Defend_R+1","Defend_R","Defend_R","Defend_R+1","Bash+1","Whirlwind+1","Headbutt","Twin Strike+1","Inflame+1","Intimidate+1","Thunderclap","Double Tap+1","Burning Pact+1","Disarm+1","Seeing Red+1","Flex+1","Dropkick+1","Warcry+1","Armaments+1"],"relics":["Burning Blood","War Paint","Ornamental Fan","Toxic Egg 2","Sozu","Molten Egg 2","Blood Vial","Bronze Scales","Potion Belt","MutagenicStrength"],"potions_floor_usage":[23,33],"damage_taken":[{"damage":0,"enemies":"2 Louse","floor":1,"turns":4},{"damage":15,"enemies":"Small Slimes","floor":4,"turns":3},{"damage":1,"enemies":"Cultist","floor":5,"turns":3},{"damage":0,"enemies":"Gremlin Gang","floor":10,"turns":1},{"damage":17,"enemies":"3 Sentries","floor":12,"turns":6},{"damage":14,"enemies":"Lagavulin","floor":14,"turns":5},{"damage":48,"enemies":"Hexaghost","floor":16,"turns":8},{"damage":0,"enemies":"Chosen","floor":18,"turns":3},{"damage":6,"enemies":"3 Byrds","floor":19,"turns":3},{"damage":9,"enemies":"Centurion and Healer","floor":20,"turns":3},{"damage":1,"enemies":"3 Cultists","floor":21,"turns":4},{"damage":13,"enemies":"Snecko","floor":22,"turns":4},{"damage":44,"enemies":"Gremlin Leader","floor":23,"turns":5},{"damage":30,"enemies":"Slavers","floor":25,"turns":2},{"damage":14,"enemies":"Centurion and Healer","floor":28,"turns":2},{"damage":2,"enemies":"Shelled Parasite and Fungi","floor":29,"turns":4},{"damage":24,"enemies":"Cultist and Chosen","floor":30,"turns":5},{"damage":53,"enemies":"Automaton","floor":33,"turns":6}],"seed_played":"7224101780741441428","potions_obtained":[{"floor":0,"key":"EssenceOfSteel"},{"floor":0,"key":"Ancient Potion"},{"floor":0,"key":"Swift Potion"}],"is_trial":false,"path_per_floor":["M","?","$","M","M","R","$","R","T","M","R","E","?","E","R","B",null,"M","M","M","M","M","E","R","E","T","?","M","M","M","?","R","B"],"character_chosen":"IRONCLAD","items_purchased":["Headbutt"],"campfire_rested":2,"item_purchase_floors":[3],"current_hp_per_floor":[80,80,80,71,76,76,76,76,76,80,80,69,69,61,61,19,65,71,71,68,73,66,28,52,28,28,28,22,28,12,12,36,0],"gold":364,"neow_bonus":"THREE_SMALL_POTIONS","is_prod":false,"is_daily":false,"chose_seed":false,"campfire_upgraded":4,"win_rate":0,"timestamp":1549402946,"path_taken":["M","?","$","M","M","R","$","R","T","M","R","E","?","E","R","BOSS","M","M","?","M","?","E","R","E","T","?","M","M","?","?","R","BOSS"],"build_version":"2019-01-23","purchased_purges":1,"victory":false,"max_hp_per_floor":[80,80,80,80,80,80,80,80,80,80,80,80,80,80,80,80,80,80,80,80,80,80,80,80,80,80,80,80,80,80,80,80,80],"card_choices":[{"not_picked":["Entrench","Infernal Blade"],"picked":"Whirlwind","floor":1},{"not_picked":["Corruption","Entrench"],"picked":"Twin Strike","floor":4},{"not_picked":["Feel No Pain","Blood for Blood"],"picked":"Inflame","floor":5},{"not_picked":["Combust","Infernal Blade"],"picked":"Intimidate","floor":10},{"not_picked":["Searing Blow","Fiend Fire","Sword Boomerang"],"picked":"SKIP","floor":12},{"not_picked":["Rage","Flex"],"picked":"Thunderclap","floor":14},{"not_picked":["Impervious+1","Feed"],"picked":"Double Tap+1","floor":16},{"not_picked":["Wild Strike","Carnage"],"picked":"Burning Pact+1","floor":18},{"not_picked":["Havoc+1","Pommel Strike","Perfected Strike+1"],"picked":"SKIP","floor":19},{"not_picked":["Body Slam","Dual Wield+1"],"picked":"Disarm+1","floor":20},{"not_picked":["Rupture","Headbutt"],"picked":"Seeing Red+1","floor":21},{"not_picked":["Dropkick","Perfected Strike"],"picked":"Flex+1","floor":22},{"not_picked":["Corruption","Intimidate+1","Inflame+1"],"picked":"SKIP","floor":23},{"not_picked":["Clash+1","Bloodletting+1"],"picked":"Dropkick+1","floor":25},{"not_picked":["Havoc+1","Brutality","Cleave+1"],"picked":"SKIP","floor":28},{"not_picked":["Seeing Red+1","Whirlwind+1"],"picked":"Warcry+1","floor":29},{"not_picked":["Fire Breathing","Flex+1"],"picked":"Armaments+1","floor":30}],"player_experience":460065,"relics_obtained":[{"floor":9,"key":"War Paint"},{"floor":12,"key":"Ornamental Fan"},{"floor":14,"key":"Toxic Egg 2"},{"floor":23,"key":"Molten Egg 2"},{"floor":25,"key":"Blood Vial"},{"floor":26,"key":"Bronze Scales"}],"event_choices":[{"damage_healed":0,"gold_gain":0,"player_choice":"Leave","damage_taken":0,"max_hp_gain":0,"max_hp_loss":0,"event_name":"The Cleric","floor":2,"gold_loss":0},{"damage_healed":0,"gold_gain":0,"player_choice":"Forge","damage_taken":0,"max_hp_gain":0,"max_hp_loss":0,"event_name":"Accursed Blacksmith","floor":13,"gold_loss":0,"cards_upgraded":["Inflame"]},{"damage_healed":0,"gold_gain":0,"player_choice":"Paid Gold","damage_taken":0,"relics_obtained":["Potion Belt"],"max_hp_gain":0,"max_hp_loss":0,"event_name":"WeMeetAgain","floor":27,"gold_loss":61},{"damage_healed":0,"gold_gain":0,"player_choice":"Inject Mutagens","damage_taken":0,"relics_obtained":["MutagenicStrength"],"max_hp_gain":0,"max_hp_loss":0,"event_name":"Drug Dealer","floor":31,"gold_loss":0}],"is_beta":false,"boss_relics":[{"not_picked":["Black Blood","Philosopher\u0027s Stone"],"picked":"Sozu"}],"items_purged_floors":[7],"is_endless":false,"potions_floor_spawned":[4,10,12,14,18,20,21,22,25,29,30],"killed_by":"Automaton","ascension_level":5}