{"path_per_floor":["M","?","M","M","$","E","R","M","T","R","?","M","?","E","R","B",null,"M","?","$","T","M","E","R","M","T","$","E","M","E","M","R","B",null,"M","M","?","$","?","E","$","R","T","E","M","E","?","M","R","B"],"character_chosen":"THE_SILENT","items_purchased":["Blade Dance","Shuriken","Mind Blast","Dead Branch"],"gold_per_floor":[114,189,204,219,67,97,97,112,187,187,187,202,202,232,232,332,332,347,347,97,147,162,192,192,207,207,104,134,149,179,194,194,294,294,309,324,324,24,24,54,54,54,129,159,174,204,204,219,219,219],"floor_reached":51,"campfire_rested":0,"playtime":1849,"current_hp_per_floor":[82,71,71,71,71,71,71,71,71,71,71,71,57,50,50,50,66,65,64,63,62,61,43,43,43,43,43,43,43,41,41,41,25,49,14,14,40,39,38,37,36,35,34,33,32,31,27,27,27,27],"items_purged":["Strike_G"],"gold":219,"score":1028,"play_id":"5c1a2cd7-4ebe-4617-a5d3-6602567de21e","local_time":"20180428214526","daily_mods":["Heirloom","Night Terrors","Terminal"],"is_prod":false,"is_daily":true,"chose_seed":false,"is_ascension_mode":false,"campfire_upgraded":7,"timestamp":1524973526,"path_taken":["M","?","?","M","?","E","R","M","T","R","?","M","?","E","R","BOSS","M","?","$","?","M","E","R","M","T","$","E","M","E","M","R","BOSS","M","M","?","?","?","E","$","R","T","E","M","E","?","M","R","BOSS"],"build_version":"2018-04-27v3","seed_source_timestamp":0,"purchased_purges":1,"victory":true,"master_deck":["Defend_G+1","Defend_G+1","Defend_G","Defend_G","Defend_G","Strike_G","Strike_G+1","Strike_G","Strike_G","Survivor","Neutralize+1","Sucker Punch","Finisher","Riddle With Holes","Blade Dance+1","Heel Hook","Cloak And Dagger+1","Neutralize+1","Storm of Steel","Backflip","Tools of the Trade","Dagger Spray","Blade Dance+1","Infinite Blades","Mind Blast+1","Flying Knee","Dagger Throw","Cloak And Dagger","After Image+1","Calculated Gamble+1","Accuracy","Flying Knee","Footwork","Cloak And Dagger","Blade Dance+1","Dagger Throw+1","Deflect+1","Adrenaline+1","Madness","Madness","Distraction+1"],"max_hp_per_floor":[82,81,80,79,78,77,76,75,74,73,72,71,70,69,68,67,66,65,64,63,62,61,60,59,58,57,56,55,54,53,52,51,50,49,48,47,40,39,38,37,36,35,34,33,32,31,30,29,28,27],"relics":["Ring of the Snake","Mango","Juzu Bracelet","Toolbox","Torii","White Beast Statue","Shuriken","Anchor","Orichalcum","Letter Opener","Dodecahedron","Pantograph","Orrery","Dead Branch","Molten Egg 2","Frozen Egg 2","Bag of Preparation","War Paint"],"card_choices":[{"not_picked":["Outmaneuver","PiercingWail"],"picked":"Sucker Punch","floor":1},{"not_picked":["Backflip","Phantasmal Killer"],"picked":"Finisher","floor":3},{"not_picked":["Sucker Punch","Dodge and Roll"],"picked":"Riddle With Holes","floor":4},{"not_picked":["Poisoned Stab","Catalyst"],"picked":"Heel Hook","floor":6},{"not_picked":["Eviscerate","Poisoned Stab"],"picked":"Cloak And Dagger","floor":8},{"not_picked":["Concentrate","Bane"],"picked":"Backflip","floor":12},{"not_picked":["Phantasmal Killer","Grand Finale"],"picked":"Tools of the Trade","floor":16},{"not_picked":["Terror","PiercingWail"],"picked":"Dagger Spray","floor":18},{"not_picked":["Slice","Dagger Spray"],"picked":"Blade Dance","floor":22},{"not_picked":["Calculated Gamble","Unload"],"picked":"Infinite Blades","floor":25},{"not_picked":["Malaise","Dodge and Roll"],"picked":"Flying Knee","floor":28},{"not_picked":["PiercingWail","Deflect"],"picked":"Dagger Throw","floor":29},{"not_picked":["Dagger Spray","Envenom"],"picked":"Cloak And Dagger","floor":30},{"not_picked":["Deadly Poison","Bane"],"picked":"Predator","floor":31},{"not_picked":["Bullet Time","Burst"],"picked":"After Image","floor":33},{"not_picked":["Outmaneuver","Poisoned Stab"],"picked":"Calculated Gamble","floor":34},{"not_picked":["Malaise","Dash"],"picked":"Accuracy","floor":34},{"not_picked":["Poisoned Stab","Terror"],"picked":"Flying Knee","floor":34},{"not_picked":["Deadly Poison","Quick Slash"],"picked":"Footwork","floor":34},{"not_picked":["Bouncing Flask","Prepared"],"picked":"Cloak And Dagger","floor":35},{"not_picked":["Blur","Noxious Fumes"],"picked":"Blade Dance","floor":36},{"not_picked":["Deadly Poison","Dodge and Roll"],"picked":"Dagger Throw","floor":40},{"not_picked":["Quick Slash","Catalyst"],"picked":"Deflect","floor":44},{"not_picked":["Well Laid Plans","Bane"],"picked":"Adrenaline","floor":46},{"not_picked":["PiercingWail","Prepared"],"picked":"Distraction","floor":48}],"player_experience":356787,"potions_floor_usage":[6,6,16,23,23,25,29,29,31,33,33,33,40,46,46,50,50,50],"damage_taken":[{"damage":0,"enemies":"Cultist","floor":1,"turns":3},{"damage":0,"enemies":"Jaw Worm","floor":3,"turns":3},{"damage":0,"enemies":"2 Louse","floor":4,"turns":2},{"damage":0,"enemies":"Gremlin Nob","floor":6,"turns":3},{"damage":0,"enemies":"Lots of Slimes","floor":8,"turns":4},{"damage":0,"enemies":"Red Slaver","floor":12,"turns":2},{"damage":7,"enemies":"3 Sentries","floor":14,"turns":6},{"damage":0,"enemies":"The Guardian","floor":16,"turns":11},{"damage":0,"enemies":"Shell Parasite","floor":18,"turns":4},{"damage":0,"enemies":"3 Byrds","floor":22,"turns":3},{"damage":18,"enemies":"Gremlin Leader","floor":23,"turns":7},{"damage":0,"enemies":"Snake Plant","floor":25,"turns":3},{"damage":0,"enemies":"Slavers","floor":28,"turns":3},{"damage":0,"enemies":"Centurion and Healer","floor":29,"turns":3},{"damage":2,"enemies":"Book of Stabbing","floor":30,"turns":4},{"damage":0,"enemies":"Chosen and Byrds","floor":31,"turns":4},{"damage":26,"enemies":"Champ","floor":33,"turns":7},{"damage":35,"enemies":"3 Shapes","floor":35,"turns":3},{"damage":0,"enemies":"Orb Walker","floor":36,"turns":3},{"damage":1,"enemies":"2 Orb Walkers","floor":40,"turns":3},{"damage":0,"enemies":"Nemesis","floor":44,"turns":5},{"damage":0,"enemies":"Flame Bruiser 2 Orb","floor":45,"turns":4},{"damage":0,"enemies":"2 Orb Walkers","floor":46,"turns":3},{"damage":0,"enemies":"Spire Growth","floor":48,"turns":2},{"damage":0,"enemies":"Donu and Deca","floor":50,"turns":5}],"event_choices":[{"event_name":"World of Goop","player_choice":"Gather Gold","floor":2,"damage_taken":0},{"event_name":"Match and Keep!","player_choice":"2 cards matched","floor":11,"damage_taken":0},{"event_name":"Shining Light","player_choice":"Entered Light","floor":13,"damage_taken":0},{"event_name":"Upgrade Shrine","player_choice":"Upgraded","floor":19,"damage_taken":0},{"event_name":"The Moai Head","player_choice":"Heal","floor":37,"damage_taken":0},{"event_name":"Winding Halls","player_choice":"Embrace Madness","floor":47,"damage_taken":0}],"boss_relics":[{"not_picked":["Runic Pyramid","Pandora\u0027s Box"],"picked":"White Beast Statue"},{"not_picked":["Lizard Tail","Velvet Choker"],"picked":"Orrery"}],"potions_floor_spawned":[3,4,14,16,18,22,23,25,28,29,30,31,33,35,36,40,44,45,46,48],"seed_played":"2526306765528303523","ascension_level":0,"is_trial":false}