{"gold_per_floor":[116,134,146,165,165,177,205,205,284,284,296,296,326,326,326,425,425,441,541,558,199,214,214,248,248,248,261,186,186,201,116,116,220,220,235,235,253,72,88,88,54,73,153,163,163,173,199,199,199,199,199,199,114,139,139],"floor_reached":55,"playtime":6053,"items_purged":["Meteor Strike","Dualcast+1"],"score":915,"play_id":"d3c1cfe5-0962-4af4-b831-6a2e883d5043","local_time":"20190322165958","is_ascension_mode":true,"campfire_choices":[{"data":"Undo","floor":8,"key":"SMITH"},{"data":"Dualcast","floor":10,"key":"SMITH"},{"floor":12,"key":"REST"},{"data":"Conserve Battery","floor":15,"key":"SMITH"},{"data":"Fission","floor":23,"key":"SMITH"},{"floor":29,"key":"REST"},{"data":"Barrage","floor":32,"key":"SMITH"},{"data":"Defragment","floor":40,"key":"SMITH"},{"floor":49,"key":"RECALL"},{"data":"Echo Form","floor":52,"key":"SMITH"}],"neow_cost":"NONE","seed_source_timestamp":57815404942252,"circlet_count":0,"master_deck":["Zap+1","Conserve Battery+1","Sweeping Beam","Undo+1","Genetic Algorithm","Seek","Reboot","Steam Power","Rebound","Fission+1","Chill","Barrage+1","Hello World","Leap+1","Echo Form+1","Ball Lightning","FTL","Fusion+1","Self Repair","Cold Snap+1","Defragment+1","Loop","Biased Cognition","Coolheaded+1","Loop+1","Dark Shackles+1","Discovery+1","Glacier+1"],"relics":["Cracked Core","Vajra","Ornamental Fan","Ginger","Art of War","Pandora\u0027s Box","Runic Capacitor","Happy Flower","CultistMask","Toxic Egg 2","Molten Egg 2","Runic Pyramid","Dream Catcher","Turnip"],"potions_floor_usage":[7,11,16,16,45,47,50,54],"damage_taken":[{"damage":1,"enemies":"Cultist","floor":1,"turns":4},{"damage":3,"enemies":"Small Slimes","floor":2,"turns":2},{"damage":2,"enemies":"Jaw Worm","floor":3,"turns":3},{"damage":11,"enemies":"Red Slaver","floor":4,"turns":3},{"damage":0,"enemies":"3 Louse","floor":6,"turns":3},{"damage":12,"enemies":"Lagavulin","floor":7,"turns":8},{"damage":7,"enemies":"Exordium Thugs","floor":11,"turns":3},{"damage":16,"enemies":"3 Sentries","floor":13,"turns":6},{"damage":27,"enemies":"Hexaghost","floor":16,"turns":15},{"damage":0,"enemies":"Shell Parasite","floor":18,"turns":4},{"damage":4,"enemies":"2 Thieves","floor":20,"turns":4},{"damage":1,"enemies":"Centurion and Healer","floor":22,"turns":6},{"damage":32,"enemies":"Book of Stabbing","floor":24,"turns":5},{"damage":0,"enemies":"Cultist and Chosen","floor":27,"turns":4},{"damage":0,"enemies":"3 Cultists","floor":30,"turns":3},{"damage":2,"enemies":"Collector","floor":33,"turns":12},{"damage":1,"enemies":"Orb Walker","floor":35,"turns":3},{"damage":5,"enemies":"3 Darklings","floor":37,"turns":4},{"damage":7,"enemies":"Spire Growth","floor":39,"turns":5},{"damage":4,"enemies":"4 Shapes","floor":42,"turns":5},{"damage":67,"enemies":"Transient","floor":44,"turns":5},{"damage":6,"enemies":"Sphere and 2 Shapes","floor":46,"turns":4},{"damage":0,"enemies":"Nemesis","floor":47,"turns":7},{"damage":8,"enemies":"Time Eater","floor":50,"turns":11},{"damage":53,"enemies":"Shield and Spear","floor":54,"turns":6},{"damage":27,"enemies":"The Heart","floor":55,"turns":2}],"seed_played":"-6135873531222632570","potions_obtained":[{"floor":0,"key":"FearPotion"},{"floor":0,"key":"EssenceOfSteel"},{"floor":0,"key":"Strength Potion"},{"floor":1,"key":"Dexterity Potion"},{"floor":7,"key":"EntropicBrew"},{"floor":18,"key":"FocusPotion"},{"floor":45,"key":"Swift Potion"},{"floor":45,"key":"Fruit Juice"},{"floor":45,"key":"Energy Potion"},{"floor":47,"key":"SpeedPotion"}],"is_trial":false,"path_per_floor":["M","M","M","M","?","M","E","R","T","R","M","R","E","?","R","B",null,"M","?","M","$","M","R","E","?","T","M","$","R","M","?","R","B",null,"M","?","M","$","M","R","$","M","T","M","?","M","E","?","R","B",null,"R","$","E","B"],"character_chosen":"DEFECT","items_purchased":["Echo Form","Runic Capacitor","Ball Lightning","AttackPotion","Defragment","Loop","Discovery+1"],"campfire_rested":2,"item_purchase_floors":[21,21,21,21,38,41,53],"current_hp_per_floor":[67,64,62,51,51,51,39,39,39,39,32,54,38,31,31,4,57,57,57,53,53,52,52,20,20,20,20,20,42,42,42,42,40,66,75,75,70,70,75,75,75,75,75,22,27,35,49,49,49,55,74,74,74,21,0],"gold":139,"neow_bonus":"THREE_SMALL_POTIONS","is_prod":false,"is_daily":false,"chose_seed":false,"campfire_upgraded":7,"win_rate":0,"timestamp":1553291998,"path_taken":["M","?","M","M","?","M","E","R","T","R","M","R","E","?","R","BOSS","M","?","M","$","?","R","E","?","T","M","?","R","?","?","R","BOSS","M","?","M","$","M","R","$","M","T","M","?","?","E","?","R","BOSS","R","$","E","BOSS"],"build_version":"2019-01-23","purchased_purges":2,"victory":false,"max_hp_per_floor":[75,75,75,75,75,75,75,75,75,75,75,75,75,75,75,75,75,75,75,75,75,75,75,75,75,75,75,75,75,75,75,75,75,75,75,75,75,75,75,75,75,75,75,75,80,80,80,80,80,80,80,80,80,80,80],"card_choices":[{"not_picked":["Hologram","Leap"],"picked":"Conserve Battery","floor":1},{"not_picked":["Steam","Rainbow","Leap"],"picked":"SKIP","floor":2},{"not_picked":["Rebound","Streamline"],"picked":"Sweeping Beam","floor":3},{"not_picked":["Sweeping Beam","Hologram"],"picked":"Undo","floor":4},{"not_picked":["Storm","Scrape","Go for the Eyes"],"picked":"SKIP","floor":6},{"not_picked":["Leap","Chaos"],"picked":"Cold Snap","floor":7},{"not_picked":["Chill","Gash"],"picked":"Genetic Algorithm","floor":11},{"not_picked":["Undo","Buffer","Stack"],"picked":"SKIP","floor":13},{"not_picked":["Rainbow","Machine Learning"],"picked":"Seek","floor":16},{"not_picked":["Beam Cell+1","Go for the Eyes"],"picked":"Leap+1","floor":18},{"not_picked":["Stack+1","Leap+1","Beam Cell"],"picked":"SKIP","floor":20},{"not_picked":["Conserve Battery","Go for the Eyes+1"],"picked":"FTL","floor":22},{"not_picked":["Go for the Eyes","Blizzard+1","Leap"],"picked":"SKIP","floor":24},{"not_picked":["Steam+1","Cold Snap"],"picked":"Fusion+1","floor":27},{"not_picked":["FTL+1","Force Field+1"],"picked":"Self Repair","floor":30},{"not_picked":["Redo+1","Gash+1","Cold Snap+1"],"picked":"SKIP","floor":35},{"not_picked":["Redo+1","Gash+1"],"picked":"Cold Snap+1","floor":35},{"not_picked":["Barrage+1","Redo+1","Recycle+1"],"picked":"SKIP","floor":37},{"not_picked":["Steam+1","Heatsinks+1","Melter+1"],"picked":"SKIP","floor":39},{"not_picked":["Hologram+1","Redo+1"],"picked":"Biased Cognition","floor":42},{"not_picked":["Skim+1","Rebound+1","Fusion+1"],"picked":"SKIP","floor":44},{"not_picked":["Cold Snap+1","Streamline+1"],"picked":"Coolheaded+1","floor":46},{"not_picked":["Fusion+1","Steam Power+1"],"picked":"Loop+1","floor":47},{"not_picked":["Apotheosis+1","Flash of Steel+1"],"picked":"Dark Shackles+1","floor":48},{"not_picked":["Skim+1","Tempest+1"],"picked":"Glacier+1","floor":54}],"player_experience":580800,"relics_obtained":[{"floor":7,"key":"Vajra"},{"floor":9,"key":"Ornamental Fan"},{"floor":13,"key":"Ginger"},{"floor":24,"key":"Happy Flower"},{"floor":26,"key":"Toxic Egg 2"},{"floor":47,"key":"Dream Catcher"},{"floor":54,"key":"Turnip"}],"event_choices":[{"damage_healed":0,"gold_gain":0,"player_choice":"Grow","damage_taken":0,"max_hp_gain":0,"max_hp_loss":0,"event_name":"Living Wall","floor":5,"gold_loss":0,"cards_upgraded":["Zap"]},{"damage_healed":0,"gold_gain":0,"player_choice":"Success","damage_taken":7,"relics_obtained":["Art of War"],"max_hp_gain":0,"max_hp_loss":0,"event_name":"Scrap Ooze","floor":14,"gold_loss":0},{"damage_healed":0,"gold_gain":100,"player_choice":"Pray","damage_taken":0,"max_hp_gain":0,"max_hp_loss":0,"event_name":"Golden Shrine","floor":19,"gold_loss":0},{"damage_healed":0,"gold_gain":0,"player_choice":"Trade","damage_taken":0,"relics_obtained":["CultistMask"],"max_hp_gain":0,"max_hp_loss":0,"event_name":"FaceTrader","floor":25,"gold_loss":0},{"damage_healed":0,"gold_gain":0,"player_choice":"Obtained Relic","damage_taken":0,"relics_obtained":["Molten Egg 2"],"max_hp_gain":0,"max_hp_loss":0,"event_name":"Addict","floor":31,"gold_loss":85},{"cards_removed":["Cold Snap"],"damage_healed":0,"gold_gain":0,"player_choice":"Removed Attack","damage_taken":0,"max_hp_gain":0,"max_hp_loss":0,"event_name":"Falling","floor":36,"gold_loss":0},{"damage_healed":0,"gold_gain":0,"player_choice":"Got Potions","damage_taken":0,"max_hp_gain":0,"max_hp_loss":0,"event_name":"Lab","floor":45,"gold_loss":0},{"damage_healed":0,"gold_gain":0,"player_choice":"Memory 1","damage_taken":0,"max_hp_gain":0,"max_hp_loss":0,"event_name":"SensoryStone","floor":48,"gold_loss":0}],"is_beta":false,"boss_relics":[{"not_picked":["Philosopher\u0027s Stone","FrozenCore"],"picked":"Pandora\u0027s Box"},{"not_picked":["Calling Bell","Black Star"],"picked":"Runic Pyramid"}],"items_purged_floors":[28,38],"is_endless":false,"potions_floor_spawned":[1,3,7,18,20,27,33,37,44,47],"killed_by":"The Heart","ascension_level":6}