{"gold_per_floor":[119,84,84,84,100,100,110,110,165,192,267,267,195,214,214,214],"floor_reached":16,"playtime":658,"items_purged":[],"score":181,"play_id":"f229ff3b-36a3-4e24-a388-8770e418f946","local_time":"20190424163543","is_ascension_mode":true,"campfire_choices":[{"data":"Neutralize","floor":6,"key":"SMITH"},{"data":"Quick Slash","floor":15,"key":"SMITH"}],"neow_cost":"NONE","seed_source_timestamp":2745578195761535,"circlet_count":0,"master_deck":["AscendersBane","Defend_G","Defend_G","Defend_G","Defend_G","Defend_G","Strike_G","Strike_G","Strike_G","Strike_G","Survivor","Neutralize+1","Masterful Stab+1","Bane","Deflect","Bullet Time","Quick Slash+1"],"relics":["Lizard Tail","PreservedInsect","Sundial","Singing Bowl"],"potions_floor_usage":[14,16],"damage_taken":[{"damage":10,"enemies":"Small Slimes","floor":1,"turns":5},{"damage":0,"enemies":"Jaw Worm","floor":5,"turns":6},{"damage":0,"enemies":"Cultist","floor":7,"turns":4},{"damage":16,"enemies":"3 Sentries","floor":10,"turns":10},{"damage":2,"enemies":"2 Fungi Beasts","floor":14,"turns":4},{"damage":90,"enemies":"Slime Boss","floor":16,"turns":10}],"seed_played":"-5016663704198805336","potions_obtained":[{"floor":5,"key":"Block Potion"},{"floor":7,"key":"PowerPotion"}],"is_trial":false,"path_per_floor":["M","?","?","?","M","R","M","?","T","E","?","?","?","M","R","B"],"character_chosen":"THE_SILENT","items_purchased":[],"campfire_rested":0,"item_purchase_floors":[],"current_hp_per_floor":[49,65,65,65,65,65,65,70,70,54,43,43,43,41,41,0],"gold":214,"neow_bonus":"BOSS_RELIC","is_prod":false,"is_daily":false,"chose_seed":false,"campfire_upgraded":2,"win_rate":0,"timestamp":1556120143,"path_taken":["M","?","?","?","?","R","M","?","T","E","?","?","?","?","R","BOSS"],"build_version":"2019-01-23","purchased_purges":0,"victory":false,"max_hp_per_floor":[66,66,66,66,66,66,66,71,71,71,71,71,71,71,71,71],"card_choices":[{"not_picked":["Backflip","Dodge and Roll"],"picked":"Masterful Stab","floor":1},{"not_picked":["Cloak And Dagger","Sucker Punch"],"picked":"Bane","floor":5},{"not_picked":["Dodge and Roll","Acrobatics"],"picked":"Deflect","floor":7},{"not_picked":["Sucker Punch","Backflip"],"picked":"Bullet Time","floor":10},{"not_picked":["Dodge and Roll","Cloak And Dagger"],"picked":"Quick Slash","floor":14}],"player_experience":201302,"relics_obtained":[{"floor":9,"key":"PreservedInsect"},{"floor":10,"key":"Sundial"}],"event_choices":[{"damage_healed":16,"gold_gain":0,"player_choice":"Healed","damage_taken":0,"max_hp_gain":0,"max_hp_loss":0,"event_name":"The Cleric","floor":2,"gold_loss":35},{"damage_healed":0,"gold_gain":0,"player_choice":"Grow","damage_taken":0,"max_hp_gain":0,"max_hp_loss":0,"event_name":"Living Wall","floor":3,"gold_loss":0,"cards_upgraded":["Masterful Stab"]},{"cards_removed":["Strike_G"],"damage_healed":0,"gold_gain":0,"player_choice":"Card Removal","damage_taken":0,"max_hp_gain":0,"max_hp_loss":0,"event_name":"Wheel of Change","floor":4,"gold_loss":0},{"damage_healed":0,"gold_gain":0,"player_choice":"Donut","damage_taken":0,"max_hp_gain":5,"max_hp_loss":0,"event_name":"Big Fish","floor":8,"gold_loss":0},{"damage_healed":0,"gold_gain":75,"player_choice":"Gather Gold","damage_taken":11,"max_hp_gain":0,"max_hp_loss":0,"event_name":"World of Goop","floor":11,"gold_loss":0},{"damage_healed":0,"gold_gain":0,"player_choice":"Ignored","damage_taken":0,"max_hp_gain":0,"max_hp_loss":0,"event_name":"Golden Idol","floor":12,"gold_loss":0},{"damage_healed":0,"gold_gain":0,"player_choice":"Paid Gold","damage_taken":0,"relics_obtained":["Singing Bowl"],"max_hp_gain":0,"max_hp_loss":0,"event_name":"WeMeetAgain","floor":13,"gold_loss":72}],"is_beta":false,"boss_relics":[],"items_purged_floors":[],"is_endless":false,"potions_floor_spawned":[5,7],"killed_by":"Slime Boss","ascension_level":17}