{"gold_per_floor":[111,111,124,49,68,99,99,131,177,177,189,202,227,239,239,239],"floor_reached":16,"playtime":1423,"items_purged":["Defend_R"],"score":147,"play_id":"df6e5ff1-d3a4-46d8-b628-b8ad07d99b8e","local_time":"20190428200552","is_ascension_mode":false,"campfire_choices":[{"data":"Rage","floor":7,"key":"SMITH"},{"floor":15,"key":"REST"}],"neow_cost":"NONE","seed_source_timestamp":420892649398185,"circlet_count":0,"master_deck":["Strike_R","Strike_R","Strike_R","Strike_R","Strike_R","Defend_R","Defend_R","Bash","Rage+1","Flex","Armaments","Infernal Blade","Combust+1","Body Slam","Ghostly Armor"],"relics":["Burning Blood","Potion Belt","Frozen Egg 2","Pen Nib","Boot","Pear","Strawberry"],"potions_floor_usage":[6,11,13,16],"damage_taken":[{"damage":5,"enemies":"2 Louse","floor":1,"turns":3},{"damage":7,"enemies":"Jaw Worm","floor":3,"turns":3},{"damage":0,"enemies":"Cultist","floor":5,"turns":3},{"damage":55,"enemies":"3 Sentries","floor":6,"turns":11},{"damage":24,"enemies":"Lagavulin","floor":8,"turns":9},{"damage":0,"enemies":"Red Slaver","floor":11,"turns":3},{"damage":13,"enemies":"2 Fungi Beasts","floor":12,"turns":3},{"damage":14,"enemies":"Gremlin Nob","floor":13,"turns":4},{"damage":15,"enemies":"3 Louse","floor":14,"turns":3},{"damage":41,"enemies":"Hexaghost","floor":16,"turns":10}],"seed_played":"6181386524720721355","potions_obtained":[{"floor":3,"key":"SkillPotion"},{"floor":6,"key":"Fire Potion"},{"floor":11,"key":"Strength Potion"},{"floor":14,"key":"SpeedPotion"}],"is_trial":false,"path_per_floor":["M","?","M","$","M","E","R","E","T","T","M","M","E","M","R","B"],"character_chosen":"IRONCLAD","items_purchased":[],"campfire_rested":1,"item_purchase_floors":[],"current_hp_per_floor":[80,73,72,72,78,29,29,11,11,21,27,20,19,10,39,0],"gold":239,"neow_bonus":"RANDOM_COMMON_RELIC","is_prod":false,"is_daily":false,"chose_seed":false,"campfire_upgraded":1,"win_rate":0,"timestamp":1556453152,"path_taken":["M","?","M","$","M","E","R","E","T","?","M","M","E","M","R","BOSS"],"build_version":"2019-01-23","purchased_purges":1,"victory":false,"max_hp_per_floor":[80,80,80,80,80,80,80,80,80,90,90,90,97,97,97,97],"card_choices":[{"not_picked":["Cleave","Anger"],"picked":"Rage","floor":1},{"not_picked":["Wild Strike","Limit Break"],"picked":"Flex","floor":3},{"not_picked":["Evolve","Battle Trance","Havoc"],"picked":"SKIP","floor":5},{"not_picked":["Corruption","Wild Strike","Flex"],"picked":"SKIP","floor":6},{"not_picked":["Bloodletting","Sentinel"],"picked":"Armaments","floor":8},{"not_picked":["Twin Strike","Feel No Pain+1"],"picked":"Infernal Blade","floor":11},{"not_picked":["Warcry","True Grit"],"picked":"Combust+1","floor":12},{"not_picked":["Clash","Havoc"],"picked":"Body Slam","floor":13},{"not_picked":["Evolve+1","Sword Boomerang"],"picked":"Ghostly Armor","floor":14}],"player_experience":283911,"relics_obtained":[{"floor":6,"key":"Frozen Egg 2"},{"floor":8,"key":"Pen Nib"},{"floor":9,"key":"Boot"},{"floor":10,"key":"Pear"},{"floor":13,"key":"Strawberry"}],"event_choices":[{"cards_removed":["Defend_R"],"damage_healed":0,"gold_gain":0,"player_choice":"Card Removal","damage_taken":7,"max_hp_gain":0,"max_hp_loss":0,"event_name":"Golden Wing","floor":2,"gold_loss":0}],"is_beta":false,"boss_relics":[],"items_purged_floors":[4],"is_endless":false,"potions_floor_spawned":[3,6,11,14],"killed_by":"Hexaghost","ascension_level":0}