{"path_per_floor":["M","M","$","M","M","R","E","R","T","M","?","M","M","T","R","B",null,"M","M","?","$","M","E","M","?","T","R","M","M","R","?","R","B",null,"M","?","M","M","M","E","T","?","T","$","R","M","R","M","R","B"],"character_chosen":"IRONCLAD","items_purchased":["Entrench","Shrug It Off","Mummified Hand","Singing Bowl","Master of Strategy"],"gold_per_floor":[114,129,61,76,91,91,121,121,146,161,111,126,141,141,141,241,241,256,271,171,72,87,117,132,132,157,157,172,187,187,187,187,287,287,302,302,317,332,347,377,377,627,652,90,90,105,105,120,120,120],"floor_reached":51,"campfire_rested":3,"playtime":2296,"current_hp_per_floor":[80,83,83,83,86,86,96,96,96,89,89,87,92,92,92,99,99,96,85,85,85,91,90,49,28,28,60,39,27,59,59,91,91,107,103,103,102,100,102,108,108,108,108,108,108,112,112,114,114,114],"items_purged":["Demon Form","Regret"],"gold":120,"score":928,"play_id":"cedec067-2071-4c73-99f4-341bae22e264","local_time":"20180416140400","daily_mods":["Shiny","Time Dilation","Uncertain Future"],"is_prod":false,"is_daily":true,"chose_seed":false,"is_ascension_mode":false,"campfire_upgraded":6,"timestamp":1523909040,"path_taken":["M","M","$","M","M","R","E","R","T","M","?","?","M","?","R","BOSS","M","M","?","$","M","E","M","?","T","R","M","M","R","?","R","BOSS","M","?","M","M","M","E","?","?","T","$","R","M","R","M","R","BOSS"],"build_version":"2018-04-13","seed_source_timestamp":0,"purchased_purges":4,"victory":true,"master_deck":["Double Tap","Bludgeon","Impervious+1","Feed","Juggernaut","Limit Break","Reaper","Exhume+1","Barricade+1","Offering+1","Fiend Fire","Immolate","Battle Trance","Cleave","Entrench+1","Iron Wave","Warcry","Sentinel","Metallicize","Impervious","Ghostly Armor+1","J.A.X.","Shrug It Off","Body Slam+1","Entrench+1","Body Slam+1","Shrug It Off","Master of Strategy"],"max_hp_per_floor":[80,83,83,83,86,86,96,96,96,96,96,96,99,99,99,99,99,99,99,99,99,102,102,102,107,107,107,107,107,107,107,107,107,107,107,107,107,107,110,110,110,110,110,110,110,112,112,114,114,114],"relics":["Burning Blood","Strawberry","Oddly Smooth Stone","Mercury Hourglass","Black Star","Molten Egg 2","Frozen Egg 2","Juzu Bracelet","Mark of Pain","The Courier","Bottled Lightning","Letter Opener","Ancient Tea Set","Mummified Hand","Singing Bowl"],"card_choices":[{"not_picked":["Flame Barrier","Reckless Charge"],"picked":"Battle Trance","floor":1},{"not_picked":["Metallicize","Blood for Blood"],"picked":"Cleave","floor":2},{"not_picked":["Wild Strike","Anger"],"picked":"Iron Wave","floor":4},{"not_picked":["Uppercut","Carnage"],"picked":"Warcry","floor":10},{"not_picked":["Combust","Whirlwind"],"picked":"Sentinel","floor":12},{"not_picked":["Cleave","Intimidate"],"picked":"Metallicize","floor":13},{"not_picked":["Demon Form","Limit Break"],"picked":"Impervious","floor":16},{"not_picked":["Pommel Strike","Intimidate"],"picked":"Ghostly Armor","floor":19},{"not_picked":["Rage","Perfected Strike"],"picked":"Body Slam","floor":22},{"not_picked":["Twin Strike","Clothesline"],"picked":"Entrench","floor":23},{"not_picked":["Warcry","Armaments"],"picked":"Body Slam","floor":24},{"not_picked":["Armaments","Headbutt"],"picked":"Shrug It Off","floor":37}],"player_experience":309084,"potions_floor_usage":[2,4,10,16,19,22,24,39,50,50],"damage_taken":[{"damage":4,"enemies":"Cultist","floor":1,"turns":2},{"damage":4,"enemies":"Small Slimes","floor":2,"turns":3},{"damage":0,"enemies":"Jaw Worm","floor":4,"turns":1},{"damage":4,"enemies":"2 Fungi Beasts","floor":5,"turns":2},{"damage":16,"enemies":"3 Sentries","floor":7,"turns":5},{"damage":13,"enemies":"Looter","floor":10,"turns":3},{"damage":8,"enemies":"Blue Slaver","floor":12,"turns":2},{"damage":4,"enemies":"3 Louse","floor":13,"turns":2},{"damage":8,"enemies":"The Guardian","floor":16,"turns":8},{"damage":9,"enemies":"Spheric Guardian","floor":18,"turns":7},{"damage":17,"enemies":"Shell Parasite","floor":19,"turns":8},{"damage":36,"enemies":"Centurion and Healer","floor":22,"turns":15},{"damage":7,"enemies":"Book of Stabbing","floor":23,"turns":6},{"damage":53,"enemies":"Chosen and Byrds","floor":24,"turns":9},{"damage":30,"enemies":"Snake Plant","floor":28,"turns":5},{"damage":18,"enemies":"Slaver and Parasite","floor":29,"turns":7},{"damage":22,"enemies":"Automaton","floor":33,"turns":8},{"damage":10,"enemies":"3 Shapes","floor":35,"turns":2},{"damage":7,"enemies":"Orb Walker","floor":37,"turns":2},{"damage":8,"enemies":"Sphere and 2 Shapes","floor":38,"turns":4},{"damage":15,"enemies":"4 Shapes","floor":39,"turns":7},{"damage":0,"enemies":"Giant Head","floor":40,"turns":5},{"damage":4,"enemies":"Flame Bruiser 2 Orb","floor":46,"turns":3},{"damage":4,"enemies":"Maw","floor":48,"turns":1},{"damage":7,"enemies":"Time Eater","floor":50,"turns":7}],"event_choices":[{"event_name":"The Cleric","player_choice":"Card Removal","floor":11,"damage_taken":0},{"event_name":"Drug Dealer","player_choice":"Got JAXXED","floor":20,"damage_taken":0},{"event_name":"Forgotten Altar","player_choice":"Shed Blood","floor":25,"damage_taken":0},{"event_name":"Back to Basics","player_choice":"Elegance","floor":31,"damage_taken":0},{"event_name":"Golden Shrine","player_choice":"Desecrate","floor":42,"damage_taken":0}],"boss_relics":[{"not_picked":["Tiny House","White Beast Statue"],"picked":"Black Star"},{"not_picked":["Snecko Eye","Orrery"],"picked":"Mark of Pain"}],"potions_floor_spawned":[1,2,7,12,13,18,19,33,37,39,40,46],"seed_played":"-1844585125611022648","ascension_level":0,"is_trial":false}