{"path_per_floor":["M","M","?","M","M","R","M","M","T","R","E","R","?","M","R","B",null,"M","M","?","$","M","R","E","M","T","$","?","M","R","M","R","B",null,"M","?","?","$","M","R","?","$","T","M","E","R","M","M","R","B"],"character_chosen":"IRONCLAD","items_purchased":["Jack Of All Trades","Mummified Hand","Inflame","Shrug It Off"],"gold_per_floor":[112,132,132,146,158,158,170,187,187,187,212,212,212,230,230,351,351,366,387,387,216,240,240,275,295,322,6,6,20,20,44,44,174,174,197,197,197,97,122,122,122,73,73,94,137,137,158,178,178,178],"floor_reached":49,"campfire_rested":1,"playtime":3315,"current_hp_per_floor":[35,39,32,46,45,45,51,56,56,56,42,42,42,48,48,54,74,74,74,74,74,74,74,74,70,70,70,70,74,74,70,70,74,74,74,74,74,74,60,60,60,60,60,63,53,53,55,65,82,72],"items_purged":["Strike_R","Strike_R"],"gold":178,"play_id":"5f5e4196-05e4-431d-9342-2397398f1994","is_prod":false,"is_daily":false,"campfire_rituals":0,"campfire_upgraded":9,"is_hardmode":false,"path_taken":["M","?","?","M","M","R","M","M","T","R","E","R","?","M","R","BOSS","M","M","?","$","M","R","E","M","T","$","?","?","R","M","R","BOSS","M","?","?","?","M","R","?","$","T","M","E","R","M","M","R","BOSS"],"build_version":"2018-01-18-PROD4","purchased_purges":2,"victory":true,"master_deck":["Defend_R","Defend_R","Defend_R","Bash","Rampage","Metallicize","Pommel Strike","Battle Trance","Warcry","Dropkick","Dropkick","Jack Of All Trades","Shockwave","Headbutt","Inflame","Feed","Shrug It Off","Metallicize","Inflame"],"max_hp_per_floor":[80,80,80,80,80,80,80,80,80,80,80,80,74,74,74,74,74,74,74,74,74,74,74,74,74,74,74,74,74,74,74,74,74,74,74,74,74,74,74,74,74,74,74,78,78,78,78,82,82,82],"relics":["Burning Blood","Oddly Smooth Stone","Paper Frog","Golden Idol","Runic Dome","Frozen Egg","War Paint","Mummified Hand","White Beast Statue","Whetstone","Bag of Marbles"],"campfire_meditates":0,"card_choices":[{"not_picked":["Shrug It Off","Fire Breathing"],"picked":"Rampage"},{"not_picked":["Pommel Strike","Cleave"],"picked":"Metallicize"},{"not_picked":["Ghostly Armor","Cleave"],"picked":"Pommel Strike"},{"not_picked":["Combust","Whirlwind"],"picked":"Battle Trance"},{"not_picked":["Reckless Charge","Heavy Blade"],"picked":"Warcry"},{"not_picked":["True Grit","Flex"],"picked":"Dropkick"},{"not_picked":["Thunderclap","Iron Wave"],"picked":"Warcry"},{"not_picked":["Warcry","Perfected Strike"],"picked":"Shockwave"},{"not_picked":["Immolate","Twin Strike"],"picked":"Headbutt"},{"not_picked":["Exhume","Barricade"],"picked":"Feed"},{"not_picked":["Second Wind","Whirlwind"],"picked":"Metallicize"},{"not_picked":["Headbutt","Bludgeon"],"picked":"Inflame"}],"player_experience":304360,"potions_floor_usage":[4,8,8,17,22,29,31,33,42,42,43,43,46,46,48],"damage_taken":[{"damage":11,"enemies":"Blue Slaver","floor":1,"turns":4},{"damage":2,"enemies":"Small Slimes","floor":2,"turns":4},{"damage":1,"enemies":"2 Louse","floor":4,"turns":4},{"damage":7,"enemies":"2 Fungi Beasts","floor":5,"turns":4},{"damage":0,"enemies":"Looter","floor":7,"turns":4},{"damage":1,"enemies":"Exordium Thugs","floor":8,"turns":4},{"damage":20,"enemies":"3 Sentries","floor":11,"turns":7},{"damage":0,"enemies":"3 Louse","floor":14,"turns":2},{"damage":0,"enemies":"Slime Boss","floor":14,"turns":8},{"damage":1,"enemies":"Spheric Guardian","floor":16,"turns":3},{"damage":4,"enemies":"Shell Parasite","floor":17,"turns":3},{"damage":3,"enemies":"Centurion and Healer","floor":20,"turns":4},{"damage":3,"enemies":"Book of Stabbing","floor":22,"turns":4},{"damage":10,"enemies":"Chosen and Byrds","floor":23,"turns":3},{"damage":0,"enemies":"3 Cultists","floor":27,"turns":3},{"damage":10,"enemies":"Slaver and Parasite","floor":29,"turns":3},{"damage":0,"enemies":"Collector","floor":31,"turns":6},{"damage":0,"enemies":"Orb Walker","floor":33,"turns":3},{"damage":20,"enemies":"3 Darklings","floor":37,"turns":3},{"damage":7,"enemies":"4 Shapes","floor":42,"turns":3},{"damage":16,"enemies":"Nemesis","floor":43,"turns":7},{"damage":4,"enemies":"Maw","floor":45,"turns":5},{"damage":0,"enemies":"Sphere and 2 Shapes","floor":46,"turns":3},{"damage":19,"enemies":"Awakened One","floor":48,"turns":7}],"event_choices":[{"event_name":"Golden Wing","player_choice":"Card Removal","floor":3,"damage_taken":0},{"event_name":"Golden Idol","player_choice":"Lose Max HP","floor":13,"damage_taken":0},{"event_name":"Duplicator","player_choice":"One dupe","floor":18,"damage_taken":0},{"event_name":"Beggar","player_choice":"Ignored","floor":26,"damage_taken":0},{"event_name":"Tomb of Lord Red Mask","player_choice":"Ignored","floor":34,"damage_taken":0},{"event_name":"Wheel of Change","player_choice":"Card Removal","floor":39,"damage_taken":0}],"boss_relics":[{"not_picked":["Astrolabe","Tiny House"],"picked":"Runic Dome"},{"not_picked":["Philosopher\u0027s Stone","Cursed Key"],"picked":"White Beast Statue"}],"potions_floor_spawned":[1,2,4,7,14,20,22,23,29,31,33,37,42,43,45,46],"seed_played":"-6716970828008080927","is_trial":false}