{"path_per_floor":["M","?","?","M","?","R","M","?","T","M","M","$","?","M","R","B",null,"M","M","M","?","?","E","R","$","T","R","E","?","E","?","R"],"character_chosen":"THE_SILENT","items_purchased":["Apotheosis","Phantasmal Killer"],"gold_per_floor":[116,116,191,206,206,206,222,222,276,290,309,57,57,68,68,169,169,189,202,219,219,144,169,169,9,33,33,66,66,99,14,14,14],"floor_reached":33,"campfire_rested":4,"playtime":2373,"item_purchase_floors":[12,25],"current_hp_per_floor":[62,55,44,44,49,49,49,49,49,49,44,44,44,38,60,25,63,63,60,58,58,58,32,54,54,54,75,27,52,25,25,50,0],"items_purged":["Defend_G"],"gold":14,"score":465,"play_id":"36dd831f-6d06-4cfc-838d-b16509a0ca20","local_time":"20180531191417","is_prod":false,"is_daily":false,"chose_seed":false,"is_ascension_mode":true,"campfire_upgraded":1,"win_rate":0,"timestamp":1527790457,"campfire_choices":[{"data":"Sucker Punch","floor":6,"key":"SMITH"},{"floor":15,"key":"REST"},{"floor":24,"key":"REST"},{"floor":27,"key":"REST"},{"floor":32,"key":"REST"}],"path_taken":["M","?","?","M","?","R","M","?","T","M","?","?","?","M","R","BOSS","M","M","?","?","?","E","R","$","T","R","E","?","E","?","R","BOSS"],"build_version":"2018-05-24","seed_source_timestamp":720967775649211,"purchased_purges":1,"victory":false,"master_deck":["Defend_G","Defend_G","Defend_G","Defend_G","Strike_G","Strike_G","Strike_G","Survivor","Neutralize","AscendersBane","Sucker Punch+1","Blur","Quick Slash","Escape Plan","Flying Knee","Apotheosis","Distraction","Tools of the Trade","Dagger Throw","Prepared+1","Well Laid Plans","Phantasmal Killer","Underhanded Strike"],"max_hp_per_floor":[70,70,70,70,75,75,75,75,75,75,75,75,75,75,75,75,75,75,75,75,75,75,75,75,75,75,75,75,75,85,85,85,85],"relics":["Sozu","Vajra","Orichalcum","Black Star","Sundial","Tingsha","Art of War","Du-Vu Doll","Calipers","Pear","Kunai","Molten Egg 2"],"card_choices":[{"not_picked":["Crippling Poison","Caltrops"],"picked":"Sucker Punch","floor":1},{"not_picked":["Quick Slash","Leg Sweep"],"picked":"Blur","floor":4},{"not_picked":["Prepared","Expertise"],"picked":"Quick Slash","floor":7},{"not_picked":["Cloak And Dagger","Blur"],"picked":"Escape Plan","floor":10},{"not_picked":["Bane","PiercingWail"],"picked":"Flying Knee","floor":11},{"not_picked":["Deflect","Concentrate"],"picked":"Distraction","floor":14},{"not_picked":["Storm of Steel","Venomology"],"picked":"Tools of the Trade","floor":16},{"not_picked":["Slice","Sucker Punch"],"picked":"Dagger Throw","floor":18},{"not_picked":["Poisoned Stab+1","Masterful Stab","Slice+1"],"picked":"SKIP","floor":19},{"not_picked":["Malaise","Slice"],"picked":"Prepared+1","floor":20},{"not_picked":["Blade Dance","Calculated Gamble"],"picked":"Well Laid Plans","floor":23},{"not_picked":["Heel Hook","Flying Knee","Cloak And Dagger+1"],"picked":"SKIP","floor":28},{"not_picked":["PiercingWail","Masterful Stab"],"picked":"Underhanded Strike","floor":30}],"player_experience":258951,"potions_floor_usage":[],"damage_taken":[{"damage":1,"enemies":"2 Louse","floor":1,"turns":3},{"damage":0,"enemies":"Jaw Worm","floor":4,"turns":5},{"damage":0,"enemies":"Cultist","floor":7,"turns":5},{"damage":0,"enemies":"Blue Slaver","floor":10,"turns":4},{"damage":5,"enemies":"2 Fungi Beasts","floor":11,"turns":4},{"damage":6,"enemies":"Gremlin Gang","floor":14,"turns":4},{"damage":35,"enemies":"Hexaghost","floor":16,"turns":14},{"damage":0,"enemies":"3 Byrds","floor":18,"turns":5},{"damage":3,"enemies":"Chosen","floor":19,"turns":4},{"damage":2,"enemies":"Snecko","floor":20,"turns":5},{"damage":26,"enemies":"Gremlin Leader","floor":23,"turns":8},{"damage":48,"enemies":"Slavers","floor":28,"turns":7},{"damage":37,"enemies":"Gremlin Leader","floor":30,"turns":6},{"damage":58,"enemies":"Champ","floor":33,"turns":8}],"relics_obtained":[{"floor":9,"key":"Orichalcum"},{"floor":23,"key":"Sundial"},{"floor":23,"key":"Tingsha"},{"floor":26,"key":"Art of War"},{"floor":28,"key":"Du-Vu Doll"},{"floor":28,"key":"Calipers"},{"floor":30,"key":"Pear"},{"floor":30,"key":"Kunai"}],"event_choices":[{"event_name":"Golden Wing","player_choice":"Card Removal","floor":2,"damage_taken":0},{"event_name":"World of Goop","player_choice":"Gather Gold","floor":3,"damage_taken":0},{"event_name":"Big Fish","player_choice":"Donut","floor":5,"damage_taken":0},{"event_name":"Dead Adventurer","player_choice":"Searched \u00271\u0027 times","floor":8,"damage_taken":0},{"event_name":"The Woman in Blue","player_choice":"Bought 0 Potions","floor":13,"damage_taken":0},{"event_name":"The Lab","player_choice":"Got Potions","floor":21,"damage_taken":0},{"event_name":"Beggar","player_choice":"Gave Gold","floor":22,"damage_taken":0},{"event_name":"The Library","player_choice":"Heal","floor":29,"damage_taken":0},{"event_name":"Addict","player_choice":"Obtained Relic","floor":31,"damage_taken":0}],"boss_relics":[{"not_picked":["Runic Pyramid","Tiny House"],"picked":"Black Star"}],"items_purged_floors":[12],"potions_floor_spawned":[4,11,14,16,19,23,30],"seed_played":"6441358496323063697","killed_by":"Champ","ascension_level":10,"potions_obtained":[],"is_trial":false}