{"gold_per_floor":[19,33,33,33,47,47,379,379,379,392,392,424,424,440,440,511,511,511,511,139,139,139,139,139,139,139,139,139,139,39,39,39,39,39,39,39,39,39,39,39,39,39,39,39,39,39,39,39,39,39],"floor_reached":50,"playtime":1872,"items_purged":["Strike_R","Strike_R+1"],"score":1081,"play_id":"ca565788-fbff-497f-ab4c-283810a12922","local_time":"20190428161431","is_ascension_mode":true,"campfire_choices":[{"data":"Rampage","floor":6,"key":"SMITH"},{"data":"Shrug It Off","floor":8,"key":"SMITH"},{"data":"Shrug It Off","floor":13,"key":"SMITH"},{"data":"Defend_R","floor":15,"key":"SMITH"},{"data":"Double Tap","floor":23,"key":"SMITH"},{"data":"Headbutt","floor":29,"key":"SMITH"},{"data":"Bash","floor":32,"key":"SMITH"},{"floor":41,"key":"REST"},{"floor":46,"key":"REST"},{"floor":49,"key":"REST"}],"neow_cost":"NO_GOLD","seed_source_timestamp":3088718707432051,"circlet_count":0,"master_deck":["AscendersBane","Strike_R+1","Defend_R+1","Bash+1","Rampage+1","Headbutt+1","Shrug It Off+1","Shrug It Off+1","Double Tap+1","Shrug It Off+1","Shrug It Off+1","Dual Wield+1","Barricade","Madness+1","Madness+1"],"relics":["Burning Blood","Old Coin","Pear","Whetstone","Ectoplasm","Toxic Egg 2","Singing Bowl","Mercury Hourglass","Philosopher\u0027s Stone","Omamori","Sundial","Darkstone Periapt"],"potions_floor_usage":[27,45,50],"damage_taken":[{"damage":15,"enemies":"Small Slimes","floor":1,"turns":3},{"damage":3,"enemies":"2 Louse","floor":2,"turns":3},{"damage":0,"enemies":"Jaw Worm","floor":5,"turns":5},{"damage":32,"enemies":"Gremlin Nob","floor":7,"turns":4},{"damage":2,"enemies":"Blue Slaver","floor":10,"turns":3},{"damage":36,"enemies":"Lagavulin","floor":12,"turns":8},{"damage":2,"enemies":"Exordium Wildlife","floor":14,"turns":6},{"damage":11,"enemies":"The Guardian","floor":16,"turns":10},{"damage":10,"enemies":"Shell Parasite","floor":18,"turns":5},{"damage":0,"enemies":"Spheric Guardian","floor":22,"turns":5},{"damage":12,"enemies":"Shelled Parasite and Fungi","floor":25,"turns":5},{"damage":0,"enemies":"Cultist and Chosen","floor":27,"turns":3},{"damage":0,"enemies":"Chosen and Byrds","floor":28,"turns":3},{"damage":0,"enemies":"Snecko","floor":31,"turns":3},{"damage":19,"enemies":"Champ","floor":33,"turns":9},{"damage":1,"enemies":"Orb Walker","floor":35,"turns":3},{"damage":6,"enemies":"3 Darklings","floor":36,"turns":3},{"damage":18,"enemies":"4 Shapes","floor":38,"turns":4},{"damage":6,"enemies":"Maw","floor":39,"turns":5},{"damage":46,"enemies":"Nemesis","floor":40,"turns":7},{"damage":53,"enemies":"Giant Head","floor":42,"turns":7},{"damage":2,"enemies":"Sphere and 2 Shapes","floor":44,"turns":5},{"damage":5,"enemies":"Writhing Mass","floor":45,"turns":7},{"damage":0,"enemies":"Spire Growth","floor":48,"turns":3},{"damage":109,"enemies":"Time Eater","floor":50,"turns":8}],"seed_played":"-5571839614204996957","potions_obtained":[{"floor":5,"key":"Dexterity Potion"},{"floor":10,"key":"Swift Potion"},{"floor":16,"key":"Block Potion"},{"floor":31,"key":"FearPotion"},{"floor":45,"key":"Fire Potion"}],"is_trial":false,"path_per_floor":["M","M","?","?","M","R","E","R","T","M","?","E","R","M","R","B",null,"M","?","$","?","M","R","T","M","T","M","M","R","$","M","R","B",null,"M","M","?","M","M","E","R","E","T","M","M","R","?","M","R","B"],"character_chosen":"IRONCLAD","items_purchased":["Toxic Egg 2","Shrug It Off+1"],"campfire_rested":3,"item_purchase_floors":[20,20],"current_hp_per_floor":[59,62,55,60,66,66,40,40,50,54,54,24,24,28,28,23,73,69,69,69,69,75,75,75,71,71,79,87,87,87,93,93,82,94,100,100,100,90,92,54,85,40,40,44,47,80,60,68,101,0],"gold":39,"neow_bonus":"TRANSFORM_TWO_CARDS","is_prod":false,"is_daily":false,"chose_seed":false,"campfire_upgraded":7,"win_rate":0,"timestamp":1556464471,"path_taken":["M","M","?","?","M","R","E","R","T","?","?","E","R","M","R","BOSS","M","?","$","?","M","R","?","?","T","M","M","R","$","M","R","BOSS","M","M","?","?","M","E","R","E","T","M","M","R","?","M","R","BOSS"],"build_version":"2019-01-23","purchased_purges":2,"victory":false,"max_hp_per_floor":[75,75,75,80,80,80,80,80,90,90,90,90,90,90,90,90,90,90,90,90,90,90,90,90,92,92,94,96,96,96,96,96,98,98,100,100,100,102,104,106,106,108,108,108,110,110,110,112,112,112],"card_choices":[{"not_picked":["Infernal Blade","Reckless Charge"],"picked":"Shrug It Off","floor":1},{"not_picked":["Clash","Wild Strike"],"picked":"Shrug It Off","floor":2},{"not_picked":["True Grit","Body Slam","Fire Breathing"],"picked":"SKIP","floor":5},{"not_picked":["Heavy Blade","Twin Strike","Shockwave"],"picked":"SKIP","floor":7},{"not_picked":["Fiend Fire","Warcry","Rampage"],"picked":"SKIP","floor":10},{"not_picked":["Clothesline","Body Slam","Perfected Strike"],"picked":"SKIP","floor":12},{"not_picked":["Pommel Strike","Anger","Shockwave"],"picked":"SKIP","floor":14},{"not_picked":["Berserk","Impervious"],"picked":"Double Tap","floor":16},{"not_picked":["Second Wind","Havoc","Thunderclap"],"picked":"SKIP","floor":18},{"not_picked":["Whirlwind","Disarm+1","Carnage"],"picked":"SKIP","floor":22},{"not_picked":["Uppercut","Sword Boomerang","Fire Breathing"],"picked":"Singing Bowl","floor":25},{"not_picked":["Clash","Headbutt","Cleave"],"picked":"Singing Bowl","floor":27},{"not_picked":["Clothesline","Pommel Strike","Armaments+1"],"picked":"Singing Bowl","floor":28},{"not_picked":["Sever Soul","Warcry+1"],"picked":"Shrug It Off+1","floor":31},{"not_picked":["Double Tap+1","Feed","Fiend Fire"],"picked":"Singing Bowl","floor":33},{"not_picked":["Hemokinesis","Cleave","Bloodletting+1"],"picked":"Singing Bowl","floor":35},{"not_picked":["Spot Weakness+1","Bloodletting+1"],"picked":"Dual Wield+1","floor":36},{"not_picked":["Burning Pact+1","Body Slam","Power Through+1"],"picked":"Singing Bowl","floor":38},{"not_picked":["Sword Boomerang","Infernal Blade+1","Armaments+1"],"picked":"Singing Bowl","floor":39},{"not_picked":["Feel No Pain","Disarm+1","Shrug It Off+1"],"picked":"Singing Bowl","floor":40},{"not_picked":["Intimidate+1","Iron Wave","Corruption+1"],"picked":"Singing Bowl","floor":42},{"not_picked":["Corruption","Body Slam+1"],"picked":"Barricade","floor":44},{"not_picked":["Power Through+1","Wild Strike","Dropkick+1"],"picked":"Singing Bowl","floor":45},{"not_picked":["Shrug It Off+1","Dropkick","Twin Strike"],"picked":"Singing Bowl","floor":48}],"player_experience":234090,"relics_obtained":[{"floor":7,"key":"Old Coin"},{"floor":9,"key":"Pear"},{"floor":12,"key":"Whetstone"},{"floor":24,"key":"Singing Bowl"},{"floor":26,"key":"Mercury Hourglass"},{"floor":40,"key":"Omamori"},{"floor":42,"key":"Sundial"},{"floor":43,"key":"Darkstone Periapt"}],"event_choices":[{"cards_removed":["Defend_R"],"damage_healed":0,"gold_gain":0,"player_choice":"Card Removal","damage_taken":7,"max_hp_gain":0,"max_hp_loss":0,"event_name":"Golden Wing","floor":3,"gold_loss":0},{"damage_healed":0,"gold_gain":0,"player_choice":"Donut","damage_taken":0,"max_hp_gain":5,"max_hp_loss":0,"event_name":"Big Fish","floor":4,"gold_loss":0},{"cards_removed":["Defend_R"],"damage_healed":0,"gold_gain":0,"player_choice":"Forget","damage_taken":0,"max_hp_gain":0,"max_hp_loss":0,"event_name":"Living Wall","floor":11,"gold_loss":0},{"damage_healed":0,"gold_gain":0,"player_choice":"Ignored","damage_taken":0,"max_hp_gain":0,"max_hp_loss":0,"event_name":"The Mausoleum","floor":19,"gold_loss":0},{"cards_removed":["Defend_R"],"damage_healed":0,"gold_gain":0,"player_choice":"Elegance","damage_taken":0,"max_hp_gain":0,"max_hp_loss":0,"event_name":"Back to Basics","floor":21,"gold_loss":0},{"damage_healed":0,"gold_gain":300,"player_choice":"Gold","damage_taken":0,"max_hp_gain":0,"max_hp_loss":0,"event_name":"Wheel of Change","floor":37,"gold_loss":0},{"damage_healed":0,"gold_gain":0,"player_choice":"Embrace Madness","damage_taken":20,"max_hp_gain":0,"max_hp_loss":0,"event_name":"Winding Halls","floor":47,"gold_loss":0,"cards_obtained":["Madness","Madness"]}],"is_beta":false,"boss_relics":[{"not_picked":["Black Blood","Coffee Dripper"],"picked":"Ectoplasm"},{"not_picked":["Tiny House","Lizard Tail"],"picked":"Philosopher\u0027s Stone"}],"items_purged_floors":[20,30],"is_endless":false,"potions_floor_spawned":[5,10,16,25,31,39,42,44,45],"killed_by":"Time Eater","ascension_level":19}