{"gold_per_floor":[114,189,189,114,124,153,169,189,189,214,234,234,254,219,219,318,318,332,432,432,432,432,460,460,460,487,91,91,6,6,19,19,119,169,187,197,197,244,1243,1573,1573,1573,1573,1591,1606,693,706,706,706,706],"floor_reached":50,"playtime":4211,"items_purged":["Regret","Writhe","Defend_R"],"score":753,"play_id":"61d3fb71-816f-4552-b8fc-9ada5b424828","local_time":"20190108184706","is_ascension_mode":true,"campfire_choices":[{"data":"Flame Barrier","floor":15,"key":"SMITH"},{"data":"Pommel Strike","floor":24,"key":"SMITH"},{"floor":30,"key":"REST"},{"floor":32,"key":"REST"},{"floor":41,"key":"REST"},{"floor":49,"key":"REST"}],"neow_cost":"NONE","seed_source_timestamp":1211257148734207,"circlet_count":0,"master_deck":["Strike_R","Strike_R","Strike_R","Defend_R","Defend_R","Defend_R","Headbutt","Iron Wave","Uppercut","Juggernaut","Thunderclap+1","Cleave+1","Clash","Flame Barrier+1","Offering","Offering+1","Anger+1","Uppercut+1","Entrench+1","Rage","Pommel Strike+1","Battle Trance+1","Armaments+1","Reaper","Body Slam+1","Body Slam+1","Cleave+1","Thunderclap+1"],"special_seed":0,"relics":["Burning Blood","NeowsBlessing","Regal Pillow","Champion Belt","Self Forming Clay","Juzu Bracelet","Anchor","Astrolabe","WingedGreaves","Bottled Flame","Paper Frog","MutagenicStrength","Boot","Omamori","Bronze Scales","Strawberry","Dream Catcher","Dodecahedron","Tiny House","GremlinMask","Girya","Old Coin","Sundial","Peace Pipe","StoneCalendar","Pantograph","HandDrill"],"potions_floor_usage":[19,19,19,40,45,47,47,50,50],"damage_taken":[{"damage":0,"enemies":"Jaw Worm","floor":1,"turns":1},{"damage":0,"enemies":"Small Slimes","floor":5,"turns":1},{"damage":0,"enemies":"Lagavulin","floor":6,"turns":1},{"damage":2,"enemies":"2 Louse","floor":7,"turns":2},{"damage":10,"enemies":"Exordium Wildlife","floor":8,"turns":3},{"damage":21,"enemies":"3 Sentries","floor":10,"turns":6},{"damage":6,"enemies":"Blue Slaver","floor":11,"turns":3},{"damage":15,"enemies":"Large Slime","floor":13,"turns":6},{"damage":53,"enemies":"Hexaghost","floor":16,"turns":11},{"damage":22,"enemies":"3 Byrds","floor":18,"turns":4},{"damage":12,"enemies":"Colosseum Slavers","floor":19,"turns":4},{"damage":15,"enemies":"Colosseum Nobs","floor":19,"turns":4},{"damage":21,"enemies":"Slavers","floor":23,"turns":4},{"damage":18,"enemies":"Spheric Guardian","floor":31,"turns":4},{"damage":60,"enemies":"Automaton","floor":33,"turns":8},{"damage":37,"enemies":"3 Shapes","floor":35,"turns":5},{"damage":13,"enemies":"3 Darklings","floor":36,"turns":5},{"damage":45,"enemies":"2 Orb Walkers","floor":38,"turns":6},{"damage":12,"enemies":"Reptomancer","floor":40,"turns":4},{"damage":35,"enemies":"4 Shapes","floor":44,"turns":5},{"damage":6,"enemies":"Jaw Worm Horde","floor":45,"turns":3},{"damage":21,"enemies":"Sphere and 2 Shapes","floor":47,"turns":4},{"damage":113,"enemies":"Awakened One","floor":50,"turns":11}],"seed_played":"8783390039300471467","potions_obtained":[{"floor":1,"key":"EssenceOfSteel"},{"floor":10,"key":"Block Potion"},{"floor":11,"key":"SpeedPotion"},{"floor":13,"key":"GamblersBrew"},{"floor":33,"key":"Dexterity Potion"},{"floor":34,"key":"Weak Potion"},{"floor":38,"key":"Strength Potion"},{"floor":45,"key":"Regen Potion"},{"floor":47,"key":"AttackPotion"}],"is_trial":false,"path_per_floor":["M","?","?","$","M","E","M","M","T","E","M","T","M","?","R","B",null,"M","?","?","T","?","E","R","?","T","$","$","?","R","M","R","B",null,"M","M","?","?","?","E","R","T","T","M","M","$","M","?","R","B"],"character_chosen":"IRONCLAD","items_purchased":["Strawberry","Dream Catcher","StoneCalendar","Pantograph","HandDrill","PowerPotion"],"campfire_rested":4,"item_purchase_floors":[27,27,46,46,46,46],"current_hp_per_floor":[80,69,69,69,75,80,80,76,76,61,61,61,52,72,72,25,80,64,49,49,49,49,34,34,34,34,41,41,41,82,70,87,33,92,76,69,69,44,44,56,92,92,92,63,63,63,48,48,90,0],"gold":706,"neow_bonus":"THREE_ENEMY_KILL","is_prod":false,"is_daily":false,"chose_seed":false,"campfire_upgraded":2,"win_rate":0,"timestamp":1546973226,"path_taken":["M","?","?","$","M","E","M","M","T","E","M","?","M","?","R","BOSS","M","?","?","?","?","E","R","?","T","?","$","?","R","M","R","BOSS","M","M","?","?","?","E","R","?","T","M","M","$","M","?","R","BOSS"],"build_version":"2019-01-03v4","purchased_purges":3,"victory":false,"max_hp_per_floor":[80,80,80,80,80,80,80,80,80,80,80,80,80,80,80,80,80,80,80,80,80,80,80,80,80,80,87,87,87,87,87,87,87,92,92,92,92,92,92,92,92,92,92,92,92,92,92,92,92,92],"card_choices":[{"not_picked":["Dual Wield","Heavy Blade"],"picked":"Headbutt","floor":1},{"not_picked":["Shrug It Off","Armaments"],"picked":"Iron Wave","floor":5},{"not_picked":["Ghostly Armor","Corruption"],"picked":"Uppercut","floor":6},{"not_picked":["Iron Wave","Body Slam"],"picked":"Juggernaut","floor":7},{"not_picked":["Wild Strike","Heavy Blade"],"picked":"Thunderclap","floor":8},{"not_picked":["Iron Wave","Thunderclap"],"picked":"Cleave","floor":10},{"not_picked":["Thunderclap","Anger"],"picked":"Clash","floor":11},{"not_picked":["Perfected Strike","Impervious"],"picked":"Flame Barrier","floor":13},{"not_picked":["Berserk","Brutality"],"picked":"Offering","floor":16},{"not_picked":["Wild Strike","Flex","Clash"],"picked":"SKIP","floor":18},{"not_picked":["Wild Strike","Pommel Strike"],"picked":"Entrench+1","floor":19},{"not_picked":["Feel No Pain","Body Slam+1"],"picked":"Pommel Strike","floor":23},{"not_picked":["Wild Strike","Shrug It Off"],"picked":"Battle Trance+1","floor":30},{"not_picked":["Hemokinesis","Brutality","Sever Soul"],"picked":"SKIP","floor":31},{"not_picked":["Cleave","Clash+1"],"picked":"Armaments+1","floor":32},{"not_picked":["Bludgeon","Demon Form"],"picked":"Reaper","floor":33},{"not_picked":["Bloodletting","Shrug It Off"],"picked":"Body Slam+1","floor":34},{"not_picked":["Inflame","Heavy Blade","Wild Strike+1"],"picked":"SKIP","floor":35},{"not_picked":["Ghostly Armor+1","Clothesline+1","Clash"],"picked":"SKIP","floor":36},{"not_picked":["Iron Wave","Offering"],"picked":"Body Slam+1","floor":40},{"not_picked":["Burning Pact+1","Second Wind"],"picked":"Cleave+1","floor":44},{"not_picked":["Clash+1","Headbutt+1","Clothesline+1"],"picked":"SKIP","floor":45},{"not_picked":["Entrench+1","Twin Strike+1","Heavy Blade+1"],"picked":"SKIP","floor":47},{"not_picked":["Shrug It Off+1","Carnage+1"],"picked":"Thunderclap+1","floor":49}],"player_experience":80713,"relics_obtained":[{"floor":6,"key":"Champion Belt"},{"floor":9,"key":"Self Forming Clay"},{"floor":10,"key":"Juzu Bracelet"},{"floor":12,"key":"Anchor"},{"floor":19,"key":"WingedGreaves"},{"floor":19,"key":"Bottled Flame"},{"floor":21,"key":"Paper Frog"},{"floor":23,"key":"Boot"},{"floor":26,"key":"Bronze Scales"},{"floor":38,"key":"Girya"},{"floor":40,"key":"Old Coin"},{"floor":42,"key":"Sundial"},{"floor":43,"key":"Peace Pipe"}],"event_choices":[{"damage_healed":0,"gold_gain":75,"player_choice":"Gather Gold","damage_taken":11,"max_hp_gain":0,"max_hp_loss":0,"event_name":"World of Goop","floor":2,"gold_loss":0},{"damage_healed":0,"gold_gain":0,"player_choice":"Box","damage_taken":0,"relics_obtained":["Regal Pillow"],"max_hp_gain":0,"max_hp_loss":0,"event_name":"Big Fish","floor":3,"gold_loss":0,"cards_obtained":["Regret"]},{"damage_healed":20,"gold_gain":0,"player_choice":"Healed","damage_taken":0,"max_hp_gain":0,"max_hp_loss":0,"event_name":"The Cleric","floor":14,"gold_loss":35},{"damage_healed":0,"gold_gain":0,"player_choice":"Fight","damage_taken":0,"max_hp_gain":0,"max_hp_loss":0,"event_name":"Colosseum","floor":19,"gold_loss":0},{"damage_healed":0,"gold_gain":0,"player_choice":"Fought Nobs","damage_taken":0,"max_hp_gain":0,"max_hp_loss":0,"event_name":"Colosseum","floor":19,"gold_loss":0},{"damage_healed":0,"gold_gain":0,"player_choice":"Read","damage_taken":0,"max_hp_gain":0,"max_hp_loss":0,"event_name":"The Library","floor":20,"gold_loss":0,"cards_obtained":["Rage"]},{"damage_healed":0,"gold_gain":0,"player_choice":"Inject Mutagens","damage_taken":0,"relics_obtained":["MutagenicStrength"],"max_hp_gain":0,"max_hp_loss":0,"event_name":"Drug Dealer","floor":22,"gold_loss":0},{"damage_healed":0,"gold_gain":0,"player_choice":"Opened","damage_taken":0,"relics_obtained":["Omamori"],"max_hp_gain":0,"max_hp_loss":0,"event_name":"The Mausoleum","floor":25,"gold_loss":0,"cards_obtained":["Writhe"]},{"damage_healed":0,"gold_gain":0,"player_choice":"Obtained Relic","damage_taken":0,"relics_obtained":["Dodecahedron"],"max_hp_gain":0,"max_hp_loss":0,"event_name":"Addict","floor":29,"gold_loss":85},{"damage_healed":0,"gold_gain":0,"player_choice":"Trade","damage_taken":0,"relics_obtained":["GremlinMask"],"max_hp_gain":0,"max_hp_loss":0,"event_name":"FaceTrader","floor":37,"gold_loss":0},{"damage_healed":0,"gold_gain":0,"player_choice":"Fight","damage_taken":0,"max_hp_gain":0,"max_hp_loss":0,"event_name":"Mysterious Sphere","floor":38,"gold_loss":0},{"damage_healed":0,"gold_gain":999,"player_choice":"Gold","damage_taken":0,"max_hp_gain":0,"max_hp_loss":0,"event_name":"MindBloom","floor":39,"gold_loss":0,"cards_obtained":["Normality","Normality"]},{"damage_healed":0,"gold_gain":0,"player_choice":"Forge","damage_taken":0,"max_hp_gain":0,"max_hp_loss":0,"event_name":"Accursed Blacksmith","floor":48,"gold_loss":0,"cards_upgraded":["Thunderclap"]}],"is_beta":false,"boss_relics":[{"not_picked":["Ectoplasm","Coffee Dripper"],"picked":"Astrolabe"},{"not_picked":["Black Star","Fusion Hammer"],"picked":"Tiny House"}],"items_purged_floors":[4,27,46],"is_endless":false,"potions_floor_spawned":[1,10,11,13,18,19,33,38,45,47],"killed_by":"Awakened One","ascension_level":2}