{"gold_per_floor":[119,119,137,156,176,209,209,241,293,324,324],"floor_reached":11,"playtime":898,"items_purged":[],"score":102,"play_id":"5921d9b7-41c9-4852-b11c-15ed226e4e9d","local_time":"20190108003034","is_ascension_mode":true,"campfire_choices":[{"floor":7,"key":"REST"}],"neow_cost":"NONE","seed_source_timestamp":1148812333796840,"circlet_count":0,"master_deck":["Strike_R","Strike_R","Strike_R","Strike_R","Strike_R","Defend_R","Defend_R","Defend_R","Defend_R","Bash","Reaper","Hemokinesis","Perfected Strike","Clothesline","Headbutt","Thunderclap","Rampage","Cleave"],"relics":["Burning Blood","WingedGreaves","Mercury Hourglass","Ancient Tea Set","Dream Catcher"],"potions_floor_usage":[11,11],"damage_taken":[{"damage":6,"enemies":"Jaw Worm","floor":1,"turns":7},{"damage":4,"enemies":"Cultist","floor":3,"turns":4},{"damage":3,"enemies":"Small Slimes","floor":4,"turns":3},{"damage":19,"enemies":"Looter","floor":5,"turns":3},{"damage":42,"enemies":"3 Sentries","floor":6,"turns":6},{"damage":31,"enemies":"Lagavulin","floor":8,"turns":5},{"damage":29,"enemies":"3 Sentries","floor":10,"turns":5},{"damage":36,"enemies":"Exordium Thugs","floor":11,"turns":3}],"seed_played":"6516419058772040334","potions_obtained":[{"floor":2,"key":"Ancient Potion"},{"floor":2,"key":"Swift Potion"},{"floor":2,"key":"FearPotion"}],"is_trial":false,"path_per_floor":["M","?","M","M","M","E","R","E","T","E","M"],"character_chosen":"IRONCLAD","items_purchased":[],"campfire_rested":1,"item_purchase_floors":[],"current_hp_per_floor":[80,80,80,80,67,39,63,38,38,23,0],"gold":324,"neow_bonus":"ONE_RANDOM_RARE_CARD","is_prod":false,"is_daily":false,"chose_seed":false,"campfire_upgraded":0,"win_rate":0,"timestamp":1546907434,"path_taken":["M","?","M","M","M","E","R","E","T","E","?"],"build_version":"2019-01-03v4","purchased_purges":0,"victory":false,"max_hp_per_floor":[80,80,80,80,80,80,80,80,80,80,80],"card_choices":[{"not_picked":["Cleave","Searing Blow"],"picked":"Hemokinesis","floor":1},{"not_picked":["Hemokinesis","Battle Trance"],"picked":"Perfected Strike","floor":3},{"not_picked":["Metallicize","Blood for Blood"],"picked":"Clothesline","floor":4},{"not_picked":["Anger","Dual Wield"],"picked":"Headbutt","floor":5},{"not_picked":["Hemokinesis","Rupture"],"picked":"Thunderclap","floor":6},{"not_picked":["Body Slam","True Grit"],"picked":"Rampage","floor":8},{"not_picked":["Fire Breathing","Anger"],"picked":"Cleave","floor":10}],"player_experience":57729,"relics_obtained":[{"floor":6,"key":"WingedGreaves"},{"floor":8,"key":"Mercury Hourglass"},{"floor":9,"key":"Ancient Tea Set"},{"floor":10,"key":"Dream Catcher"}],"event_choices":[{"damage_healed":0,"gold_gain":0,"player_choice":"Got Potions","damage_taken":0,"max_hp_gain":0,"max_hp_loss":0,"event_name":"Lab","floor":2,"gold_loss":0}],"is_beta":false,"boss_relics":[],"items_purged_floors":[],"is_endless":false,"potions_floor_spawned":[3,4,5,10],"killed_by":"Exordium Thugs","ascension_level":2}