{"path_per_floor":["M","?","M","M","?","R","M","?","T","M","?","$","M","M","R"],"character_chosen":"IRONCLAD","items_purchased":["Blood Vial"],"gold_per_floor":[119,119,129,142,142,142,157,157,157,167,167,12,25,37,37,37],"floor_reached":16,"campfire_rested":0,"playtime":339,"item_purchase_floors":[12],"current_hp_per_floor":[80,80,80,77,77,77,73,66,66,67,51,51,59,65,65,65],"items_purged":[],"gold":37,"score":94,"play_id":"a339f6bc-5e26-4bed-b706-9b19a8a20b3e","local_time":"20180608181314","is_prod":false,"is_daily":false,"chose_seed":false,"is_ascension_mode":false,"campfire_upgraded":2,"win_rate":0,"timestamp":1528477994,"campfire_choices":[{"data":"Uppercut","floor":6,"key":"SMITH"},{"data":"Strike_R","floor":15,"key":"SMITH"}],"path_taken":["M","?","?","M","?","R","M","?","T","M","?","?","M","M","R","BOSS"],"build_version":"2018-06-07","seed_source_timestamp":84463832472193,"purchased_purges":0,"victory":false,"master_deck":["Strike_R","Strike_R","Strike_R+1","Strike_R","Strike_R+1","Defend_R","Defend_R","Defend_R","Uppercut+1","Cleave","Hemokinesis+1","Clash+1","Carnage+1","Limit Break"],"max_hp_per_floor":[80,80,80,80,80,80,80,80,80,80,80,80,80,80,80,80],"relics":["Burning Blood","Molten Egg 2","Blood Vial"],"card_choices":[{"not_picked":["True Grit","Havoc"],"picked":"Uppercut","floor":0},{"not_picked":["Headbutt","True Grit"],"picked":"Cleave","floor":1},{"not_picked":["Warcry","Rupture"],"picked":"Hemokinesis","floor":3},{"not_picked":["Power Through","Thunderclap","Armaments"],"picked":"SKIP","floor":4},{"not_picked":["Body Slam","True Grit","Clothesline"],"picked":"SKIP","floor":7},{"not_picked":["Metallicize","Headbutt+1"],"picked":"Clash+1","floor":10},{"not_picked":["Heavy Blade+1","Thunderclap+1"],"picked":"Carnage+1","floor":13},{"not_picked":["True Grit","Twin Strike+1"],"picked":"Limit Break","floor":14}],"player_experience":280916,"potions_floor_usage":[13,14],"damage_taken":[{"damage":0,"enemies":"Small Slimes","floor":1,"turns":3},{"damage":4,"enemies":"Cultist","floor":3,"turns":3},{"damage":9,"enemies":"Jaw Worm","floor":4,"turns":3},{"damage":10,"enemies":"Gremlin Gang","floor":7,"turns":3},{"damage":5,"enemies":"Looter","floor":10,"turns":2},{"damage":0,"enemies":"Lots of Slimes","floor":13,"turns":1},{"damage":2,"enemies":"Large Slime","floor":14,"turns":3},{"damage":0,"enemies":"Hexaghost","floor":16,"turns":1}],"relics_obtained":[{"floor":9,"key":"Molten Egg 2"}],"event_choices":[{"event_name":"Bonfire Elementals","player_choice":"BASIC","floor":2,"damage_taken":0},{"event_name":"The Lab","player_choice":"Got Potions","floor":5,"damage_taken":0},{"event_name":"Golden Wing","player_choice":"Card Removal","floor":8,"damage_taken":0},{"event_name":"Shining Light","player_choice":"Entered Light","floor":11,"damage_taken":0}],"boss_relics":[],"items_purged_floors":[],"potions_floor_spawned":[3,10,13],"seed_played":"-3672661025332946267","killed_by":"Hexaghost","ascension_level":0,"potions_obtained":[{"floor":3,"key":"Dexterity Potion"},{"floor":5,"key":"Strength Potion"},{"floor":5,"key":"SteroidPotion"},{"floor":10,"key":"AttackPotion"},{"floor":13,"key":"EssenceOfSteel"}],"is_trial":false}