{"gold_per_floor":[109,58,73,83,48,48,65,65,92,2,16,16,30,49,49,120,120,137,154,134,45,45],"floor_reached":22,"playtime":687,"items_purged":[],"score":356,"play_id":"c523d8e2-1628-485e-b998-5f3c44f5dda7","local_time":"20190429181812","is_ascension_mode":true,"campfire_choices":[{"data":"Recycle","floor":6,"key":"SMITH"},{"data":"Zap","floor":8,"key":"SMITH"},{"data":"Conserve Battery","floor":12,"key":"SMITH"},{"floor":15,"key":"REST"}],"neow_cost":"NONE","seed_source_timestamp":3648353124963407,"circlet_count":0,"master_deck":["AscendersBane","Strike_B","Strike_B+1","Strike_B+1","Strike_B","Defend_B","Defend_B","Defend_B","Defend_B","Zap+1","Dualcast","Echo Form","Recycle+1","Turbo","Leap","Loop","Turbo","Rip and Tear","Conserve Battery+1","Self Repair","Conserve Battery","Core Surge","BootSequence","White Noise","Defragment"],"relics":["Cracked Core","Whetstone","Runic Pyramid"],"potions_floor_usage":[13,19],"damage_taken":[{"damage":6,"enemies":"Cultist","floor":1,"turns":3},{"damage":4,"enemies":"Small Slimes","floor":3,"turns":3},{"damage":14,"enemies":"Jaw Worm","floor":4,"turns":4},{"damage":15,"enemies":"2 Fungi Beasts","floor":7,"turns":3},{"damage":3,"enemies":"Large Slime","floor":11,"turns":5},{"damage":13,"enemies":"Exordium Thugs","floor":13,"turns":4},{"damage":12,"enemies":"2 Fungi Beasts","floor":14,"turns":3},{"damage":24,"enemies":"The Guardian","floor":16,"turns":14},{"damage":13,"enemies":"Spheric Guardian","floor":18,"turns":5},{"damage":11,"enemies":"Shell Parasite","floor":19,"turns":7},{"damage":80,"enemies":"Cultist and Chosen","floor":22,"turns":6}],"seed_played":"4783669694463353850","potions_obtained":[{"floor":1,"key":"Ancient Potion"},{"floor":4,"key":"Fire Potion"},{"floor":13,"key":"FairyPotion"},{"floor":20,"key":"Strength Potion"}],"is_trial":false,"path_per_floor":["M","$","M","M","?","R","M","R","T","$","M","R","M","M","R","B",null,"M","M","?","$","M"],"character_chosen":"DEFECT","items_purchased":["Turbo","Rip and Tear","Defragment"],"campfire_rested":1,"item_purchase_floors":[2,10,21],"current_hp_per_floor":[58,58,54,40,57,57,42,42,42,42,39,39,26,28,49,32,61,55,58,58,58,0],"gold":45,"neow_bonus":"ONE_RANDOM_RARE_CARD","is_prod":false,"is_daily":false,"chose_seed":false,"campfire_upgraded":3,"win_rate":0,"timestamp":1556558292,"path_taken":["M","$","M","M","?","R","M","R","T","$","M","R","M","M","R","BOSS","M","M","?","?","?"],"build_version":"2019-01-23","purchased_purges":0,"victory":false,"max_hp_per_floor":[71,71,71,71,71,71,71,71,71,71,71,71,71,71,71,71,71,71,71,71,71,71],"card_choices":[{"not_picked":["BootSequence","Stack"],"picked":"Recycle","floor":1},{"not_picked":["Skim","Stack"],"picked":"Leap","floor":3},{"not_picked":["Hologram","Chaos"],"picked":"Loop","floor":4},{"not_picked":["Ball Lightning","Static Discharge"],"picked":"Turbo","floor":7},{"not_picked":["Double Energy","Tempest"],"picked":"Conserve Battery","floor":11},{"not_picked":["Storm","Heatsinks"],"picked":"Self Repair","floor":13},{"not_picked":["Steam Power","Ball Lightning"],"picked":"Conserve Battery","floor":14},{"not_picked":["Reboot","Machine Learning"],"picked":"Core Surge","floor":16},{"not_picked":["Rebound","Sunder"],"picked":"BootSequence","floor":18},{"not_picked":["Double Energy","Leap"],"picked":"White Noise","floor":19}],"player_experience":738493,"relics_obtained":[{"floor":9,"key":"Whetstone"}],"event_choices":[{"damage_healed":17,"gold_gain":0,"player_choice":"Healed","damage_taken":0,"max_hp_gain":0,"max_hp_loss":0,"event_name":"The Cleric","floor":5,"gold_loss":35},{"damage_healed":0,"gold_gain":0,"player_choice":"Bought 1 Potion","damage_taken":0,"max_hp_gain":0,"max_hp_loss":0,"event_name":"The Woman in Blue","floor":20,"gold_loss":0}],"is_beta":false,"boss_relics":[{"not_picked":["Pandora\u0027s Box","Velvet Choker"],"picked":"Runic Pyramid"}],"items_purged_floors":[],"is_endless":false,"potions_floor_spawned":[1,4,13],"killed_by":"Cultist and Chosen","ascension_level":20}