{"path_per_floor":["M","$","M","?","$","E","M","R","T","R","M","E","?","M","R","B",null,"M","M","?","M","$","R","M","R","T","M","M","R","?","M","R","B",null,"M","?","$","M","?"],"character_chosen":"IRONCLAD","items_purchased":["Whirlwind","Orichalcum","Paper Frog","Bag of Marbles","Combust"],"gold_per_floor":[119,49,60,60,60,90,104,104,184,184,196,228,228,239,239,311,311,327,341,341,354,122,122,142,142,166,184,202,202,202,222,222,295,295,308,558,124,136,136],"floor_reached":40,"campfire_rested":5,"playtime":1940,"current_hp_per_floor":[78,78,80,80,80,80,76,76,76,76,80,67,51,56,80,8,62,60,41,41,9,9,33,19,43,43,39,36,60,60,54,78,9,62,60,60,60,69,69],"items_purged":["Corruption"],"gold":136,"score":615,"play_id":"94ae368a-2b72-4145-8a40-0373a2595d75","local_time":"20180308150219","is_prod":false,"is_daily":false,"is_ascension_mode":true,"campfire_upgraded":2,"timestamp":1520521339,"path_taken":["M","$","M","?","$","E","M","R","T","R","M","E","?","M","R","BOSS","M","M","?","M","$","R","M","R","T","M","M","R","?","?","R","BOSS","M","?","$","?","?","E"],"build_version":"2018-03-01-PROD1","purchased_purges":2,"victory":false,"master_deck":["Bash","Parasite","Cleave","Whirlwind+1","Hemokinesis","Seeing Red+1","Shockwave","Flame Barrier","Offering","Thunderclap","Cleave","Infernal Blade","Clash","Blood for Blood","Searing Blow","Pommel Strike","Rupture","Clash","Offering","Bloodletting","Combust","Metallicize","Anger","Flash of Steel","Dropkick"],"max_hp_per_floor":[80,80,80,80,80,80,80,80,80,80,80,80,80,80,80,80,80,80,80,80,80,80,80,80,80,80,80,80,80,80,80,80,80,80,80,80,80,80,80],"relics":["Black Blood","NeowsBlessing","Blue Candle","Mercury Hourglass","Champion Belt","Pandora\u0027s Box","Mummified Hand","Orichalcum","Omamori","Paper Frog","Bag of Marbles"],"card_choices":[{"not_picked":["Armaments","Evolve"],"picked":"Cleave"},{"not_picked":["Body Slam","Feel No Pain"],"picked":"Hemokinesis"},{"not_picked":["Carnage","Perfected Strike"],"picked":"Seeing Red"},{"not_picked":["Disarm","Berserk"],"picked":"Shockwave"},{"not_picked":["Shrug It Off","Reckless Charge"],"picked":"Flame Barrier"},{"not_picked":["Fiend Fire","Impervious"],"picked":"Offering"},{"not_picked":["Body Slam","Infernal Blade"],"picked":"Rupture"},{"not_picked":["Clothesline","Warcry"],"picked":"Clash"},{"not_picked":["Feed","Exhume"],"picked":"Offering"},{"not_picked":["Thunderclap","Heavy Blade"],"picked":"Bloodletting"},{"not_picked":["Sever Soul","Thunderclap"],"picked":"Metallicize"}],"player_experience":222395,"potions_floor_usage":[12,16,16,16,33,33,33,40],"damage_taken":[{"damage":0,"enemies":"Small Slimes","floor":1,"turns":1},{"damage":0,"enemies":"Cultist","floor":3,"turns":1},{"damage":0,"enemies":"3 Sentries","floor":6,"turns":1},{"damage":10,"enemies":"Jaw Worm","floor":7,"turns":4},{"damage":0,"enemies":"2 Fungi Beasts","floor":11,"turns":1},{"damage":19,"enemies":"Gremlin Nob","floor":12,"turns":3},{"damage":1,"enemies":"Looter","floor":14,"turns":2},{"damage":87,"enemies":"Hexaghost","floor":16,"turns":13},{"damage":8,"enemies":"Spheric Guardian","floor":18,"turns":2},{"damage":25,"enemies":"Shell Parasite","floor":19,"turns":3},{"damage":38,"enemies":"Centurion and Healer","floor":21,"turns":4},{"damage":20,"enemies":"Snake Plant","floor":24,"turns":2},{"damage":10,"enemies":"3 Cultists","floor":27,"turns":3},{"damage":9,"enemies":"Snecko","floor":28,"turns":3},{"damage":12,"enemies":"Snake Plant","floor":31,"turns":3},{"damage":75,"enemies":"Champ","floor":33,"turns":7},{"damage":12,"enemies":"3 Darklings","floor":35,"turns":2},{"damage":1,"enemies":"Orb Walker","floor":38,"turns":2},{"damage":69,"enemies":"Nemesis","floor":40,"turns":6}],"event_choices":[{"event_name":"The Woman in Blue","player_choice":"Bought 0 Potions","floor":4,"damage_taken":0},{"event_name":"Shining Light","player_choice":"Entered Light","floor":13,"damage_taken":0},{"event_name":"The Mausoleum","player_choice":"Yes","floor":20,"damage_taken":0},{"event_name":"Back to Basics","player_choice":"Elegance","floor":30,"damage_taken":0},{"event_name":"Golden Shrine","player_choice":"Desecrate","floor":36,"damage_taken":0},{"event_name":"Match and Keep!","player_choice":"3 cards matched","floor":39,"damage_taken":0}],"boss_relics":[{"not_picked":["White Beast Statue","Snecko Eye"],"picked":"Pandora\u0027s Box"},{"not_picked":["Black Star","Runic Cube"],"picked":"Black Blood"}],"potions_floor_spawned":[7,11,12,14,16,21,27,28,35],"seed_played":"-6292339379166279485","killed_by":"Nemesis","ascension_level":13,"is_trial":false}