{"gold_per_floor":[112,26,26,36,53,53,81,91,118,118,118,132,132,132,132,132],"floor_reached":16,"playtime":421,"items_purged":[],"score":195,"play_id":"800c7e27-d901-4af6-a51c-e9a3b17da907","local_time":"20190428164055","is_ascension_mode":true,"campfire_choices":[{"data":"Bash","floor":6,"key":"SMITH"},{"data":"Dropkick","floor":11,"key":"SMITH"},{"data":"Rage","floor":13,"key":"SMITH"},{"floor":15,"key":"REST"}],"neow_cost":"NONE","seed_source_timestamp":3091755870132461,"circlet_count":0,"master_deck":["AscendersBane","Strike_R","Strike_R","Strike_R","Strike_R","Strike_R","Defend_R+1","Defend_R","Defend_R+1","Bash+1","Dropkick+1","Dropkick","Rage+1"],"relics":["Burning Blood","Orichalcum","Strawberry","Potion Belt"],"potions_floor_usage":[8,16],"damage_taken":[{"damage":2,"enemies":"Jaw Worm","floor":1,"turns":4},{"damage":8,"enemies":"Small Slimes","floor":4,"turns":3},{"damage":5,"enemies":"Cultist","floor":5,"turns":4},{"damage":46,"enemies":"3 Sentries","floor":7,"turns":13},{"damage":8,"enemies":"3 Louse","floor":8,"turns":5},{"damage":5,"enemies":"Blue Slaver","floor":12,"turns":3},{"damage":41,"enemies":"Hexaghost","floor":16,"turns":9}],"seed_played":"6324199232209643330","potions_obtained":[{"floor":1,"key":"Poison Potion"},{"floor":8,"key":"Poison Potion"}],"is_trial":false,"path_per_floor":["M","$","?","M","M","R","E","M","T","?","R","M","R","?","R","B"],"character_chosen":"IRONCLAD","items_purchased":["Dropkick"],"campfire_rested":1,"item_purchase_floors":[2],"current_hp_per_floor":[79,79,74,72,73,73,40,38,38,38,38,39,39,12,38,0],"gold":132,"neow_bonus":"TEN_PERCENT_HP_BONUS","is_prod":false,"is_daily":false,"chose_seed":false,"campfire_upgraded":3,"win_rate":0,"timestamp":1556466055,"path_taken":["M","$","?","M","M","R","E","M","T","?","R","?","R","?","R","BOSS"],"build_version":"2019-01-23","purchased_purges":0,"victory":false,"max_hp_per_floor":[82,82,82,82,82,82,89,89,89,89,89,89,89,89,89,89],"card_choices":[{"not_picked":["Dual Wield","Thunderclap"],"picked":"Dropkick","floor":1},{"not_picked":["Perfected Strike","Metallicize","Anger"],"picked":"SKIP","floor":4},{"not_picked":["Uppercut","Spot Weakness","Reckless Charge"],"picked":"SKIP","floor":5},{"not_picked":["Body Slam","Headbutt","Spot Weakness"],"picked":"SKIP","floor":7},{"not_picked":["Hemokinesis","Iron Wave","Sword Boomerang"],"picked":"SKIP","floor":8},{"not_picked":["Blood for Blood","Anger"],"picked":"Rage","floor":12}],"player_experience":236454,"relics_obtained":[{"floor":7,"key":"Strawberry"},{"floor":9,"key":"Potion Belt"}],"event_choices":[{"damage_healed":0,"gold_gain":0,"player_choice":"Success","damage_taken":5,"relics_obtained":["Orichalcum"],"max_hp_gain":0,"max_hp_loss":0,"event_name":"Scrap Ooze","floor":3,"gold_loss":0},{"cards_removed":["Defend_R"],"damage_healed":0,"gold_gain":0,"player_choice":"Offered Basic","damage_taken":0,"max_hp_gain":0,"max_hp_loss":0,"event_name":"Bonfire Elementals","floor":10,"gold_loss":0},{"damage_healed":0,"gold_gain":0,"player_choice":"Entered Light","damage_taken":27,"max_hp_gain":0,"max_hp_loss":0,"event_name":"Shining Light","floor":14,"gold_loss":0,"cards_upgraded":["Defend_R","Defend_R"]}],"is_beta":false,"boss_relics":[],"items_purged_floors":[],"is_endless":false,"potions_floor_spawned":[1,8],"killed_by":"Hexaghost","ascension_level":19}