{"gold_per_floor":[363,146,159,172,172,172,207,61,61,92,104,104,116,116,116,220,220,234,252,272,288,288,314,214,214,214,233,233,243,274,291,291,390,390,409,429,446,459,392,426,426,439,462,474,474,474,484,484],"floor_reached":48,"playtime":3850,"items_purged":["Clumsy","Strike_B"],"score":787,"play_id":"87d83f8d-c98d-4523-8d6e-63daa7551838","local_time":"20190420124809","is_ascension_mode":true,"campfire_choices":[{"data":"Zap","floor":6.0,"key":"SMITH"},{"floor":12.0,"key":"REST"},{"floor":15.0,"key":"REST"},{"data":"Defragment","floor":25.0,"key":"SMITH"},{"data":"Fission","floor":28.0,"key":"SMITH"},{"data":"Hologram","floor":32.0,"key":"SMITH"},{"data":"White Noise","floor":41,"key":"SMITH"},{"data":"Defragment","floor":45,"key":"SMITH"}],"neow_cost":"CURSE","seed_source_timestamp":0,"circlet_count":0,"master_deck":["Strike_B","Strike_B","Strike_B","Defend_B","Defend_B","Defend_B","Defend_B","Zap+1","Dualcast","Cold Snap","Ball Lightning","Genetic Algorithm+1","Reinforced Body+1","Defragment+1","Reboot","Glacier","Defragment+1","Electrodynamics","Fission+1","Hologram+1","Loop+1","Self Repair","Conserve Battery","Darkness","Darkness+1","Redo+1","White Noise+1","Parasite","Coolheaded+1","Skim+1","Heatsinks"],"special_seed":0,"relics":["Cracked Core","Prayer Wheel","Mummified Hand","Oddly Smooth Stone","StoneCalendar","Pantograph","Lizard Tail","Nunchaku","Gremlin Horn","Boot","Inserter","Cables","Smiling Mask"],"potions_floor_usage":[],"damage_taken":[{"damage":4.0,"enemies":"Jaw Worm","floor":1.0,"turns":4.0},{"damage":7.0,"enemies":"2 Louse","floor":3.0,"turns":2.0},{"damage":0.0,"enemies":"Cultist","floor":4.0,"turns":2.0},{"damage":20.0,"enemies":"Lagavulin","floor":7.0,"turns":6.0},{"damage":25.0,"enemies":"3 Sentries","floor":10.0,"turns":6.0},{"damage":0.0,"enemies":"Blue Slaver","floor":11.0,"turns":3.0},{"damage":0.0,"enemies":"Red Slaver","floor":13.0,"turns":4.0},{"damage":10.0,"enemies":"Slime Boss","floor":16.0,"turns":7.0},{"damage":0.0,"enemies":"3 Byrds","floor":18.0,"turns":2.0},{"damage":5.0,"enemies":"Spheric Guardian","floor":19.0,"turns":5.0},{"damage":6.0,"enemies":"Snecko","floor":20.0,"turns":7.0},{"damage":9.0,"enemies":"Cultist and Chosen","floor":21.0,"turns":6.0},{"damage":26.0,"enemies":"Book of Stabbing","floor":23.0,"turns":8.0},{"damage":10.0,"enemies":"Snake Plant","floor":27.0,"turns":5.0},{"damage":15.0,"enemies":"Snecko","floor":29.0,"turns":5.0},{"damage":17.0,"enemies":"Slavers","floor":30.0,"turns":4.0},{"damage":17.0,"enemies":"Cultist and Chosen","floor":31.0,"turns":7.0},{"damage":24.0,"enemies":"Champ","floor":33.0,"turns":10.0},{"damage":7,"enemies":"3 Shapes","floor":35,"turns":3},{"damage":3,"enemies":"Orb Walker","floor":36,"turns":4},{"damage":23,"enemies":"Spire Growth","floor":37,"turns":4},{"damage":4,"enemies":"Writhing Mass","floor":38,"turns":7},{"damage":7,"enemies":"Reptomancer","floor":40,"turns":5},{"damage":3,"enemies":"3 Darklings","floor":42,"turns":7},{"damage":0,"enemies":"Maw","floor":44,"turns":6},{"damage":16,"enemies":"4 Shapes","floor":47,"turns":4},{"damage":53,"enemies":"Giant Head","floor":48,"turns":11}],"seed_played":"5008395635019271539","potions_obtained":[{"floor":7.0,"key":"EssenceOfSteel"},{"floor":10.0,"key":"Dexterity Potion"},{"floor":11.0,"key":"SpeedPotion"},{"floor":20.0,"key":"Strength Potion"},{"floor":21.0,"key":"FocusPotion"},{"floor":29.0,"key":"AttackPotion"},{"floor":40,"key":"SmokeBomb"}],"is_trial":false,"path_per_floor":["M","$","M","M","?","R","E","$","T","E","M","R","M","?","R","B",null,"M","M","M","M","?","E","$","R","T","M","R","M","E","M","R","B",null,"M","M","M","M","?","E","R","M","T","M","R","?","M","E"],"character_chosen":"DEFECT","items_purchased":["Sweeping Beam","Ball Lightning","Genetic Algorithm","Oddly Smooth Stone"],"campfire_rested":2,"item_purchase_floors":[2,2,2,8],"current_hp_per_floor":[64,64,57,57,54,54,34,34,34,9,9,31,31,16,38,53,70,70,65,59,57,57,38,38,38,38,35,35,27,17,44,44,52,69,69,66,43,46,46,46,46,50,50,57,57,57,48,0],"gold":484,"neow_bonus":"TWO_FIFTY_GOLD","is_prod":false,"is_daily":false,"chose_seed":false,"campfire_upgraded":6,"win_rate":0,"timestamp":1555782489,"path_taken":["M","$","M","M","?","R","E","$","T","E","M","R","M","?","R","BOSS","M","M","M","M","?","E","$","R","T","?","R","M","E","M","R","BOSS","M","M","M","M","?","E","R","?","T","M","R","?","M","E"],"build_version":"2019-01-23","purchased_purges":2,"victory":false,"max_hp_per_floor":[75,75,75,75,75,75,75,75,75,75,75,75,75,75,75,75,75,75,75,75,75,75,75,75,75,75,75,75,75,75,75,75,75,75,75,75,75,75,75,75,75,75,75,75,75,75,75,75],"card_choices":[{"not_picked":["Stack","Beam Cell"],"picked":"Cold Snap","floor":1.0},{"not_picked":["Consume","Steam"],"picked":"Reinforced Body","floor":3.0},{"not_picked":["Hologram","Conserve Battery"],"picked":"Defragment","floor":4.0},{"not_picked":["Steam Power","Rebound","Gash"],"picked":"SKIP","floor":7.0},{"not_picked":["Chaos","Barrage"],"picked":"Reboot","floor":10.0},{"not_picked":["Doom and Gloom","Gash"],"picked":"Glacier","floor":11.0},{"not_picked":["Coolheaded","Fusion","Go for the Eyes"],"picked":"SKIP","floor":11.0},{"not_picked":["Redo","Sweeping Beam"],"picked":"Defragment","floor":13.0},{"not_picked":["Rip and Tear","Recycle"],"picked":"Electrodynamics","floor":13.0},{"not_picked":["Multi-Cast","Thunder Strike"],"picked":"Fission","floor":16.0},{"not_picked":["Sweeping Beam+1","Consume"],"picked":"Hologram","floor":18.0},{"not_picked":["Scrape","FTL","Recycle"],"picked":"SKIP","floor":18.0},{"not_picked":["Beam Cell","Hyperbeam"],"picked":"Loop+1","floor":19.0},{"not_picked":["Barrage+1","Sweeping Beam","Cold Snap"],"picked":"SKIP","floor":19.0},{"not_picked":["Turbo+1","Gash"],"picked":"Self Repair","floor":20.0},{"not_picked":["Stack","Streamline","Redo"],"picked":"SKIP","floor":20.0},{"not_picked":["Stack","Defragment","Hello World+1"],"picked":"SKIP","floor":21.0},{"not_picked":["Genetic Algorithm","Loop","Sweeping Beam"],"picked":"SKIP","floor":21.0},{"not_picked":["Hologram","Beam Cell"],"picked":"Conserve Battery","floor":23.0},{"not_picked":["Double Energy","Reinforced Body"],"picked":"Darkness","floor":27.0},{"not_picked":["FTL","Turbo","Sweeping Beam"],"picked":"SKIP","floor":27.0},{"not_picked":["Loop","Buffer"],"picked":"Darkness+1","floor":29.0},{"not_picked":["Genetic Algorithm","Reprogram+1","White Noise"],"picked":"SKIP","floor":29.0},{"not_picked":["Genetic Algorithm","Reprogram+1","White Noise"],"picked":"SKIP","floor":29.0},{"not_picked":["Turbo","Lockon","Stack"],"picked":"SKIP","floor":30.0},{"not_picked":["Rebound","Rip and Tear+1","Leap+1"],"picked":"SKIP","floor":31.0},{"not_picked":["Rebound","Recycle","Beam Cell"],"picked":"SKIP","floor":31.0},{"not_picked":["Aggregate+1","Barrage+1"],"picked":"Redo+1","floor":35},{"not_picked":["Blizzard+1","Sweeping Beam+1","Stack"],"picked":"SKIP","floor":35},{"not_picked":["Steam","Chill+1","Ball Lightning+1"],"picked":"SKIP","floor":36},{"not_picked":["Coolheaded+1","Aggregate+1","Skim"],"picked":"SKIP","floor":36},{"not_picked":["FTL+1","Double Energy"],"picked":"White Noise","floor":37},{"not_picked":["Self Repair+1","Redo+1","Cold Snap"],"picked":"SKIP","floor":37},{"not_picked":["Rebound+1","Hello World+1","Streamline+1"],"picked":"SKIP","floor":38},{"not_picked":["Capacitor","Chill","Redo+1"],"picked":"SKIP","floor":38},{"not_picked":["Ball Lightning+1","Streamline","Rebound"],"picked":"SKIP","floor":40},{"not_picked":["Sweeping Beam","Genetic Algorithm+1"],"picked":"Coolheaded+1","floor":42},{"not_picked":["Doom and Gloom+1","Turbo+1","Go for the Eyes+1"],"picked":"SKIP","floor":42},{"not_picked":["Leap","Redo"],"picked":"Skim+1","floor":44},{"not_picked":["Defragment","Double Energy","FTL"],"picked":"SKIP","floor":44},{"not_picked":["Beam Cell","Rebound+1"],"picked":"Heatsinks","floor":47},{"not_picked":["Fission","Stack+1","Double Energy+1"],"picked":"SKIP","floor":47}],"player_experience":626700,"relics_obtained":[{"floor":7.0,"key":"Mummified Hand"},{"floor":9.0,"key":"StoneCalendar"},{"floor":10.0,"key":"Pantograph"},{"floor":23.0,"key":"Nunchaku"},{"floor":26.0,"key":"Gremlin Horn"},{"floor":30.0,"key":"Boot"},{"floor":40,"key":"Smiling Mask"}],"event_choices":[{"damage_healed":0.0,"max_hp_gain":0.0,"max_hp_loss":0.0,"gold_gain":0.0,"event_name":"Scrap Ooze","player_choice":"Success","floor":5.0,"gold_loss":0.0,"damage_taken":3.0,"relics_obtained":["Prayer Wheel"]},{"damage_healed":0.0,"max_hp_gain":0.0,"max_hp_loss":0.0,"gold_gain":0.0,"event_name":"Shining Light","player_choice":"Entered Light","floor":14.0,"gold_loss":0.0,"damage_taken":15.0,"cards_upgraded":["Reinforced Body","Genetic Algorithm"]},{"damage_healed":0.0,"max_hp_gain":0.0,"max_hp_loss":0.0,"gold_gain":0.0,"event_name":"Match and Keep!","player_choice":"0 cards matched","floor":22.0,"gold_loss":0.0,"damage_taken":0.0,"cards_obtained":[]},{"damage_healed":0,"gold_gain":0,"player_choice":"Paid Gold","damage_taken":0,"relics_obtained":["Cables"],"max_hp_gain":0,"max_hp_loss":0,"event_name":"WeMeetAgain","floor":39,"gold_loss":67},{"cards_removed":["Sweeping Beam"],"damage_healed":0,"gold_gain":0,"player_choice":"Removed Attack","damage_taken":0,"max_hp_gain":0,"max_hp_loss":0,"event_name":"Falling","floor":46,"gold_loss":0}],"is_beta":false,"boss_relics":[{"not_picked":["Runic Dome","White Beast Statue"],"picked":"Lizard Tail"},{"not_picked":["Orrery","Velvet Choker"],"picked":"Inserter"}],"items_purged_floors":[2,24],"is_endless":false,"potions_floor_spawned":[7,10,11,13,20,21,23,29,40,42,44],"killed_by":"Giant Head","ascension_level":9}