{"gold_per_floor":[109,122,122,76,90,123,137,137,184,210,230,255,255,269,269,365,365,375,229,229,245,255,282,282,310,333,433,433,348,380,397,397,397],"floor_reached":33,"playtime":1243,"items_purged":[],"score":415,"play_id":"de04f51e-4316-41df-abfe-5af8f4337022","local_time":"20190110222702","is_ascension_mode":true,"campfire_choices":[{"floor":8.0,"key":"REST"},{"data":"Perfected Strike","floor":13.0,"key":"SMITH"},{"floor":15.0,"key":"REST"},{"floor":24.0,"key":"REST"},{"data":"Perfected Strike","floor":28.0,"key":"SMITH"},{"data":"Perfected Strike","floor":32.0,"key":"SMITH"}],"neow_cost":"PERCENT_DAMAGE","seed_source_timestamp":1399744815589081,"circlet_count":0,"master_deck":["Strike_R","Strike_R+1","Strike_R","Strike_R","Strike_R+1","Defend_R","Defend_R","Defend_R","Defend_R","Perfected Strike+1","Twin Strike","Perfected Strike+1","Perfected Strike+1","Reaper","Pommel Strike","Twin Strike","Headbutt","Headbutt","Writhe","Pommel Strike","Twin Strike+1","Twin Strike+1","Wild Strike","Headbutt+1"],"special_seed":0,"relics":["Burning Blood","WingedGreaves","Pantograph","Bag of Preparation","Whetstone","Frozen Egg 2","Sozu","Centennial Puzzle","Meat on the Bone","Blood Vial","Self Forming Clay","Ancient Tea Set","Charon\u0027s Ashes","Matryoshka","Happy Flower","Darkstone Periapt"],"potions_floor_usage":[],"damage_taken":[{"damage":11.0,"enemies":"Small Slimes","floor":1.0,"turns":5.0},{"damage":1.0,"enemies":"Cultist","floor":2.0,"turns":3.0},{"damage":1.0,"enemies":"2 Louse","floor":5.0,"turns":2.0},{"damage":52.0,"enemies":"Lagavulin","floor":6.0,"turns":6.0},{"damage":0.0,"enemies":"Large Slime","floor":7.0,"turns":3.0},{"damage":16.0,"enemies":"Gremlin Nob","floor":10.0,"turns":3.0},{"damage":0.0,"enemies":"3 Louse","floor":11.0,"turns":1.0},{"damage":25.0,"enemies":"3 Sentries","floor":12.0,"turns":7.0},{"damage":3.0,"enemies":"Blue Slaver","floor":14.0,"turns":2.0},{"damage":50.0,"enemies":"Hexaghost","floor":16.0,"turns":7.0},{"damage":2.0,"enemies":"Chosen","floor":18.0,"turns":3.0},{"damage":26.0,"enemies":"3 Byrds","floor":21.0,"turns":4.0},{"damage":11.0,"enemies":"Sentry and Sphere","floor":22.0,"turns":3.0},{"damage":48.0,"enemies":"Gremlin Leader","floor":23.0,"turns":6.0},{"damage":35.0,"enemies":"Book of Stabbing","floor":25.0,"turns":3.0},{"damage":9.0,"enemies":"Colosseum Slavers","floor":27.0,"turns":2.0},{"damage":26.0,"enemies":"Colosseum Nobs","floor":27.0,"turns":4.0},{"damage":22.0,"enemies":"Slavers","floor":30.0,"turns":3.0},{"damage":9.0,"enemies":"Centurion and Healer","floor":31.0,"turns":3.0},{"damage":88,"enemies":"Automaton","floor":33,"turns":6}],"seed_played":"-7896470163600202739","potions_obtained":[{"floor":2.0,"key":"LiquidBronze"},{"floor":6.0,"key":"SpeedPotion"},{"floor":10.0,"key":"Explosive Potion"},{"floor":14.0,"key":"Weak Potion"},{"floor":16.0,"key":"PowerPotion"}],"is_trial":false,"path_per_floor":["M","M","?","$","M","E","M","R","T","E","M","E","R","M","R","B",null,"M","$","?","M","M","E","R","E","T","?","R","?","E","M","R","B"],"character_chosen":"IRONCLAD","items_purchased":["Twin Strike","Centennial Puzzle"],"campfire_rested":3,"item_purchase_floors":[4,19],"current_hp_per_floor":[51,56,56,56,61,15,21,45,45,35,52,37,37,40,64,36,80,80,80,80,64,59,45,69,54,54,55,55,55,53,52,52,0],"gold":397,"neow_bonus":"ONE_RARE_RELIC","is_prod":false,"is_daily":false,"chose_seed":false,"campfire_upgraded":3,"win_rate":0,"timestamp":1547159222,"path_taken":["M","M","?","$","?","E","M","R","T","E","M","E","R","M","R","BOSS","M","$","?","M","M","E","R","E","T","?","R","?","E","M","R","BOSS"],"build_version":"2019-01-03v4","purchased_purges":0,"victory":false,"max_hp_per_floor":[80,80,80,80,80,80,80,80,80,80,80,80,80,80,80,80,80,80,80,80,80,80,80,80,80,80,80,80,80,80,80,80,80],"card_choices":[{"not_picked":["Iron Wave","Sever Soul"],"picked":"Perfected Strike","floor":1.0},{"not_picked":["Seeing Red","Carnage","Combust"],"picked":"SKIP","floor":2.0},{"not_picked":["Seeing Red","Warcry","Rupture"],"picked":"SKIP","floor":5.0},{"not_picked":["Clothesline","Entrench"],"picked":"Perfected Strike","floor":6.0},{"not_picked":["Whirlwind","Havoc"],"picked":"Perfected Strike","floor":7.0},{"not_picked":["Whirlwind","Power Through"],"picked":"Reaper","floor":10.0},{"not_picked":["Intimidate","Clash"],"picked":"Pommel Strike","floor":11.0},{"not_picked":["Armaments","Evolve"],"picked":"Twin Strike","floor":12.0},{"not_picked":["Anger","Reckless Charge"],"picked":"Headbutt","floor":14.0},{"not_picked":["Sword Boomerang","True Grit"],"picked":"Headbutt","floor":18.0},{"not_picked":["Hemokinesis+1","Intimidate"],"picked":"Pommel Strike","floor":21.0},{"not_picked":["Havoc+1","Iron Wave","Blood for Blood+1"],"picked":"SKIP","floor":22.0},{"not_picked":["Rampage","Rupture+1"],"picked":"Twin Strike+1","floor":23.0},{"not_picked":["Iron Wave","Rupture+1"],"picked":"Twin Strike+1","floor":25.0},{"not_picked":["Cleave+1","Warcry"],"picked":"Wild Strike","floor":30.0},{"not_picked":["Rampage","Spot Weakness"],"picked":"Headbutt+1","floor":31.0}],"player_experience":172560,"relics_obtained":[{"floor":6.0,"key":"Pantograph"},{"floor":9.0,"key":"Bag of Preparation"},{"floor":10.0,"key":"Whetstone"},{"floor":12.0,"key":"Frozen Egg 2"},{"floor":23.0,"key":"Blood Vial"},{"floor":25.0,"key":"Self Forming Clay"},{"floor":26.0,"key":"Ancient Tea Set"},{"floor":27.0,"key":"Charon\u0027s Ashes"},{"floor":27.0,"key":"Matryoshka"},{"floor":30.0,"key":"Darkstone Periapt"}],"event_choices":[{"cards_removed":["Bash"],"damage_healed":0.0,"max_hp_gain":0.0,"max_hp_loss":0.0,"gold_gain":0.0,"event_name":"Bonfire Elementals","player_choice":"Offered Basic","floor":3.0,"gold_loss":0.0,"damage_taken":0.0},{"damage_healed":0.0,"max_hp_gain":0.0,"max_hp_loss":0.0,"gold_gain":0.0,"event_name":"The Mausoleum","player_choice":"Opened","floor":20.0,"gold_loss":0.0,"damage_taken":0.0,"relics_obtained":["Meat on the Bone"],"cards_obtained":["Writhe"]},{"damage_healed":0.0,"max_hp_gain":0.0,"max_hp_loss":0.0,"gold_gain":0.0,"event_name":"Colosseum","player_choice":"Fight","floor":27.0,"gold_loss":0.0,"damage_taken":0.0},{"damage_healed":0.0,"max_hp_gain":0.0,"max_hp_loss":0.0,"gold_gain":0.0,"event_name":"Colosseum","player_choice":"Fought Nobs","floor":27.0,"gold_loss":0.0,"damage_taken":0.0},{"damage_healed":0.0,"max_hp_gain":0.0,"max_hp_loss":0.0,"gold_gain":0.0,"event_name":"Addict","player_choice":"Obtained Relic","floor":29.0,"gold_loss":85.0,"damage_taken":0.0,"relics_obtained":["Happy Flower"]}],"is_beta":false,"boss_relics":[{"not_picked":["White Beast Statue","Mark of Pain"],"picked":"Sozu"}],"items_purged_floors":[],"is_endless":false,"potions_floor_spawned":[2,6,10,14,16,18,22,23],"killed_by":"Automaton","ascension_level":4}