{"gold_per_floor":[115,65,65,65,25,25,43,68,115,150,150,168,193,216,216,216],"floor_reached":16,"playtime":537,"items_purged":[],"score":158,"play_id":"0319a78e-e6d8-4c3f-a318-932d73baf2c5","local_time":"20190115193121","is_ascension_mode":true,"campfire_choices":[{"data":"All Out Attack","floor":6,"key":"SMITH"},{"data":"Deflect","floor":15,"key":"SMITH"}],"neow_cost":"NONE","seed_source_timestamp":1822449743231926,"circlet_count":0,"master_deck":["AscendersBane","Defend_G","Defend_G","Defend_G","Defend_G","Defend_G","Strike_G","Strike_G","Strike_G","Strike_G","Survivor","Neutralize","Slice+1","All Out Attack+1","Acrobatics","Crippling Poison+1","Deflect+1","Dagger Throw","Riddle With Holes","Backflip"],"relics":["Coffee Dripper","Golden Idol","Bag of Preparation","Darkstone Periapt"],"potions_floor_usage":[10,13],"damage_taken":[{"damage":0,"enemies":"Small Slimes","floor":1,"turns":4},{"damage":6,"enemies":"2 Louse","floor":7,"turns":2},{"damage":0,"enemies":"Jaw Worm","floor":8,"turns":3},{"damage":17,"enemies":"Gremlin Nob","floor":10,"turns":4},{"damage":0,"enemies":"3 Louse","floor":12,"turns":1},{"damage":2,"enemies":"Exordium Thugs","floor":13,"turns":2},{"damage":0,"enemies":"2 Fungi Beasts","floor":14,"turns":2},{"damage":40,"enemies":"Hexaghost","floor":16,"turns":14}],"seed_played":"-2640513310235576331","potions_obtained":[{"floor":8,"key":"SkillPotion"},{"floor":10,"key":"SkillPotion"},{"floor":14,"key":"SmokeBomb"}],"is_trial":false,"path_per_floor":["M","?","?","?","$","R","M","M","T","E","?","M","M","M","R","B"],"character_chosen":"THE_SILENT","items_purchased":["All Out Attack"],"campfire_rested":0,"item_purchase_floors":[5],"current_hp_per_floor":[63,63,63,63,63,63,57,57,57,40,40,40,38,38,38,0],"gold":216,"neow_bonus":"BOSS_RELIC","is_prod":false,"is_daily":false,"chose_seed":false,"campfire_upgraded":2,"win_rate":0,"timestamp":1547580681,"path_taken":["M","?","?","?","?","R","M","M","T","E","?","?","M","M","R","BOSS"],"build_version":"2019-01-10","purchased_purges":0,"victory":false,"max_hp_per_floor":[70,70,65,65,65,65,65,65,65,65,65,65,65,65,65,65],"card_choices":[{"not_picked":["Tactician","Infinite Blades"],"picked":"Slice","floor":1},{"not_picked":["Slice","Terror"],"picked":"Acrobatics","floor":7},{"not_picked":["Cloak And Dagger","Finisher"],"picked":"Crippling Poison","floor":8},{"not_picked":["Dagger Spray","Outmaneuver"],"picked":"Deflect","floor":10},{"not_picked":["Sucker Punch","Tactician"],"picked":"Dagger Throw","floor":12},{"not_picked":["Slice","Masterful Stab"],"picked":"Riddle With Holes","floor":13},{"not_picked":["Eviscerate","Deadly Poison"],"picked":"Backflip","floor":14}],"player_experience":338266,"relics_obtained":[{"floor":9,"key":"Bag of Preparation"},{"floor":10,"key":"Darkstone Periapt"}],"event_choices":[{"cards_removed":["Strike_G"],"damage_healed":0,"gold_gain":0,"player_choice":"Card Removal","damage_taken":0,"max_hp_gain":0,"max_hp_loss":0,"event_name":"The Cleric","floor":2,"gold_loss":50},{"damage_healed":0,"gold_gain":0,"player_choice":"Lose Max HP","damage_taken":0,"relics_obtained":["Golden Idol"],"max_hp_gain":0,"max_hp_loss":5,"event_name":"Golden Idol","floor":3,"gold_loss":0},{"damage_healed":0,"gold_gain":0,"player_choice":"Grow","damage_taken":0,"max_hp_gain":0,"max_hp_loss":0,"event_name":"Living Wall","floor":4,"gold_loss":0,"cards_upgraded":["Slice"]},{"damage_healed":0,"gold_gain":0,"player_choice":"Forge","damage_taken":0,"max_hp_gain":0,"max_hp_loss":0,"event_name":"Accursed Blacksmith","floor":11,"gold_loss":0,"cards_upgraded":["Crippling Poison"]}],"is_beta":false,"boss_relics":[],"items_purged_floors":[],"is_endless":false,"potions_floor_spawned":[8,10,14],"killed_by":"Hexaghost","ascension_level":11}