{"gold_per_floor":[213,224,24,24,24,24,52,63,63,96,0,0,0,0,0,95,95,111,128,128,128,139,139,167,183,207,157,256,256,256,266,266,266],"floor_reached":33,"playtime":1239,"items_purged":[],"score":484,"play_id":"fed92c6c-fef2-4712-9bfc-8a90415cb0f3","local_time":"20190116174142","is_ascension_mode":true,"campfire_choices":[{"data":"Poisoned Stab","floor":6,"key":"SMITH"},{"floor":12,"key":"REST"},{"data":"Neutralize","floor":15,"key":"SMITH"},{"data":"Ghostly","floor":23,"key":"SMITH"},{"data":"Ghostly","floor":30,"key":"SMITH"},{"data":"Ghostly","floor":32,"key":"SMITH"}],"neow_cost":"NONE","seed_source_timestamp":1901571630951982,"circlet_count":0,"master_deck":["AscendersBane","Defend_G","Defend_G","Defend_G","Defend_G","Defend_G+1","Strike_G","Strike_G","Strike_G","Strike_G","Survivor","Neutralize+1","Poisoned Stab+1","Backflip","Dagger Throw","Bane","Escape Plan+1","Deflect","Sucker Punch","Backflip","Unload","Caltrops+1","PiercingWail+1","Ghostly+1","Ghostly","Ghostly","Ghostly+1","Ghostly+1","Poisoned Stab","Acrobatics","Footwork"],"relics":["Ring of the Snake","Snake Skull","Juzu Bracelet","Bottled Flame","Ancient Tea Set","Runic Dome","MutagenicStrength","Sundial","War Paint"],"potions_floor_usage":[7,7,16,24,33,33],"damage_taken":[{"damage":6,"enemies":"2 Louse","floor":1,"turns":3},{"damage":0,"enemies":"Cultist","floor":2,"turns":3},{"damage":24,"enemies":"Gremlin Nob","floor":7,"turns":4},{"damage":1,"enemies":"Small Slimes","floor":8,"turns":5},{"damage":32,"enemies":"3 Sentries","floor":10,"turns":9},{"damage":22,"enemies":"Hexaghost","floor":16,"turns":9},{"damage":11,"enemies":"Shell Parasite","floor":18,"turns":6},{"damage":22,"enemies":"2 Thieves","floor":19,"turns":4},{"damage":0,"enemies":"Snake Plant","floor":22,"turns":4},{"damage":0,"enemies":"Gremlin Leader","floor":24,"turns":6},{"damage":4,"enemies":"3 Cultists","floor":25,"turns":6},{"damage":1,"enemies":"Snecko","floor":31,"turns":5},{"damage":41,"enemies":"Champ","floor":33,"turns":13}],"seed_played":"-2040790903918512623","potions_obtained":[{"floor":1,"key":"LiquidBronze"},{"floor":2,"key":"SteroidPotion"},{"floor":7,"key":"Fruit Juice"},{"floor":16,"key":"GamblersBrew"},{"floor":24,"key":"Swift Potion"},{"floor":25,"key":"SneckoOil"}],"is_trial":false,"path_per_floor":["M","M","$","?","$","R","E","M","T","E","$","R","?","?","R","B",null,"M","M","?","?","M","R","E","M","T","?","?","?","R","M","R","B"],"character_chosen":"THE_SILENT","items_purchased":["Snake Skull","Dagger Throw","Sucker Punch","Backflip"],"campfire_rested":1,"item_purchase_floors":[3,3,11,11],"current_hp_per_floor":[57,57,57,57,57,57,38,37,37,5,5,27,27,27,27,5,58,47,25,25,25,25,25,25,21,21,21,21,33,33,32,32,0],"gold":266,"neow_bonus":"HUNDRED_GOLD","is_prod":false,"is_daily":false,"chose_seed":false,"campfire_upgraded":5,"win_rate":0,"timestamp":1547660502,"path_taken":["M","M","$","?","$","R","E","M","T","E","$","R","?","?","R","BOSS","M","M","?","?","M","R","E","M","T","?","?","?","R","M","R","BOSS"],"build_version":"2019-01-10","purchased_purges":0,"victory":false,"max_hp_per_floor":[70,70,70,70,70,70,75,75,75,75,75,75,75,75,75,75,75,75,75,75,37,37,37,37,37,37,37,37,37,37,37,37,37],"card_choices":[{"not_picked":["Deadly Poison","Bane"],"picked":"Poisoned Stab","floor":1},{"not_picked":["Crippling Poison","Prepared"],"picked":"Backflip","floor":2},{"not_picked":["Accuracy","Underhanded Strike"],"picked":"Bane","floor":7},{"not_picked":["Underhanded Strike","Dagger Spray"],"picked":"Escape Plan","floor":8},{"not_picked":["Infinite Blades","A Thousand Cuts"],"picked":"Deflect","floor":10},{"not_picked":["Doppelganger","Storm of Steel"],"picked":"Unload","floor":16},{"not_picked":["Poisoned Stab","Backstab"],"picked":"Caltrops+1","floor":18},{"not_picked":["Predator","Poisoned Stab"],"picked":"PiercingWail+1","floor":19},{"not_picked":["Dagger Throw","Setup"],"picked":"Poisoned Stab","floor":22},{"not_picked":["Underhanded Strike+1","Sucker Punch"],"picked":"Acrobatics","floor":24},{"not_picked":["Catalyst","Crippling Poison"],"picked":"Footwork","floor":25},{"not_picked":["Outmaneuver+1","Dodge and Roll","Cloak And Dagger"],"picked":"SKIP","floor":31}],"player_experience":366334,"relics_obtained":[{"floor":7,"key":"Juzu Bracelet"},{"floor":9,"key":"Bottled Flame"},{"floor":10,"key":"Ancient Tea Set"},{"floor":24,"key":"Sundial"},{"floor":26,"key":"War Paint"}],"event_choices":[{"cards_removed":["Strike_G"],"damage_healed":0,"gold_gain":0,"player_choice":"Purged","damage_taken":0,"max_hp_gain":0,"max_hp_loss":0,"event_name":"Purifier","floor":4,"gold_loss":0},{"damage_healed":0,"gold_gain":0,"player_choice":"Leave","damage_taken":0,"max_hp_gain":0,"max_hp_loss":0,"event_name":"The Cleric","floor":13,"gold_loss":0},{"damage_healed":0,"gold_gain":0,"player_choice":"Ignored","damage_taken":0,"max_hp_gain":0,"max_hp_loss":0,"event_name":"Golden Wing","floor":14,"gold_loss":0},{"damage_healed":0,"gold_gain":0,"player_choice":"Inject Mutagens","damage_taken":0,"relics_obtained":["MutagenicStrength"],"max_hp_gain":0,"max_hp_loss":0,"event_name":"Drug Dealer","floor":20,"gold_loss":0},{"damage_healed":0,"gold_gain":0,"player_choice":"Became a Ghost","damage_taken":0,"max_hp_gain":0,"max_hp_loss":38,"event_name":"Ghosts","floor":21,"gold_loss":0,"cards_obtained":["Ghostly","Ghostly","Ghostly","Ghostly","Ghostly"]},{"damage_healed":0,"gold_gain":0,"player_choice":"Bet on Murderer","damage_taken":0,"max_hp_gain":0,"max_hp_loss":0,"event_name":"The Joust","floor":27,"gold_loss":50},{"damage_healed":0,"gold_gain":99,"player_choice":"Stole From Cult","damage_taken":0,"max_hp_gain":0,"max_hp_loss":0,"event_name":"Nest","floor":28,"gold_loss":0},{"damage_healed":12,"gold_gain":0,"player_choice":"Heal","damage_taken":0,"max_hp_gain":0,"max_hp_loss":0,"event_name":"The Library","floor":29,"gold_loss":0}],"is_beta":false,"boss_relics":[{"not_picked":["Empty Cage","Lizard Tail"],"picked":"Runic Dome"}],"items_purged_floors":[],"is_endless":false,"potions_floor_spawned":[1,2,7,16,24,25],"killed_by":"Champ","ascension_level":11}