{"gold_per_floor":[213,233,17,33,53,53,84,84,109,129,142,142,142,170,170,247,247,263,8,8,22,39,39,55,69,121,121],"floor_reached":27,"playtime":912,"items_purged":[],"score":504,"play_id":"f0de210e-10ee-42f7-9dce-a069903223ae","local_time":"20190430211204","is_ascension_mode":true,"campfire_choices":[{"data":"Bash","floor":6,"key":"SMITH"},{"floor":15,"key":"REST"},{"floor":23,"key":"REST"}],"neow_cost":"NONE","seed_source_timestamp":3744962636251495,"circlet_count":0,"master_deck":["AscendersBane","Strike_R","Strike_R","Strike_R","Strike_R","Strike_R","Defend_R","Defend_R","Defend_R","Defend_R","Bash+1","Ghostly Armor","Pommel Strike","Turbo","Cleave","Terror+1","Dodge and Roll","Hello World","Ball Lightning","Adrenaline","Flying Knee","Pain","Leap","Impatience","Sucker Punch","Stack"],"relics":["Burning Blood","PrismaticShard","Anchor","Art of War","Strawberry","Fusion Hammer","Membership Card","WarpedTongs","Smiling Mask"],"potions_floor_usage":[7,14,14,16,22,22,25,25],"damage_taken":[{"damage":2,"enemies":"Cultist","floor":1,"turns":4},{"damage":9,"enemies":"Jaw Worm","floor":2,"turns":4},{"damage":10,"enemies":"Small Slimes","floor":4,"turns":4},{"damage":17,"enemies":"Exordium Thugs","floor":5,"turns":6},{"damage":29,"enemies":"Gremlin Nob","floor":7,"turns":4},{"damage":16,"enemies":"Gremlin Gang","floor":10,"turns":4},{"damage":8,"enemies":"Blue Slaver","floor":11,"turns":4},{"damage":0,"enemies":"3 Sentries","floor":14,"turns":8},{"damage":32,"enemies":"The Guardian","floor":16,"turns":12},{"damage":24,"enemies":"3 Byrds","floor":18,"turns":5},{"damage":22,"enemies":"Shell Parasite","floor":21,"turns":4},{"damage":30,"enemies":"Shelled Parasite and Fungi","floor":22,"turns":6},{"damage":3,"enemies":"Snake Plant","floor":24,"turns":4},{"damage":26,"enemies":"3 Cultists","floor":25,"turns":5},{"damage":23,"enemies":"Chosen and Byrds","floor":27,"turns":3}],"seed_played":"5736490768043719554","potions_obtained":[{"floor":1,"key":"Dexterity Potion"},{"floor":7,"key":"LiquidBronze"},{"floor":11,"key":"Dexterity Potion"},{"floor":14,"key":"PowerPotion"},{"floor":18,"key":"Poison Potion"},{"floor":22,"key":"GamblersBrew"},{"floor":24,"key":"Weak Potion"}],"is_trial":false,"path_per_floor":["M","M","$","M","M","R","E","?","T","M","M","?","?","E","R","B",null,"M","$","?","M","M","R","M","M","T","M"],"character_chosen":"IRONCLAD","items_purchased":["PrismaticShard","Membership Card","Swift Potion"],"campfire_rested":2,"item_purchase_floors":[3,19,19],"current_hp_per_floor":[72,69,69,65,54,54,31,31,31,21,19,19,19,32,56,30,69,51,51,51,35,11,35,38,18,18,0],"gold":121,"neow_bonus":"HUNDRED_GOLD","is_prod":false,"is_daily":false,"chose_seed":false,"campfire_upgraded":1,"win_rate":0,"timestamp":1556655124,"path_taken":["M","?","?","M","M","R","E","?","T","M","M","?","?","E","R","BOSS","M","$","?","?","M","R","M","M","T","M"],"build_version":"2019-01-23","purchased_purges":0,"victory":false,"max_hp_per_floor":[75,75,75,75,75,75,75,75,75,75,75,75,75,82,82,82,82,82,82,82,82,82,82,82,82,82,82],"card_choices":[{"not_picked":["Heavy Blade","Armaments"],"picked":"Ghostly Armor","floor":1},{"not_picked":["Warcry","Heavy Blade"],"picked":"Pommel Strike","floor":2},{"not_picked":["Deflect","Shrug It Off"],"picked":"Turbo","floor":4},{"not_picked":["Phantasmal Killer","Defragment"],"picked":"Cleave","floor":5},{"not_picked":["Recycle","Quick Slash"],"picked":"Terror","floor":7},{"not_picked":["Flying Knee","Rupture"],"picked":"Dodge and Roll","floor":10},{"not_picked":["Force Field","Wild Strike"],"picked":"Hello World","floor":11},{"not_picked":["Jack Of All Trades","Searing Blow"],"picked":"Ball Lightning","floor":14},{"not_picked":["Double Tap","Violence"],"picked":"Adrenaline","floor":16},{"not_picked":["Warcry","Steam"],"picked":"Flying Knee","floor":18},{"not_picked":["Dagger Spray","Dramatic Entrance"],"picked":"Leap","floor":21},{"not_picked":["Seeing Red+1","Slice+1"],"picked":"Impatience","floor":22},{"not_picked":["BootSequence","Havoc"],"picked":"Sucker Punch","floor":24},{"not_picked":["Riddle With Holes","Twin Strike"],"picked":"Stack","floor":25}],"player_experience":751985,"relics_obtained":[{"floor":7,"key":"Anchor"},{"floor":9,"key":"Art of War"},{"floor":14,"key":"Strawberry"},{"floor":26,"key":"Smiling Mask"}],"event_choices":[{"damage_healed":0,"gold_gain":0,"player_choice":"Ignored","damage_taken":0,"max_hp_gain":0,"max_hp_loss":0,"event_name":"Liars Game","floor":8,"gold_loss":0},{"damage_healed":0,"gold_gain":0,"player_choice":"Ignored","damage_taken":0,"max_hp_gain":0,"max_hp_loss":0,"event_name":"Golden Idol","floor":12,"gold_loss":0},{"damage_healed":0,"gold_gain":0,"player_choice":"Upgraded","damage_taken":0,"max_hp_gain":0,"max_hp_loss":0,"event_name":"Upgrade Shrine","floor":13,"gold_loss":0,"cards_upgraded":["Terror"]},{"damage_healed":0,"gold_gain":0,"player_choice":"Rummage","damage_taken":0,"relics_obtained":["WarpedTongs"],"max_hp_gain":0,"max_hp_loss":0,"event_name":"Accursed Blacksmith","floor":20,"gold_loss":0,"cards_obtained":["Pain"]}],"is_beta":false,"boss_relics":[{"not_picked":["Pandora\u0027s Box","Philosopher\u0027s Stone"],"picked":"Fusion Hammer"}],"items_purged_floors":[],"is_endless":false,"potions_floor_spawned":[1,7,11,14,18,22,24],"killed_by":"Chosen and Byrds","ascension_level":20}