{"path_per_floor":["M","?","?","M","M","R","M","E","T","R","$","E","M","M","R","B",null,"M","?","$","?","M","R","M","R","T"],"character_chosen":"IRONCLAD","items_purchased":["Medical Kit"],"gold_per_floor":[111,111,111,126,140,140,153,183,210,210,135,166,180,191,191,296,296,316,316,19,19,30,30,49,49,119],"floor_reached":27,"campfire_rested":2,"playtime":1065,"current_hp_per_floor":[78,78,71,73,72,72,78,60,60,60,60,54,60,66,66,45,69,53,39,39,23,15,43,42,70,70],"items_purged":["Parasite","Defend_R"],"gold":119,"score":357,"play_id":"416068bf-67ae-4b99-a979-6aa03fc92a92","local_time":"20180307185556","is_prod":false,"is_daily":false,"is_ascension_mode":true,"campfire_upgraded":3,"timestamp":1520448956,"path_taken":["M","?","?","?","M","R","M","E","T","R","?","E","M","M","R","BOSS","M","?","$","?","?","R","M","R","T","E"],"build_version":"2018-03-01-PROD1","purchased_purges":2,"victory":false,"master_deck":["Strike_R","Strike_R","Strike_R","Strike_R","Strike_R","Defend_R","Defend_R","Defend_R","Bash+1","Whirlwind+1","Heavy Blade+1","Demon Form","Flex"],"max_hp_per_floor":[80,80,80,80,80,80,80,80,80,80,77,77,77,77,77,77,77,77,82,82,82,82,82,82,82,82],"relics":["Burning Blood","Oddly Smooth Stone","Bag of Marbles","Ice Cream","Art of War","Vajra","Eternal Feather","Medical Kit","Nilry\u0027s Codex","Gremlin Horn"],"card_choices":[{"not_picked":["Twin Strike","Shockwave"],"picked":"Whirlwind"},{"not_picked":["Dropkick","Ghostly Armor"],"picked":"Heavy Blade"},{"not_picked":["Immolate","Dark Embrace"],"picked":"Demon Form"},{"not_picked":["Uppercut","Wild Strike"],"picked":"Flex"}],"player_experience":217488,"potions_floor_usage":[14,16,22,24],"damage_taken":[{"damage":0,"enemies":"2 Louse","floor":1,"turns":2},{"damage":4,"enemies":"Small Slimes","floor":4,"turns":2},{"damage":7,"enemies":"Jaw Worm","floor":5,"turns":4},{"damage":0,"enemies":"Large Slime","floor":7,"turns":4},{"damage":24,"enemies":"Gremlin Nob","floor":8,"turns":4},{"damage":12,"enemies":"3 Sentries","floor":12,"turns":3},{"damage":0,"enemies":"2 Fungi Beasts","floor":13,"turns":1},{"damage":0,"enemies":"Lots of Slimes","floor":14,"turns":2},{"damage":27,"enemies":"The Guardian","floor":16,"turns":8},{"damage":22,"enemies":"Shell Parasite","floor":18,"turns":6},{"damage":14,"enemies":"Chosen","floor":22,"turns":3},{"damage":28,"enemies":"3 Cultists","floor":24,"turns":4},{"damage":75,"enemies":"Book of Stabbing","floor":27,"turns":4}],"event_choices":[{"event_name":"Big Fish","player_choice":"Box","floor":2,"damage_taken":0},{"event_name":"Golden Wing","player_choice":"Card Removal","floor":3,"damage_taken":0},{"event_name":"Forgotten Altar","player_choice":"Shed Blood","floor":19,"damage_taken":0},{"event_name":"Cursed Tome","player_choice":"Obtained Book","floor":21,"damage_taken":0}],"boss_relics":[{"not_picked":["Calling Bell","Pandora\u0027s Box"],"picked":"Eternal Feather"}],"potions_floor_spawned":[1,5,12,14,18,22],"seed_played":"-7273540072630308031","killed_by":"Book of Stabbing","ascension_level":12,"is_trial":false}