{"gold_per_floor":[118,131,54,69,79,109,109,184,234,234,234,251,251,251,251,251],"floor_reached":16,"playtime":405,"items_purged":[],"score":200,"play_id":"b289f97f-c692-4f07-a97f-d73c95887d74","local_time":"20190429160225","is_ascension_mode":true,"campfire_choices":[{"floor":7,"key":"REST"},{"floor":15,"key":"REST"}],"neow_cost":"NONE","seed_source_timestamp":3640489201341377,"circlet_count":0,"master_deck":["AscendersBane","Strike_R","Strike_R","Strike_R","Strike_R","Strike_R","Defend_R+1","Defend_R","Defend_R","Defend_R","Bash","Rage","Shrug It Off+1","Shrug It Off","Thunderclap+1","Iron Wave","Ghostly Armor","Decay","Thunderclap"],"relics":["Burning Blood","Smiling Mask","Self Forming Clay","War Paint"],"potions_floor_usage":[6,16,16],"damage_taken":[{"damage":19,"enemies":"Jaw Worm","floor":1,"turns":4},{"damage":14,"enemies":"2 Louse","floor":2,"turns":3},{"damage":6,"enemies":"Cultist","floor":4,"turns":5},{"damage":5,"enemies":"Blue Slaver","floor":5,"turns":5},{"damage":39,"enemies":"Gremlin Nob","floor":6,"turns":5},{"damage":3,"enemies":"Looter","floor":12,"turns":4},{"damage":58,"enemies":"Slime Boss","floor":16,"turns":12}],"seed_played":"-3803672215985122500","potions_obtained":[{"floor":2,"key":"Dexterity Potion"},{"floor":5,"key":"Block Potion"},{"floor":12,"key":"Dexterity Potion"}],"is_trial":false,"path_per_floor":["M","M","$","M","M","E","R","?","T","?","?","M","?","?","R","B"],"character_chosen":"IRONCLAD","items_purchased":["Shrug It Off","Thunderclap"],"campfire_rested":2,"item_purchase_floors":[3,3],"current_hp_per_floor":[55,47,47,47,48,15,37,26,26,26,26,29,29,29,51,0],"gold":251,"neow_bonus":"RANDOM_COMMON_RELIC","is_prod":false,"is_daily":false,"chose_seed":false,"campfire_upgraded":0,"win_rate":0,"timestamp":1556550145,"path_taken":["M","M","$","M","M","E","R","?","T","?","?","?","?","?","R","BOSS"],"build_version":"2019-01-23","purchased_purges":0,"victory":false,"max_hp_per_floor":[75,75,75,75,75,75,75,75,75,75,75,75,75,75,75,75],"card_choices":[{"not_picked":["Wild Strike","Armaments"],"picked":"Rage","floor":1},{"not_picked":["Carnage","Havoc"],"picked":"Shrug It Off","floor":2},{"not_picked":["Power Through","Flex","Heavy Blade"],"picked":"SKIP","floor":4},{"not_picked":["Searing Blow","Pommel Strike"],"picked":"Iron Wave","floor":5},{"not_picked":["Combust","Perfected Strike"],"picked":"Ghostly Armor","floor":6},{"not_picked":["Disarm","Clash"],"picked":"Thunderclap","floor":12}],"player_experience":730777,"relics_obtained":[{"floor":6,"key":"Self Forming Clay"},{"floor":9,"key":"War Paint"}],"event_choices":[{"damage_healed":0,"gold_gain":75,"player_choice":"Gather Gold","damage_taken":11,"max_hp_gain":0,"max_hp_loss":0,"event_name":"World of Goop","floor":8,"gold_loss":0},{"damage_healed":0,"gold_gain":0,"player_choice":"Grow","damage_taken":0,"max_hp_gain":0,"max_hp_loss":0,"event_name":"Living Wall","floor":10,"gold_loss":0,"cards_upgraded":["Thunderclap"]},{"damage_healed":0,"gold_gain":0,"player_choice":"Cursed","damage_taken":0,"max_hp_gain":0,"max_hp_loss":0,"event_name":"Wheel of Change","floor":11,"gold_loss":0,"cards_obtained":["Decay"]},{"damage_healed":0,"gold_gain":0,"player_choice":"Ignored","damage_taken":0,"max_hp_gain":0,"max_hp_loss":0,"event_name":"Liars Game","floor":13,"gold_loss":0},{"damage_healed":0,"gold_gain":0,"player_choice":"Fled","damage_taken":0,"max_hp_gain":0,"max_hp_loss":0,"event_name":"Scrap Ooze","floor":14,"gold_loss":0}],"is_beta":false,"boss_relics":[],"items_purged_floors":[],"is_endless":false,"potions_floor_spawned":[2,5,12],"killed_by":"Slime Boss","ascension_level":20}