{"path_per_floor":["M","?","?","$","M","R","M","R","T","M","R","M","M","?","R","B",null,"M","M","?","$","?","E","$","R","T","R","M","E","M"],"character_chosen":"THE_SILENT","items_purchased":["Dagger Spray","Blood Vial","Molten Egg 2"],"gold_per_floor":[110,110,185,62,77,77,96,96,146,158,158,175,195,195,195,290,290,308,328,328,8,8,43,43,43,43,43,56,85,99],"floor_reached":31,"campfire_rested":2,"playtime":1347,"current_hp_per_floor":[70,63,52,52,52,52,51,51,51,53,53,53,52,40,61,43,66,56,47,47,47,47,28,28,50,50,50,54,27,11],"items_purged":["Defend_G","Normality"],"gold":99,"score":331,"play_id":"62598cf1-1874-4c96-94f1-0416eea68521","is_prod":false,"is_daily":false,"is_ascension_mode":true,"campfire_upgraded":4,"path_taken":["M","?","?","$","?","R","M","R","T","M","R","M","M","?","R","BOSS","M","M","?","$","?","E","$","R","T","R","M","E","M","?"],"build_version":"2018-02-15-PROD1","purchased_purges":2,"victory":false,"master_deck":["Defend_G","Defend_G","Defend_G","Strike_G","Strike_G","Strike_G","Strike_G","Survivor","Neutralize+1","Terror+1","Poisoned Stab","Dagger Spray+1","Infinite Blades","Cloak And Dagger+1","Caltrops","Quick Slash+1","Writhe","Finisher+1","Writhe","Backstab+1","Quick Slash+1","Dagger Throw+1"],"max_hp_per_floor":[70,70,70,70,70,70,70,70,70,72,72,72,72,72,72,74,74,74,76,76,76,76,76,76,76,76,76,76,76,78],"relics":["Ring of the Snake","Singing Bowl","Prayer Wheel","Cursed Key","The Courier","Blood Vial","Molten Egg 2","Happy Flower","Torii","Bird Faced Urn","Shovel"],"card_choices":[{"not_picked":["Bane","Doppelganger"],"picked":"Poisoned Stab"},{"not_picked":["Slice","Accuracy"],"picked":"Infinite Blades"},{"not_picked":["PiercingWail","Bane"],"picked":"Cloak And Dagger"},{"not_picked":["Poisoned Stab","Well Laid Plans"],"picked":"Caltrops"},{"not_picked":["PiercingWail","Sucker Punch"],"picked":"Quick Slash"},{"not_picked":["Prepared","Dagger Spray"],"picked":"Finisher"},{"not_picked":["Reflex","Finisher"],"picked":"Backstab"},{"not_picked":["Venomology","Deflect"],"picked":"Quick Slash"},{"not_picked":["Sucker Punch","Slice"],"picked":"Dagger Throw"}],"player_experience":135567,"potions_floor_usage":[10,18,23,31],"damage_taken":[{"damage":0,"enemies":"2 Louse","floor":1,"turns":3},{"damage":0,"enemies":"Jaw Worm","floor":5,"turns":3},{"damage":1,"enemies":"Cultist","floor":7,"turns":3},{"damage":0,"enemies":"2 Fungi Beasts","floor":10,"turns":3},{"damage":0,"enemies":"3 Louse","floor":12,"turns":1},{"damage":1,"enemies":"Looter","floor":13,"turns":2},{"damage":20,"enemies":"The Guardian","floor":16,"turns":10},{"damage":10,"enemies":"Chosen","floor":18,"turns":5},{"damage":11,"enemies":"Spheric Guardian","floor":19,"turns":3},{"damage":33,"enemies":"Gremlin Leader","floor":23,"turns":5},{"damage":2,"enemies":"3 Cultists","floor":28,"turns":4},{"damage":33,"enemies":"Slavers","floor":29,"turns":7},{"damage":24,"enemies":"Cultist and Chosen","floor":30,"turns":5},{"damage":17,"enemies":"Centurion and Healer","floor":31,"turns":1}],"event_choices":[{"event_name":"Golden Wing","player_choice":"Card Removal","floor":2,"damage_taken":0},{"event_name":"World of Goop","player_choice":"Gather Gold","floor":3,"damage_taken":0},{"event_name":"Scrap Ooze","player_choice":"success","floor":14,"damage_taken":12},{"event_name":"Accursed Blacksmith","player_choice":"Rummage","floor":20,"damage_taken":0},{"event_name":"The Mausoleum","player_choice":"Yes","floor":22,"damage_taken":0}],"boss_relics":[{"not_picked":["White Beast Statue","Astrolabe"],"picked":"Cursed Key"}],"potions_floor_spawned":[5,10,16,18,29,30],"seed_played":"4272290461338474365","killed_by":"Centurion and Healer","ascension_level":5,"is_trial":false}