{"gold_per_floor":[110,185,185,198,210,210,238,257,327,354,354,373,373,373,373,447,447,457,60,88,38,57,57,82,82,82,93,105,105,105,115,115,115],"floor_reached":33,"playtime":2015,"items_purged":["Strike_R"],"score":550,"play_id":"1f4266aa-7823-480f-ba90-90bb4ff4014e","local_time":"20190426165119","is_ascension_mode":true,"campfire_choices":[{"data":"Immolate","floor":6,"key":"SMITH"},{"data":"Rampage","floor":11,"key":"SMITH"},{"data":"True Grit","floor":13,"key":"SMITH"},{"data":"Shockwave","floor":15,"key":"SMITH"},{"floor":23,"key":"REST"},{"floor":25,"key":"REST"},{"data":"Bludgeon","floor":29,"key":"SMITH"},{"data":"Feel No Pain","floor":32,"key":"SMITH"}],"neow_cost":"TEN_PERCENT_HP_LOSS","seed_source_timestamp":864684245329700,"circlet_count":0,"master_deck":["AscendersBane","Strike_R","Strike_R","Strike_R","Defend_R","Defend_R","Defend_R","Defend_R","Bash","Immolate+1","Shockwave+1","Metallicize+1","Shrug It Off","Pommel Strike","Rampage+1","True Grit+1","Bludgeon+1","Thunderclap","Evolve","Feel No Pain+1","Double Tap"],"relics":["Burning Blood","Bird Faced Urn","Darkstone Periapt","PreservedInsect","Velvet Choker","Pocketwatch","Red Mask","Question Card","Kunai"],"potions_floor_usage":[10,16,31],"damage_taken":[{"damage":4,"enemies":"Small Slimes","floor":1,"turns":3},{"damage":3,"enemies":"Cultist","floor":4,"turns":3},{"damage":1,"enemies":"Jaw Worm","floor":5,"turns":3},{"damage":9,"enemies":"3 Sentries","floor":7,"turns":3},{"damage":8,"enemies":"Exordium Thugs","floor":8,"turns":4},{"damage":29,"enemies":"Gremlin Nob","floor":10,"turns":4},{"damage":3,"enemies":"Blue Slaver","floor":12,"turns":4},{"damage":35,"enemies":"The Guardian","floor":16,"turns":12},{"damage":3,"enemies":"Spheric Guardian","floor":18,"turns":3},{"damage":31,"enemies":"Masked Bandits","floor":20,"turns":4},{"damage":20,"enemies":"Shell Parasite","floor":22,"turns":5},{"damage":33,"enemies":"Gremlin Leader","floor":24,"turns":5},{"damage":2,"enemies":"Cultist and Chosen","floor":27,"turns":5},{"damage":0,"enemies":"Centurion and Healer","floor":28,"turns":5},{"damage":1,"enemies":"3 Cultists","floor":31,"turns":4},{"damage":89,"enemies":"Automaton","floor":33,"turns":8}],"seed_played":"8797496587512100152","potions_obtained":[{"floor":1,"key":"Strength Potion"},{"floor":4,"key":"Weak Potion"},{"floor":5,"key":"BloodPotion"},{"floor":24,"key":"LiquidBronze"}],"is_trial":false,"path_per_floor":["M","?","?","M","M","R","E","M","T","E","R","M","R","?","R","B",null,"M","$","?","?","M","R","E","R","T","M","M","R","?","M","R","B"],"character_chosen":"IRONCLAD","items_purchased":["Pocketwatch"],"campfire_rested":2,"item_purchase_floors":[19],"current_hp_per_floor":[68,57,57,60,65,65,62,62,62,41,41,46,46,46,46,25,57,62,62,39,39,29,49,26,46,46,54,64,64,64,68,68,0],"gold":115,"neow_bonus":"THREE_RARE_CARDS","is_prod":false,"is_daily":false,"chose_seed":false,"campfire_upgraded":6,"win_rate":0,"timestamp":1556293879,"path_taken":["M","?","?","?","?","R","E","M","T","E","R","M","R","?","R","BOSS","M","$","?","?","?","R","E","R","T","M","M","R","?","?","R","BOSS"],"build_version":"2019-01-23","purchased_purges":1,"victory":false,"max_hp_per_floor":[68,68,68,68,68,68,68,68,68,68,68,68,68,68,68,68,68,68,68,68,68,68,68,68,68,68,68,68,68,68,68,68,68],"card_choices":[{"not_picked":["Feed","Juggernaut"],"picked":"Immolate","floor":0},{"not_picked":["Warcry","Second Wind"],"picked":"Shockwave","floor":1},{"not_picked":["Reckless Charge","Body Slam"],"picked":"Shrug It Off","floor":4},{"not_picked":["Clash","Wild Strike"],"picked":"Pommel Strike","floor":5},{"not_picked":["Uppercut","Cleave","Body Slam"],"picked":"SKIP","floor":7},{"not_picked":["Cleave","Armaments"],"picked":"Rampage","floor":8},{"not_picked":["Headbutt","Searing Blow","Seeing Red"],"picked":"SKIP","floor":10},{"not_picked":["Perfected Strike","Searing Blow"],"picked":"True Grit","floor":12},{"not_picked":["Brutality","Fiend Fire"],"picked":"Bludgeon","floor":16},{"not_picked":["Sword Boomerang","Uppercut"],"picked":"Thunderclap","floor":18},{"not_picked":["Fire Breathing","Shockwave"],"picked":"Evolve","floor":20},{"not_picked":["Iron Wave","Bloodletting","Fire Breathing"],"picked":"SKIP","floor":22},{"not_picked":["Iron Wave","Entrench","Carnage"],"picked":"SKIP","floor":24},{"not_picked":["Flex","Twin Strike","Thunderclap"],"picked":"Feel No Pain","floor":27},{"not_picked":["Cleave","Hemokinesis","Flex"],"picked":"Double Tap","floor":28},{"not_picked":["Iron Wave","Sentinel","Perfected Strike","Headbutt"],"picked":"SKIP","floor":31}],"player_experience":415486,"relics_obtained":[{"floor":7,"key":"Bird Faced Urn"},{"floor":9,"key":"Darkstone Periapt"},{"floor":10,"key":"PreservedInsect"},{"floor":20,"key":"Red Mask"},{"floor":24,"key":"Question Card"},{"floor":26,"key":"Kunai"}],"event_choices":[{"damage_healed":0,"gold_gain":75,"player_choice":"Gather Gold","damage_taken":11,"max_hp_gain":0,"max_hp_loss":0,"event_name":"World of Goop","floor":2,"gold_loss":0},{"damage_healed":0,"gold_gain":0,"cards_transformed":["Strike_R"],"player_choice":"Transformed","damage_taken":0,"max_hp_gain":0,"max_hp_loss":0,"event_name":"Transmorgrifier","floor":3,"gold_loss":0,"cards_obtained":["Metallicize"]},{"damage_healed":0,"gold_gain":0,"player_choice":"0 cards matched","damage_taken":0,"max_hp_gain":0,"max_hp_loss":0,"event_name":"Match and Keep!","floor":14,"gold_loss":0,"cards_obtained":[]},{"damage_healed":0,"gold_gain":0,"player_choice":"0 cards matched","damage_taken":0,"max_hp_gain":0,"max_hp_loss":0,"event_name":"Match and Keep!","floor":14,"gold_loss":0,"cards_obtained":[]},{"damage_healed":0,"gold_gain":0,"player_choice":"Fought Bandits","damage_taken":0,"max_hp_gain":0,"max_hp_loss":0,"event_name":"Masked Bandits","floor":20,"gold_loss":0},{"damage_healed":0,"gold_gain":0,"player_choice":"Bet on Murderer","damage_taken":0,"max_hp_gain":0,"max_hp_loss":0,"event_name":"The Joust","floor":21,"gold_loss":50},{"damage_healed":0,"gold_gain":0,"player_choice":"Upgraded","damage_taken":0,"max_hp_gain":0,"max_hp_loss":0,"event_name":"Upgrade Shrine","floor":30,"gold_loss":0,"cards_upgraded":["Metallicize"]}],"is_beta":false,"boss_relics":[{"not_picked":["Ectoplasm","Runic Pyramid"],"picked":"Velvet Choker"}],"items_purged_floors":[19],"is_endless":false,"potions_floor_spawned":[1,4,5,24],"killed_by":"Automaton","ascension_level":20}