{"gold_per_floor":[113,133,133,83,103,103,30,62,89,144,169,169,0,25,25,25],"floor_reached":16,"playtime":550,"items_purged":["Strike_B"],"score":151,"play_id":"06061de3-9a75-439f-8077-1ca93355c866","local_time":"20190112173303","is_ascension_mode":true,"campfire_choices":[{"data":"Ball Lightning","floor":6,"key":"SMITH"},{"floor":12,"key":"REST"},{"floor":15,"key":"REST"}],"neow_cost":"NONE","seed_source_timestamp":1556127031108089,"circlet_count":0,"master_deck":["Strike_B","Strike_B","Defend_B","Defend_B","Defend_B","Defend_B","Zap","Dualcast","Redo","Ball Lightning+1","Skim","Conserve Battery","Reinforced Body","Steam","Skim"],"relics":["Cracked Core","Bag of Preparation","Bronze Scales","Strawberry","Boot","Ancient Tea Set","Lantern","Ice Cream"],"potions_floor_usage":[10,14,16],"damage_taken":[{"damage":0,"enemies":"Small Slimes","floor":1,"turns":3},{"damage":2,"enemies":"Jaw Worm","floor":2,"turns":3},{"damage":0,"enemies":"2 Louse","floor":5,"turns":1},{"damage":20,"enemies":"3 Sentries","floor":8,"turns":6},{"damage":12,"enemies":"Gremlin Nob","floor":10,"turns":3},{"damage":23,"enemies":"Gremlin Nob","floor":11,"turns":4},{"damage":19,"enemies":"Lagavulin","floor":14,"turns":5},{"damage":57,"enemies":"Slime Boss","floor":16,"turns":9}],"seed_played":"-4302836714327147033","potions_obtained":[{"floor":5,"key":"Explosive Potion"},{"floor":11,"key":"Dexterity Potion"},{"floor":14,"key":"Fruit Juice"}],"is_trial":false,"path_per_floor":["M","M","?","?","M","R","$","E","T","?","E","R","$","E","R","B"],"character_chosen":"DEFECT","items_purchased":["Skim","Steam","Skim"],"campfire_rested":2,"item_purchase_floors":[7,13,13],"current_hp_per_floor":[68,66,63,63,63,63,63,50,50,38,15,39,39,25,51,0],"gold":25,"neow_bonus":"RANDOM_COMMON_RELIC","is_prod":false,"is_daily":false,"chose_seed":false,"campfire_upgraded":1,"win_rate":0,"timestamp":1547314383,"path_taken":["M","M","?","?","M","R","$","E","T","?","E","R","?","E","R","BOSS"],"build_version":"2019-01-10","purchased_purges":1,"victory":false,"max_hp_per_floor":[75,75,75,75,75,75,75,82,82,82,82,82,82,87,87,87],"card_choices":[{"not_picked":["Heatsinks","Storm"],"picked":"Redo","floor":1},{"not_picked":["Coolheaded","Sweeping Beam"],"picked":"Ball Lightning","floor":2},{"not_picked":["Aggregate","Coolheaded","Streamline"],"picked":"SKIP","floor":5},{"not_picked":["Rebound","Reboot"],"picked":"Conserve Battery","floor":8},{"not_picked":["Genetic Algorithm","Aggregate"],"picked":"Reinforced Body","floor":10},{"not_picked":["Streamline","Scrape","Blizzard"],"picked":"SKIP","floor":11},{"not_picked":["Capacitor","Storm","Barrage"],"picked":"SKIP","floor":14}],"player_experience":215278,"relics_obtained":[{"floor":8,"key":"Strawberry"},{"floor":9,"key":"Boot"},{"floor":10,"key":"Ancient Tea Set"},{"floor":11,"key":"Lantern"},{"floor":14,"key":"Ice Cream"}],"event_choices":[{"damage_healed":0,"gold_gain":0,"player_choice":"Success","damage_taken":3,"relics_obtained":["Bronze Scales"],"max_hp_gain":0,"max_hp_loss":0,"event_name":"Scrap Ooze","floor":3,"gold_loss":0},{"cards_removed":["Strike_B"],"damage_healed":0,"gold_gain":0,"player_choice":"Card Removal","damage_taken":0,"max_hp_gain":0,"max_hp_loss":0,"event_name":"The Cleric","floor":4,"gold_loss":50},{"damage_healed":0,"gold_gain":0,"player_choice":"Searched \u00271\u0027 times","damage_taken":0,"max_hp_gain":0,"max_hp_loss":0,"event_name":"Dead Adventurer","floor":10,"gold_loss":0}],"is_beta":false,"boss_relics":[],"items_purged_floors":[13],"is_endless":false,"potions_floor_spawned":[5,11,14],"killed_by":"Slime Boss","ascension_level":6}