{"gold_per_floor":[15,15,31,42,62,95,109,34,87,87,104,139,149,176,176,279,279,298,316,335,73,85,85,85],"floor_reached":24,"playtime":1504,"items_purged":["Strike_R"],"score":278,"play_id":"8eecd802-ceca-4bc5-8e3a-4a8ac5168d6a","local_time":"20180703175624","is_ascension_mode":true,"campfire_choices":[{"floor":15,"key":"REST"},{"floor":23,"key":"REST"}],"neow_cost":"NO_GOLD","seed_source_timestamp":0,"circlet_count":0,"master_deck":["Strike_R","Strike_R","Strike_R","Strike_R","Defend_R","Defend_R","Defend_R","Defend_R","Bash","Body Slam","Shrug It Off","Disarm","Inflame","Shockwave","Battle Trance","Entrench","Immolate","Shrug It Off","Headbutt","Wild Strike","Perfected Strike","Infernal Blade+1","Rampage","Pommel Strike"],"special_seed":17715,"relics":["Burning Blood","Incense Burner","Juzu Bracelet","Anchor","Shuriken","Vajra","Orrery","Toxic Egg 2"],"potions_floor_usage":[5,6,6,14,16,19,22],"damage_taken":[{"damage":1,"enemies":"Small Slimes","floor":1,"turns":4},{"damage":9,"enemies":"Cultist","floor":3,"turns":5},{"damage":6,"enemies":"Jaw Worm","floor":4,"turns":5},{"damage":26,"enemies":"Large Slime","floor":5,"turns":9},{"damage":32,"enemies":"Lagavulin","floor":6,"turns":9},{"damage":1,"enemies":"2 Fungi Beasts","floor":7,"turns":7},{"damage":4,"enemies":"Exordium Wildlife","floor":11,"turns":4},{"damage":14,"enemies":"Gremlin Nob","floor":12,"turns":4},{"damage":1,"enemies":"Blue Slaver","floor":13,"turns":5},{"damage":24,"enemies":"Lagavulin","floor":14,"turns":9},{"damage":17,"enemies":"The Guardian","floor":16,"turns":16},{"damage":18,"enemies":"2 Thieves","floor":18,"turns":4},{"damage":25,"enemies":"Spheric Guardian","floor":19,"turns":4},{"damage":16,"enemies":"Snake Plant","floor":20,"turns":6},{"damage":11,"enemies":"3 Cultists","floor":22,"turns":6},{"damage":63,"enemies":"Book of Stabbing","floor":24,"turns":5}],"seed_played":"-5295216616361332357","potions_obtained":[{"floor":3,"key":"Regen Potion"},{"floor":4,"key":"Block Potion"},{"floor":5,"key":"GamblersBrew"},{"floor":6,"key":"SpeedPotion"},{"floor":14,"key":"AttackPotion"},{"floor":16,"key":"GamblersBrew"},{"floor":20,"key":"Fire Potion"}],"is_trial":false,"path_per_floor":["M","?","M","M","M","E","M","$","T","$","M","E","M","E","R","B",null,"M","M","M","$","M","R"],"character_chosen":"IRONCLAD","items_purchased":["Toxic Egg 2"],"campfire_rested":2,"item_purchase_floors":[21],"current_hp_per_floor":[80,80,77,77,57,43,48,48,48,48,50,42,47,29,53,42,71,59,40,30,30,25,49,0],"gold":85,"neow_bonus":"ONE_RARE_RELIC","is_prod":false,"is_daily":false,"chose_seed":false,"campfire_upgraded":0,"win_rate":0,"timestamp":1530662184,"path_taken":["M","?","M","M","M","E","M","$","T","?","M","E","M","E","R","BOSS","M","M","M","$","M","R","E"],"build_version":"2018-07-02","purchased_purges":1,"victory":false,"max_hp_per_floor":[80,80,80,80,80,80,80,80,80,80,80,80,80,80,80,80,80,80,80,80,80,80,80,80],"card_choices":[{"not_picked":["Clash","True Grit"],"picked":"Body Slam","floor":1},{"not_picked":["Rampage","Body Slam"],"picked":"Shrug It Off","floor":3},{"not_picked":["Body Slam","Juggernaut"],"picked":"Disarm","floor":4},{"not_picked":["Burning Pact","Headbutt"],"picked":"Inflame","floor":5},{"not_picked":["Rampage","True Grit","Headbutt"],"picked":"SKIP","floor":6},{"not_picked":["Warcry","Havoc"],"picked":"Shockwave","floor":7},{"not_picked":["Warcry","Spot Weakness"],"picked":"Battle Trance","floor":11},{"not_picked":["Rampage","Second Wind","Clothesline"],"picked":"SKIP","floor":12},{"not_picked":["Dark Embrace","Havoc"],"picked":"Entrench","floor":13},{"not_picked":["Combust","Warcry","Anger"],"picked":"SKIP","floor":14},{"not_picked":["Exhume","Berserk"],"picked":"Immolate","floor":16},{"not_picked":["Corruption","Armaments"],"picked":"Shrug It Off","floor":17},{"not_picked":["Armaments","True Grit"],"picked":"Headbutt","floor":17},{"not_picked":["Shockwave","Cleave"],"picked":"Wild Strike","floor":17},{"not_picked":["Metallicize","Whirlwind"],"picked":"Perfected Strike","floor":17},{"not_picked":["Dark Embrace","Hemokinesis"],"picked":"Infernal Blade+1","floor":18},{"not_picked":["Anger","Rage","Evolve+1"],"picked":"SKIP","floor":19},{"not_picked":["Flex","Cleave"],"picked":"Rampage","floor":20},{"not_picked":["Iron Wave","Whirlwind"],"picked":"Pommel Strike","floor":22}],"player_experience":430452,"relics_obtained":[{"floor":6,"key":"Juzu Bracelet"},{"floor":9,"key":"Anchor"},{"floor":12,"key":"Shuriken"},{"floor":14,"key":"Vajra"}],"event_choices":[{"event_name":"The Cleric","player_choice":"Leave","floor":2,"damage_taken":0}],"boss_relics":[{"not_picked":["Eternal Feather","Tiny House"],"picked":"Orrery"}],"items_purged_floors":[8],"is_endless":false,"potions_floor_spawned":[3,4,5,6,14,16,20],"killed_by":"Book of Stabbing","ascension_level":5}