{"gold_per_floor":[114,130,140,49,60,60,92,92,92,92,102,128,141,157,157,252,252,271,271,170,85,97,97,97,97,97,47,78,94,294,312,312,413,413,429,439,454,112,112,112,147,147,147,22,22,22,48,67,67,67],"floor_reached":50,"playtime":2427,"items_purged":["Normality","Decay","Shame","Strike_B"],"score":884,"play_id":"94f22a76-b59d-4b68-9d68-e82f36a57270","local_time":"20180712002336","is_ascension_mode":true,"campfire_choices":[{"data":"Capacitor","floor":6,"key":"SMITH"},{"floor":8,"key":"REST"},{"data":"Defragment","floor":10,"key":"SMITH"},{"floor":15,"key":"REST"},{"floor":23,"key":"REST"},{"floor":25,"key":"REST"},{"floor":32,"key":"REST"},{"floor":40,"key":"REST"},{"data":"Hologram","floor":42,"key":"SMITH"},{"floor":46,"key":"REST"},{"floor":49,"key":"REST"}],"neow_cost":"","seed_source_timestamp":20058908901592,"circlet_count":0,"master_deck":["Strike_B","Strike_B","Strike_B","Defend_B","Defend_B","Defend_B","Defend_B","Zap","Dualcast","Auto Shields","Coolheaded","Capacitor+1","Cold Snap","Leap","Defragment+1","Hologram+1","Ball Lightning","Leap","Echo Form","Static Discharge+1","Capacitor+1","Conserve Battery","Conserve Battery+1","Echo Form+1","Electrodynamics+1","Heatsinks+1","Machine Learning+1","Leap","Blizzard","Rip and Tear","Ball Lightning"],"relics":["Cracked Core","Mummified Hand","Smiling Mask","Lantern","Calling Bell","Frozen Egg 2","Omamori","Mango","Art of War","Symbiotic Virus","Ancient Tea Set","Busted Crown","Thread and Needle","Darkstone Periapt","Bottled Flame","Emotion Chip","Blood Vial"],"potions_floor_usage":[5,7,12,16,18,22,22,22,28,31,37,50,50],"damage_taken":[{"damage":0,"enemies":"Cultist","floor":1,"turns":4},{"damage":2,"enemies":"Jaw Worm","floor":2,"turns":4},{"damage":0,"enemies":"Small Slimes","floor":3,"turns":2},{"damage":6,"enemies":"2 Fungi Beasts","floor":5,"turns":5},{"damage":15,"enemies":"3 Sentries","floor":7,"turns":11},{"damage":0,"enemies":"Blue Slaver","floor":11,"turns":5},{"damage":15,"enemies":"Gremlin Nob","floor":12,"turns":4},{"damage":7,"enemies":"Looter","floor":13,"turns":2},{"damage":9,"enemies":"Exordium Thugs","floor":14,"turns":4},{"damage":31,"enemies":"The Guardian","floor":16,"turns":16},{"damage":27,"enemies":"Spheric Guardian","floor":18,"turns":6},{"damage":24,"enemies":"Chosen","floor":22,"turns":7},{"damage":52,"enemies":"Slavers","floor":28,"turns":5},{"damage":0,"enemies":"Sentry and Sphere","floor":29,"turns":4},{"damage":13,"enemies":"Slaver and Parasite","floor":31,"turns":5},{"damage":21,"enemies":"Collector","floor":33,"turns":8},{"damage":11,"enemies":"Flame Bruiser 1 Orb","floor":35,"turns":5},{"damage":0,"enemies":"3 Shapes","floor":36,"turns":6},{"damage":6,"enemies":"Transient","floor":37,"turns":5},{"damage":13,"enemies":"Nemesis","floor":41,"turns":10},{"damage":8,"floor":45,"turns":6},{"damage":31,"enemies":"Giant Head","floor":47,"turns":9},{"damage":2,"enemies":"Sphere and 2 Shapes","floor":48,"turns":3},{"damage":87,"enemies":"Awakened One","floor":50,"turns":7}],"seed_played":"7618034988814588584","potions_obtained":[{"floor":2,"key":"Poison Potion"},{"floor":5,"key":"FocusPotion"},{"floor":7,"key":"SteroidPotion"},{"floor":14,"key":"SkillPotion"},{"floor":16,"key":"SkillPotion"},{"floor":18,"key":"EntropicBrew"},{"floor":29,"key":"Weak Potion"},{"floor":36,"key":"Block Potion"},{"floor":47,"key":"AttackPotion"},{"floor":48,"key":"SteroidPotion"}],"is_trial":false,"path_per_floor":["M","M","M","$","M","R","E","R","T","R","M","E","M","M","R","B",null,"M","?","$","?","M","R","?","R","T","$","E","M","?","M","R","B",null,"M","M","M","$","?","R","E","R","T","$","?","R","E","M","R"],"character_chosen":"DEFECT","items_purchased":["Cold Snap","Go for the Eyes","Conserve Battery","Thread and Needle","Rip and Tear"],"campfire_rested":8,"item_purchase_floors":[4,4,20,38,44],"current_hp_per_floor":[68,66,66,66,60,60,45,67,67,67,67,52,45,36,58,27,77,50,50,50,50,33,59,59,85,85,85,33,33,33,20,46,25,73,62,62,56,56,56,82,69,69,69,69,61,87,56,56,82,0],"gold":67,"neow_bonus":"","is_prod":false,"is_daily":false,"chose_seed":false,"campfire_upgraded":3,"win_rate":0,"timestamp":1531376616,"path_taken":["M","M","M","?","M","R","E","R","T","R","?","E","M","M","R","BOSS","M","?","$","?","M","R","?","R","T","$","E","M","?","?","R","BOSS","M","M","M","$","?","R","E","R","T","$","?","R","E","M","R","BOSS"],"build_version":"2018-07-10","purchased_purges":4,"victory":false,"max_hp_per_floor":[75,75,75,75,75,75,75,75,75,75,75,75,75,75,75,75,89,89,89,89,89,89,89,89,89,89,89,89,89,89,89,89,89,89,89,89,89,89,89,89,89,89,89,89,89,89,89,89,89,89],"card_choices":[{"not_picked":["Redo","Leap"],"picked":"Auto Shields","floor":1},{"not_picked":["Ball Lightning","Hello World"],"picked":"Coolheaded","floor":2},{"not_picked":["Steam Power","Lockon"],"picked":"Capacitor","floor":3},{"not_picked":["Hologram","Gash"],"picked":"Leap","floor":5},{"not_picked":["Turbo","Doom and Gloom"],"picked":"Defragment","floor":7},{"not_picked":["Steam","Sweeping Beam"],"picked":"Hologram","floor":11},{"not_picked":["Meteor Strike","Darkness"],"picked":"Ball Lightning","floor":12},{"not_picked":["Reprogram","Genetic Algorithm"],"picked":"Leap","floor":13},{"not_picked":["Sweeping Beam","Melter","Steam"],"picked":"SKIP","floor":14},{"not_picked":["Seek","Electrodynamics"],"picked":"Echo Form","floor":16},{"not_picked":["Coolheaded","Steam+1"],"picked":"Static Discharge+1","floor":18},{"not_picked":["Auto Shields+1","Go for the Eyes"],"picked":"Conserve Battery+1","floor":22},{"not_picked":["Static Discharge+1","Rip and Tear"],"picked":"Electrodynamics+1","floor":28},{"not_picked":["Ball Lightning","Compile Driver+1"],"picked":"Heatsinks+1","floor":29},{"not_picked":["Reinforced Body","Sunder","Redo"],"picked":"SKIP","floor":31},{"not_picked":["All For One","Hyperbeam"],"picked":"Machine Learning+1","floor":33},{"not_picked":["Scrape"],"picked":"SKIP","floor":35},{"not_picked":[],"picked":"Leap","floor":36},{"not_picked":[],"picked":"Blizzard","floor":37},{"not_picked":["Reprogram+1"],"picked":"SKIP","floor":41},{"not_picked":[],"picked":"Ball Lightning","floor":45},{"not_picked":["Steam"],"picked":"SKIP","floor":47},{"not_picked":["Genetic Algorithm"],"picked":"SKIP","floor":48}],"player_experience":462878,"relics_obtained":[{"floor":7,"key":"Mummified Hand"},{"floor":9,"key":"Smiling Mask"},{"floor":12,"key":"Lantern"},{"floor":17,"key":"Frozen Egg 2"},{"floor":17,"key":"Omamori"},{"floor":17,"key":"Mango"},{"floor":26,"key":"Symbiotic Virus"},{"floor":28,"key":"Ancient Tea Set"},{"floor":41,"key":"Darkstone Periapt"},{"floor":43,"key":"Bottled Flame"},{"floor":45,"key":"Emotion Chip"},{"floor":47,"key":"Blood Vial"}],"event_choices":[{"event_name":"The Library","player_choice":"Read","floor":19,"damage_taken":0},{"event_name":"Addict","player_choice":"Obtained Relic","floor":21,"damage_taken":0},{"event_name":"Duplicator","player_choice":"One dupe","floor":24,"damage_taken":0},{"event_name":"The Joust","player_choice":"Bet on Owner","floor":30,"damage_taken":0},{"event_name":"Falling","player_choice":"Removed Attack","floor":39,"damage_taken":0},{"event_name":"MindBloom","player_choice":"Fight","floor":45,"damage_taken":0}],"boss_relics":[{"not_picked":["Runic Pyramid","White Beast Statue"],"picked":"Calling Bell"},{"not_picked":["Runic Dome","Philosopher\u0027s Stone"],"picked":"Busted Crown"}],"items_purged_floors":[20,27,38,44],"is_endless":false,"potions_floor_spawned":[2,5,7,14,16,18,29,36,47,48],"killed_by":"Awakened One","ascension_level":6}