{"path_per_floor":["M","M","?","$","?","R","M","M","T","E","?","R","M","?","R","B",null,"M","?","?","?","?","R"],"character_chosen":"THE_SILENT","items_purchased":["Burst"],"gold_per_floor":[109,128,128,59,59,59,73,89,141,180,210,210,229,229,229,353,353,371,371,371,371,271,271],"floor_reached":24,"campfire_rested":3,"playtime":1542,"current_hp_per_floor":[68,64,47,47,47,68,68,68,68,38,38,59,58,51,70,29,60,48,48,32,55,55,55],"items_purged":[],"gold":271,"score":240,"play_id":"2f26e7ae-d64b-4f68-9864-d9c78c5191b3","is_prod":false,"is_daily":false,"is_ascension_mode":true,"campfire_upgraded":1,"path_taken":["M","M","?","$","?","R","M","M","T","E","?","R","M","?","R","BOSS","M","?","?","?","?","R","M"],"build_version":"2018-02-22-PROD2","purchased_purges":0,"victory":false,"master_deck":["Survivor","Neutralize+1","Sucker Punch","Acrobatics","Burst","Flying Knee","Deadly Poison","Infinite Blades","Acrobatics","Venomology+1","Blade Dance","Backflip","Catalyst","Masterful Stab","Slice","Terror","Backflip","Deflect","Necronomicurse","J.A.X."],"max_hp_per_floor":[70,70,70,70,70,70,70,70,70,70,70,70,70,70,70,70,70,70,70,70,70,70,70],"relics":["Ring of the Snake","Golden Idol","Oddly Smooth Stone","Vajra","Pandora\u0027s Box","Necronomicon"],"card_choices":[{"not_picked":["Dagger Throw","Bane"],"picked":"Sucker Punch"},{"not_picked":["Infinite Blades","Outmaneuver"],"picked":"Acrobatics"},{"not_picked":["Caltrops","Sucker Punch"],"picked":"Flying Knee"},{"not_picked":["Dagger Spray","Flechettes"],"picked":"Deadly Poison"},{"not_picked":["PiercingWail","Prepared"],"picked":"Infinite Blades"},{"not_picked":["Sucker Punch","Underhanded Strike"],"picked":"Acrobatics"},{"not_picked":["A Thousand Cuts","Tools of the Trade"],"picked":"Venomology"}],"player_experience":140215,"potions_floor_usage":[16,16,18],"damage_taken":[{"damage":2,"enemies":"Cultist","floor":1,"turns":5},{"damage":4,"enemies":"Jaw Worm","floor":2,"turns":5},{"damage":0,"enemies":"Small Slimes","floor":7,"turns":4},{"damage":0,"enemies":"Gremlin Gang","floor":8,"turns":7},{"damage":30,"enemies":"3 Sentries","floor":10,"turns":10},{"damage":1,"enemies":"Large Slime","floor":13,"turns":7},{"damage":41,"enemies":"Slime Boss","floor":16,"turns":8},{"damage":12,"enemies":"Spheric Guardian","floor":18,"turns":4},{"damage":3,"enemies":"3 Byrds","floor":24,"turns":1}],"event_choices":[{"event_name":"Golden Idol","player_choice":"Take Damage","floor":3,"damage_taken":0},{"event_name":"Purifier","player_choice":"One Purge","floor":5,"damage_taken":0},{"event_name":"Dead Adventurer","player_choice":"Searched \u00271\u0027 times","floor":11,"damage_taken":0},{"event_name":"Golden Wing","player_choice":"Card Removal","floor":14,"damage_taken":0},{"event_name":"Vampires","player_choice":"Ignored","floor":19,"damage_taken":0},{"event_name":"Cursed Tome","player_choice":"Obtained Book","floor":20,"damage_taken":0},{"event_name":"The Library","player_choice":"Heal","floor":21,"damage_taken":0},{"event_name":"Drug Dealer","player_choice":"Got JAXXED","floor":22,"damage_taken":0}],"boss_relics":[{"not_picked":["Velvet Choker","The Specimen"],"picked":"Pandora\u0027s Box"}],"potions_floor_spawned":[2,10,13],"seed_played":"-4758810928872145966","killed_by":"3 Byrds","ascension_level":5,"is_trial":false}