{"gold_per_floor":[111,111,124,140,47,47,59,59,59,108,108,142,158,178,178,178],"floor_reached":16,"playtime":632,"items_purged":["Regret"],"score":194,"play_id":"0451a3cc-e95f-486f-a0a4-b5279948b6f3","local_time":"20180908230004","is_ascension_mode":true,"campfire_choices":[{"data":"Whirlwind","floor":6,"key":"SMITH"},{"data":"Bloodletting","floor":8,"key":"SMITH"},{"floor":11,"key":"REST"},{"data":"Battle Trance","floor":15,"key":"SMITH"}],"neow_cost":"NONE","seed_source_timestamp":2104413745685380,"circlet_count":0,"master_deck":["Strike_R","Strike_R","Strike_R","Strike_R","Strike_R","Defend_R","Defend_R","Defend_R","Defend_R","Bash","AscendersBane","Bloodletting+1","Impervious","Whirlwind+1","Thunderclap","Battle Trance+1"],"relics":["Burning Blood","Boot","The Courier","Ornamental Fan","Strawberry","Self Forming Clay"],"potions_floor_usage":[16,16],"damage_taken":[{"damage":1,"enemies":"2 Louse","floor":1,"turns":3},{"damage":16,"enemies":"Jaw Worm","floor":3,"turns":5},{"damage":14,"enemies":"Cultist","floor":4,"turns":4},{"damage":26,"enemies":"Exordium Thugs","floor":7,"turns":5},{"damage":16,"enemies":"3 Sentries","floor":12,"turns":4},{"damage":3,"enemies":"2 Fungi Beasts","floor":13,"turns":3},{"damage":9,"enemies":"Looter","floor":14,"turns":3},{"damage":62,"enemies":"Slime Boss","floor":16,"turns":10}],"seed_played":"7911218837210666725","potions_obtained":[{"floor":4,"key":"Dexterity Potion"},{"floor":7,"key":"Dexterity Potion"},{"floor":12,"key":"SteroidPotion"},{"floor":14,"key":"Regen Potion"}],"is_trial":false,"path_per_floor":["M","?","M","M","$","R","M","R","T","T","R","E","M","M","R"],"character_chosen":"IRONCLAD","items_purchased":["Whirlwind"],"campfire_rested":1,"item_purchase_floors":[5],"current_hp_per_floor":[73,73,63,55,55,55,35,35,35,42,66,56,59,56,56,0],"gold":178,"neow_bonus":"RANDOM_COMMON_RELIC","is_prod":false,"is_daily":false,"chose_seed":false,"campfire_upgraded":3,"win_rate":0,"timestamp":1536444004,"path_taken":["M","?","?","M","$","R","M","R","T","?","R","E","M","M","R","BOSS"],"build_version":"2018-09-06","purchased_purges":1,"victory":false,"max_hp_per_floor":[75,75,75,75,75,75,75,75,75,82,82,82,82,82,82,82],"card_choices":[{"not_picked":["Wild Strike","Perfected Strike","Havoc"],"picked":"SKIP","floor":1},{"not_picked":["Heavy Blade","True Grit"],"picked":"Bloodletting","floor":3},{"not_picked":["Corruption","Sever Soul"],"picked":"Impervious","floor":4},{"not_picked":["Carnage","Cleave"],"picked":"Thunderclap","floor":7},{"not_picked":["Twin Strike","Cleave"],"picked":"Battle Trance","floor":12},{"not_picked":["Clash","Bloodletting","Twin Strike"],"picked":"SKIP","floor":13},{"not_picked":["Feed","Thunderclap","Clash"],"picked":"SKIP","floor":14}],"player_experience":325661,"relics_obtained":[{"floor":9,"key":"Ornamental Fan"},{"floor":10,"key":"Strawberry"},{"floor":12,"key":"Self Forming Clay"}],"event_choices":[{"event_name":"Big Fish","player_choice":"Box","floor":2,"damage_taken":0}],"is_beta":false,"boss_relics":[],"items_purged_floors":[5],"is_endless":false,"potions_floor_spawned":[4,7,12,14],"killed_by":"Slime Boss","ascension_level":18}