{"path_per_floor":["M","?","?","M","?","R","E","?","T","E","R","?","$","T","R","B",null,"M","?","M","M","$","E","?","R","T","R","$","M","T","M","R"],"character_chosen":"IRONCLAD","items_purchased":["Orichalcum","Twin Strike","Mercury Hourglass"],"gold_per_floor":[112,112,112,130,130,130,170,345,394,430,430,430,149,149,149,273,273,293,293,306,324,324,367,312,312,312,312,69,92,164,180,180],"floor_reached":33,"campfire_rested":1,"playtime":1051,"current_hp_per_floor":[76,76,69,75,75,75,57,57,57,46,69,69,69,69,69,30,65,67,67,70,72,72,74,74,74,74,74,74,76,76,77,77],"items_purged":["Defend_R"],"gold":180,"score":416,"play_id":"bd9546ac-4111-441d-a004-e25d55e9adde","local_time":"20180302190104","is_prod":false,"is_daily":false,"is_ascension_mode":true,"campfire_upgraded":5,"timestamp":1520017264,"path_taken":["M","?","?","?","?","R","E","?","T","E","R","?","$","?","R","BOSS","M","?","M","M","$","E","?","R","T","R","$","M","?","M","R","BOSS"],"build_version":"2018-03-01-PROD1","purchased_purges":3,"victory":false,"master_deck":["Strike_R","Strike_R","Strike_R","Strike_R","Strike_R","Defend_R","Defend_R+1","Defend_R+1","Bash","Perfected Strike+1","Twin Strike","Perfected Strike","Flex","Twin Strike","Armaments+1","Offering+1","Twin Strike+1","Warcry+1","True Grit+1","Searing Blow+2","Flex","Pommel Strike"],"max_hp_per_floor":[80,80,80,80,77,77,77,77,77,77,77,77,77,77,77,77,77,77,77,77,77,77,77,77,77,77,77,77,77,77,77,77],"relics":["Burning Blood","Happy Flower","Golden Idol","Prayer Wheel","Champion Belt","War Paint","Oddly Smooth Stone","Spirit Poop","Orichalcum","Unceasing Top","Sozu","Juzu Bracelet","Tiny Chest","Bottled Lightning","Mercury Hourglass","The Courier"],"card_choices":[{"not_picked":["Headbutt","Pommel Strike"],"picked":"Perfected Strike"},{"not_picked":["Sentinel","Second Wind"],"picked":"Twin Strike"},{"not_picked":["Bloodletting","Heavy Blade"],"picked":"Perfected Strike"},{"not_picked":["Reaper","Corruption"],"picked":"Flex"},{"not_picked":["Flame Barrier","Clothesline"],"picked":"Armaments"},{"not_picked":["Brutality","Juggernaut"],"picked":"Offering"},{"not_picked":["Headbutt","Shrug It Off"],"picked":"Twin Strike"},{"not_picked":["Anger","Shrug It Off"],"picked":"Warcry"},{"not_picked":["Thunderclap","Armaments"],"picked":"True Grit"},{"not_picked":["Impervious","Shockwave"],"picked":"Searing Blow"},{"not_picked":["Rupture","Heavy Blade"],"picked":"Flex"},{"not_picked":["Anger","Body Slam"],"picked":"Pommel Strike"}],"player_experience":186268,"potions_floor_usage":[7,33],"damage_taken":[{"damage":2,"enemies":"2 Louse","floor":1,"turns":3},{"damage":0,"enemies":"Jaw Worm","floor":4,"turns":3},{"damage":30,"enemies":"Lagavulin","floor":7,"turns":5},{"damage":17,"enemies":"Gremlin Nob","floor":10,"turns":4},{"damage":45,"enemies":"Hexaghost","floor":16,"turns":8},{"damage":4,"enemies":"3 Byrds","floor":18,"turns":4},{"damage":3,"enemies":"Chosen","floor":20,"turns":2},{"damage":4,"enemies":"Snecko","floor":21,"turns":2},{"damage":4,"enemies":"Book of Stabbing","floor":23,"turns":2},{"damage":4,"enemies":"Snake Plant","floor":29,"turns":1},{"damage":4,"enemies":"Centurion and Healer","floor":31,"turns":2},{"damage":89,"enemies":"Champ","floor":33,"turns":7}],"event_choices":[{"event_name":"Golden Idol","player_choice":"Take Wound","floor":2,"damage_taken":0},{"event_name":"Scrap Ooze","player_choice":"success","floor":3,"damage_taken":7},{"event_name":"Fountain of Cleansing","player_choice":"Removed Curse","floor":5,"damage_taken":0},{"event_name":"Liars Game","player_choice":"agreed","floor":8,"damage_taken":0},{"event_name":"Bonfire Elementals","player_choice":"CURSE","floor":12,"damage_taken":0},{"event_name":"Vampires","player_choice":"Ignored","floor":19,"damage_taken":0},{"event_name":"Addict","player_choice":"Obtained Relic","floor":24,"damage_taken":0}],"boss_relics":[{"not_picked":["Ectoplasm","Astrolabe"],"picked":"Sozu"}],"potions_floor_spawned":[4,16,23,29],"seed_played":"4817344879788631430","killed_by":"Champ","ascension_level":11,"is_trial":false}