{"path_per_floor":["M","?","M","M","$","R","?","M","T","R","M","R","M","M","R","B",null,"M","?","M","?","M","R","M","M","T","M","$","R","?","M","R"],"character_chosen":"THE_SILENT","items_purchased":["After Image","Cloak And Dagger","Accuracy","War Paint"],"gold_per_floor":[117,117,129,141,63,63,63,82,82,82,99,99,117,127,127,228,228,238,238,252,252,272,272,289,309,332,344,23,23,23,34,34],"floor_reached":33,"campfire_rested":5,"playtime":2355,"current_hp_per_floor":[70,37,37,37,37,58,58,58,58,58,57,57,57,57,70,50,70,61,61,55,55,29,50,14,7,7,4,4,25,48,36,57],"items_purged":["Strike_G"],"gold":34,"score":292,"play_id":"2d3d1724-bac5-4956-97e6-97ba6ed909e8","is_prod":false,"is_daily":false,"is_ascension_mode":true,"campfire_upgraded":2,"path_taken":["M","?","?","M","$","R","?","M","T","R","M","R","M","M","R","BOSS","M","?","M","?","M","R","M","M","T","M","$","R","?","M","R","BOSS"],"build_version":"2018-02-15-PROD1","purchased_purges":1,"victory":false,"master_deck":["Defend_G","Defend_G","Defend_G","Defend_G+1","Strike_G","Strike_G","Strike_G","Strike_G","Survivor+1","Neutralize+1","Blade Dance+1","Escape Plan","After Image","Infinite Blades","Prepared","Poisoned Stab","Prepared+1","Underhanded Strike","Terror","Cloak And Dagger","Accuracy","Cloak And Dagger"],"max_hp_per_floor":[70,70,70,70,70,70,70,70,70,70,70,70,70,70,70,70,70,70,70,70,70,70,70,70,70,70,70,70,70,70,70,70],"relics":["Ring of the Snake","NeowsBlessing","Ornamental Fan","Gambling Chip","Runic Pyramid","Dodecahedron","Snake Skull","War Paint"],"card_choices":[{"not_picked":["Bullet Time","Accuracy"],"picked":"Blade Dance"},{"not_picked":["Quick Slash","Bane"],"picked":"Escape Plan"},{"not_picked":["Riddle With Holes","Well Laid Plans"],"picked":"Infinite Blades"},{"not_picked":["Slice","Dodge and Roll"],"picked":"Prepared"},{"not_picked":["Poisoned Stab","Crippling Poison"],"picked":"Prepared"},{"not_picked":["Night Terror","Dagger Throw"],"picked":"Underhanded Strike"},{"not_picked":["Outmaneuver","Quick Slash"],"picked":"Terror"},{"not_picked":["Poisoned Stab","Slice"],"picked":"Cloak And Dagger"}],"player_experience":103660,"potions_floor_usage":[16,20,22,27,27,31],"damage_taken":[{"damage":0,"enemies":"Jaw Worm","floor":1,"turns":1},{"damage":0,"enemies":"Cultist","floor":3,"turns":1},{"damage":0,"enemies":"2 Louse","floor":4,"turns":1},{"damage":0,"enemies":"Large Slime","floor":8,"turns":7},{"damage":1,"enemies":"Exordium Wildlife","floor":11,"turns":5},{"damage":0,"enemies":"Exordium Thugs","floor":13,"turns":5},{"damage":0,"enemies":"3 Louse","floor":14,"turns":4},{"damage":20,"enemies":"Hexaghost","floor":16,"turns":12},{"damage":9,"enemies":"Spheric Guardian","floor":18,"turns":6},{"damage":6,"enemies":"Chosen","floor":20,"turns":8},{"damage":26,"enemies":"Snecko","floor":22,"turns":7},{"damage":36,"enemies":"Slaver and Parasite","floor":24,"turns":9},{"damage":7,"enemies":"Snake Plant","floor":25,"turns":11},{"damage":3,"enemies":"3 Cultists","floor":27,"turns":7},{"damage":12,"enemies":"Sentry and Sphere","floor":31,"turns":7},{"damage":97,"enemies":"Collector","floor":33,"turns":6}],"event_choices":[{"event_name":"Scrap Ooze","player_choice":"success","floor":2,"damage_taken":33},{"event_name":"Living Wall","player_choice":"Grow","floor":7,"damage_taken":0},{"event_name":"The Mausoleum","player_choice":"Yes","floor":19,"damage_taken":0},{"event_name":"Transmorgrifier","player_choice":"Transform","floor":21,"damage_taken":0},{"event_name":"The Library","player_choice":"Heal","floor":30,"damage_taken":0}],"boss_relics":[{"not_picked":["Velvet Choker","Snecko Eye"],"picked":"Runic Pyramid"}],"potions_floor_spawned":[1,3,8,20,24,27],"seed_played":"-7946428850976439324","killed_by":"Collector","ascension_level":4,"is_trial":false}