{"gold_per_floor":[117,129,129,69,85,85,105,130,130,159,159,189,23,40,40,143,143,159,434,446,52,72,101,101,128,128,155,155,170,70,86,86,191,191,209,209,34,34,52,81,95,107,130,130,159,159,171,171,171,171],"floor_reached":50,"playtime":4269,"items_purged":["Regret","Regret","Eviscerate"],"score":879,"play_id":"950ed98c-736f-4e87-aced-d1a40443f1ca","local_time":"20190112193838","is_ascension_mode":true,"campfire_choices":[{"floor":6,"key":"RECALL"},{"floor":11,"key":"REST"},{"floor":15,"key":"REST"},{"floor":24,"key":"REST"},{"floor":32,"key":"REST"},{"floor":44,"key":"REST"},{"floor":46,"key":"REST"},{"floor":49,"key":"REST"}],"neow_cost":"NONE","seed_source_timestamp":1559937554395775,"circlet_count":0,"master_deck":["Survivor","Neutralize","Quick Slash","PiercingWail","Quick Slash","Dagger Throw","Acrobatics","PiercingWail","PiercingWail","Die Die Die","Slice","Slice","Grand Finale","Doppelganger","Bouncing Flask","Corpse Explosion+1","Acrobatics","Venomology","Acrobatics","Backflip","Quick Slash","Backflip","Underhanded Strike","Predator","Phantasmal Killer","Distraction+1","Acrobatics+1","Die Die Die","Outmaneuver+1","Slice","Acrobatics","Dagger Spray+1","Sucker Punch+1","Flying Knee+1","PiercingWail+1","Heel Hook+1","Sucker Punch+1","Quick Slash+1"],"relics":["Fusion Hammer","The Courier","Oddly Smooth Stone","Ninja Scroll","Gremlin Horn","Ancient Tea Set","Toy Ornithopter","Pandora\u0027s Box","ClockworkSouvenir","War Paint","Orichalcum","Juzu Bracelet","Dodecahedron","Frozen Egg 2","Lizard Tail","Frozen Eye","Bag of Marbles","Dream Catcher","Lantern"],"potions_floor_usage":[16,16,20,23,27,27,31,33,39,40,41,42,47,50,50,50],"damage_taken":[{"damage":1,"enemies":"Small Slimes","floor":1,"turns":4},{"damage":2,"enemies":"2 Louse","floor":2,"turns":4},{"damage":0,"enemies":"Cultist","floor":5,"turns":4},{"damage":0,"enemies":"Exordium Wildlife","floor":7,"turns":3},{"damage":24,"enemies":"Lagavulin","floor":8,"turns":7},{"damage":6,"enemies":"Gremlin Nob","floor":10,"turns":4},{"damage":7,"enemies":"Lagavulin","floor":12,"turns":5},{"damage":0,"enemies":"Looter","floor":14,"turns":2},{"damage":61,"enemies":"Hexaghost","floor":16,"turns":17},{"damage":10,"enemies":"2 Thieves","floor":18,"turns":2},{"damage":10,"enemies":"Shell Parasite","floor":20,"turns":4},{"damage":6,"enemies":"Snake Plant","floor":22,"turns":4},{"damage":16,"enemies":"Book of Stabbing","floor":23,"turns":7},{"damage":6,"enemies":"Slavers","floor":25,"turns":2},{"damage":12,"enemies":"Gremlin Leader","floor":27,"turns":5},{"damage":1,"enemies":"Snecko","floor":29,"turns":4},{"damage":0,"enemies":"3 Cultists","floor":31,"turns":2},{"damage":18,"enemies":"Collector","floor":33,"turns":6},{"damage":0,"enemies":"3 Darklings","floor":35,"turns":4},{"damage":0,"enemies":"3 Shapes","floor":39,"turns":6},{"damage":28,"enemies":"Giant Head","floor":40,"turns":6},{"damage":7,"enemies":"Maw","floor":41,"turns":8},{"damage":13,"enemies":"Spire Growth","floor":42,"turns":4},{"damage":17,"enemies":"Nemesis","floor":45,"turns":7},{"damage":5,"enemies":"Transient","floor":47,"turns":5},{"damage":149,"enemies":"Awakened One","floor":50,"turns":15}],"seed_played":"186810814149780176","potions_obtained":[{"floor":2,"key":"EssenceOfSteel"},{"floor":8,"key":"Strength Potion"},{"floor":10,"key":"SpeedPotion"},{"floor":18,"key":"Block Potion"},{"floor":22,"key":"Dexterity Potion"},{"floor":29,"key":"Explosive Potion"},{"floor":35,"key":"GamblersBrew"},{"floor":40,"key":"Dexterity Potion"},{"floor":41,"key":"Fire Potion"},{"floor":45,"key":"AttackPotion"},{"floor":47,"key":"FairyPotion"}],"is_trial":false,"path_per_floor":["M","M","?","$","M","R","M","E","T","E","R","E","$","M","R","B",null,"M","?","M","$","M","E","R","E","T","E","?","M","$","M","R","B",null,"M","?","$","?","M","E","M","M","T","R","E","R","M","?","R","B"],"character_chosen":"THE_SILENT","items_purchased":["Toy Ornithopter","ClockworkSouvenir","War Paint","Quick Slash","Frozen Eye","Slice"],"campfire_rested":7,"item_purchase_floors":[13,21,21,21,37,37],"current_hp_per_floor":[62,60,60,60,60,60,60,36,36,30,51,44,44,44,65,14,56,46,46,41,41,35,24,45,39,39,37,24,23,23,28,50,37,66,66,66,66,66,71,48,46,38,38,59,42,63,63,63,71,0],"gold":171,"neow_bonus":"BOSS_RELIC","is_prod":false,"is_daily":false,"chose_seed":false,"campfire_upgraded":0,"win_rate":0,"timestamp":1547321918,"path_taken":["M","M","?","$","M","R","M","E","T","E","R","E","$","M","R","BOSS","M","?","?","$","M","E","R","E","T","E","?","M","$","M","R","BOSS","M","?","$","?","M","E","M","M","T","R","E","R","M","?","R","BOSS"],"build_version":"2019-01-10","purchased_purges":3,"victory":false,"max_hp_per_floor":[70,70,70,70,70,70,70,70,70,70,70,70,70,70,70,70,70,70,70,70,70,70,70,70,70,70,70,75,75,75,75,75,75,75,75,75,75,71,71,71,71,71,71,71,71,71,71,71,71,71],"card_choices":[{"not_picked":["Deflect","Skewer"],"picked":"Quick Slash","floor":1},{"not_picked":["Heel Hook","Escape Plan"],"picked":"PiercingWail","floor":2},{"not_picked":["Blade Dance","Cloak And Dagger"],"picked":"Quick Slash","floor":5},{"not_picked":["Reflex","Underhanded Strike"],"picked":"Dagger Throw","floor":7},{"not_picked":["Underhanded Strike","Well Laid Plans"],"picked":"Cloak And Dagger","floor":8},{"not_picked":["Deadly Poison","Prepared"],"picked":"Acrobatics","floor":10},{"not_picked":["Prepared","Deflect"],"picked":"PiercingWail","floor":12},{"not_picked":["Outmaneuver","Calculated Gamble"],"picked":"PiercingWail","floor":14},{"not_picked":["Envenom","Phantasmal Killer"],"picked":"Die Die Die","floor":16},{"not_picked":["Deadly Poison","Distraction"],"picked":"Acrobatics","floor":18},{"not_picked":["Quick Slash","Outmaneuver"],"picked":"Backflip","floor":20},{"not_picked":["Doppelganger","Poisoned Stab"],"picked":"Backflip","floor":22},{"not_picked":["Predator","Cloak And Dagger"],"picked":"Underhanded Strike","floor":23},{"not_picked":["Outmaneuver+1","Prepared"],"picked":"Predator","floor":25},{"not_picked":["Dodge and Roll","Skewer"],"picked":"Phantasmal Killer","floor":27},{"not_picked":["Choke","Deadly Poison+1"],"picked":"Distraction+1","floor":29},{"not_picked":["Cloak And Dagger","Sucker Punch"],"picked":"Acrobatics+1","floor":31},{"not_picked":["A Thousand Cuts+1","Unload"],"picked":"Die Die Die","floor":33},{"not_picked":["Bane","Deadly Poison"],"picked":"Outmaneuver+1","floor":35},{"not_picked":["Dagger Spray+1","Reflex"],"picked":"Acrobatics","floor":39},{"not_picked":["Deflect","Deadly Poison"],"picked":"Dagger Spray+1","floor":40},{"not_picked":["Bouncing Flask+1","Crippling Poison"],"picked":"Sucker Punch+1","floor":41},{"not_picked":["Deflect","Prepared"],"picked":"Flying Knee+1","floor":42},{"not_picked":["Acrobatics","Backflip"],"picked":"PiercingWail+1","floor":44},{"not_picked":["Setup+1","Phantasmal Killer"],"picked":"Heel Hook+1","floor":45},{"not_picked":["Quick Slash+1","Blade Dance+1"],"picked":"Sucker Punch+1","floor":46},{"not_picked":["Distraction+1","Calculated Gamble","Deadly Poison+1"],"picked":"SKIP","floor":47},{"not_picked":["Sucker Punch","Poisoned Stab+1"],"picked":"Quick Slash+1","floor":49}],"player_experience":218985,"relics_obtained":[{"floor":8,"key":"Oddly Smooth Stone"},{"floor":9,"key":"Ninja Scroll"},{"floor":10,"key":"Gremlin Horn"},{"floor":12,"key":"Ancient Tea Set"},{"floor":23,"key":"Orichalcum"},{"floor":25,"key":"Juzu Bracelet"},{"floor":26,"key":"Dodecahedron"},{"floor":27,"key":"Frozen Egg 2"},{"floor":40,"key":"Bag of Marbles"},{"floor":43,"key":"Dream Catcher"},{"floor":45,"key":"Lantern"}],"event_choices":[{"damage_healed":0,"gold_gain":0,"player_choice":"Box","damage_taken":0,"relics_obtained":["The Courier"],"max_hp_gain":0,"max_hp_loss":0,"event_name":"Big Fish","floor":3,"gold_loss":0,"cards_obtained":["Regret"]},{"damage_healed":0,"gold_gain":275,"player_choice":"Desecrate","damage_taken":0,"max_hp_gain":0,"max_hp_loss":0,"event_name":"Golden Shrine","floor":19,"gold_loss":0,"cards_obtained":["Regret"]},{"damage_healed":0,"gold_gain":0,"player_choice":"Shed Blood","damage_taken":18,"max_hp_gain":5,"max_hp_loss":0,"event_name":"Forgotten Altar","floor":28,"gold_loss":0},{"cards_removed":["Distraction"],"damage_healed":0,"gold_gain":0,"player_choice":"Purged","damage_taken":0,"max_hp_gain":0,"max_hp_loss":0,"event_name":"Purifier","floor":36,"gold_loss":0},{"damage_healed":0,"gold_gain":0,"player_choice":"Max HP","damage_taken":0,"max_hp_gain":0,"max_hp_loss":4,"event_name":"Winding Halls","floor":38,"gold_loss":0},{"cards_removed":["Cloak And Dagger"],"damage_healed":0,"gold_gain":0,"player_choice":"Removed Skill","damage_taken":0,"max_hp_gain":0,"max_hp_loss":0,"event_name":"Falling","floor":48,"gold_loss":0}],"is_beta":false,"boss_relics":[{"not_picked":["WristBlade","HoveringKite"],"picked":"Pandora\u0027s Box"},{"not_picked":["Sozu","Tiny House"],"picked":"Lizard Tail"}],"items_purged_floors":[4,21,30],"is_endless":false,"potions_floor_spawned":[2,8,10,14,18,22,25,29,31,35,40,41,45,47],"killed_by":"Awakened One","ascension_level":6}