{"gold_per_floor":[11,86,86,86,109,150,150,181,227,227,227,227,266,286,286,415,415,438,438,456,479,111,111,136,156,156,192,216,232,268,291,291,417,417,433,456,169,182,40,40,78,78,78,117,217,235,249,262,262,262],"floor_reached":51,"playtime":1634,"items_purged":[],"score":1179,"play_id":"b4bf3392-fd8f-4d5b-9d69-d03ac89db941","local_time":"20180821172102","is_ascension_mode":true,"campfire_choices":[{"data":"Demon Form","floor":7,"key":"SMITH"},{"floor":10,"key":"REST"},{"data":"Perfected Strike","floor":12,"key":"SMITH"},{"data":"Bash","floor":15,"key":"SMITH"},{"floor":23,"key":"REST"},{"floor":32,"key":"REST"},{"floor":40,"key":"REST"},{"floor":49,"key":"REST"}],"neow_cost":"NO_GOLD","seed_source_timestamp":100801935755832,"circlet_count":0,"master_deck":["Strike_R","Strike_R","Strike_R","Strike_R","Strike_R","Defend_R","Defend_R","Defend_R","Defend_R","Bash+1","Demon Form+1","Iron Wave","Twin Strike","Perfected Strike+1","Perfected Strike+1","Feed+1","Ghostly","Ghostly","Ghostly","Ghostly","Ghostly","Pommel Strike+1","Pommel Strike+1","Pummel+1","Mind Blast+1","Perfected Strike+1","Perfected Strike+1","Dual Wield+1","Infernal Blade+1","Ghostly Armor","Infernal Blade","Jack Of All Trades","Blind","Bash+1","Injury","Shrug It Off+1","Spot Weakness+1","Heavy Blade+1"],"relics":["Burning Blood","Golden Idol","Blood Vial","Singing Bowl","Regal Pillow","Molten Egg 2","Centennial Puzzle","Fusion Hammer","Shuriken","Potion Belt","Pen Nib","Ancient Tea Set","Cursed Key","Bottled Tornado","Strawberry","Pear","Art of War"],"potions_floor_usage":[6,8,16,21,24,27,33,38,46,47,48,48],"damage_taken":[{"damage":11,"enemies":"2 Louse","floor":1,"turns":5},{"damage":4,"enemies":"Small Slimes","floor":5,"turns":4},{"damage":15,"enemies":"Gremlin Nob","floor":6,"turns":4},{"damage":20,"enemies":"Lagavulin","floor":8,"turns":6},{"damage":27,"enemies":"Gremlin Nob","floor":13,"turns":4},{"damage":0,"enemies":"Cultist","floor":14,"turns":2},{"damage":24,"enemies":"The Guardian","floor":16,"turns":7},{"damage":2,"enemies":"Chosen","floor":18,"turns":3},{"damage":4,"enemies":"3 Byrds","floor":20,"turns":6},{"damage":3,"enemies":"Snake Plant","floor":21,"turns":3},{"damage":0,"enemies":"Snecko","floor":24,"turns":2},{"damage":23,"enemies":"Sentry and Sphere","floor":25,"turns":4},{"damage":5,"enemies":"Book of Stabbing","floor":27,"turns":6},{"damage":2,"enemies":"Centurion and Healer","floor":28,"turns":5},{"damage":10,"enemies":"Snecko","floor":29,"turns":3},{"damage":2,"enemies":"Gremlin Leader","floor":30,"turns":4},{"damage":3,"enemies":"Snake Plant","floor":31,"turns":4},{"damage":5,"enemies":"Collector","floor":33,"turns":7},{"damage":1,"enemies":"Flame Bruiser 1 Orb","floor":35,"turns":2},{"damage":0,"enemies":"Orb Walker","floor":36,"turns":4},{"damage":8,"enemies":"Spire Growth","floor":38,"turns":3},{"damage":9,"enemies":"Giant Head","floor":41,"turns":5},{"damage":4,"enemies":"2 Orb Walkers","floor":44,"turns":3},{"damage":26,"enemies":"Jaw Worm Horde","floor":46,"turns":3},{"damage":18,"enemies":"3 Darklings","floor":47,"turns":4},{"damage":11,"enemies":"Transient","floor":48,"turns":5},{"damage":11,"enemies":"Time Eater","floor":50,"turns":6}],"seed_played":"-8107640132322537168","potions_obtained":[{"floor":5,"key":"Weak Potion"},{"floor":6,"key":"Block Potion"},{"floor":13,"key":"Weak Potion"},{"floor":16,"key":"GamblersBrew"},{"floor":18,"key":"FearPotion"},{"floor":25,"key":"BloodPotion"},{"floor":27,"key":"Dexterity Potion"},{"floor":29,"key":"GamblersBrew"},{"floor":33,"key":"SkillPotion"},{"floor":44,"key":"SteroidPotion"},{"floor":46,"key":"Weak Potion"},{"floor":47,"key":"BloodPotion"}],"is_trial":false,"path_per_floor":["M","?","?","$","M","E","R","E","T","R","?","R","E","M","R","B",null,"M","?","M","M","$","R","M","M","T","E","M","M","E","M","R","B",null,"M","M","$","M","$","R","E","?","T","E","?","M","M","M","R","B"],"character_chosen":"IRONCLAD","items_purchased":["Shuriken","Pummel+1","Mind Blast+1","Bottled Tornado","Ghostly Armor","Infernal Blade","Jack Of All Trades"],"campfire_rested":5,"item_purchase_floors":[22,22,22,37,37,39,39],"current_hp_per_floor":[67,56,56,56,58,49,49,37,37,74,71,71,52,62,62,46,69,77,39,43,47,47,47,53,38,38,48,60,58,63,67,67,73,73,75,75,75,75,75,77,83,83,93,96,96,78,68,95,98,97],"gold":262,"neow_bonus":"THREE_RARE_CARDS","is_prod":false,"is_daily":false,"chose_seed":false,"campfire_upgraded":3,"win_rate":0,"timestamp":1534893662,"path_taken":["M","?","?","$","?","E","R","E","T","R","?","R","E","M","R","BOSS","M","?","?","M","$","R","M","M","T","E","M","M","E","M","R","BOSS","M","M","$","M","$","R","E","?","T","E","?","M","M","?","R","BOSS"],"build_version":"2018-08-20","purchased_purges":0,"victory":true,"max_hp_per_floor":[80,80,74,74,74,74,74,74,74,74,74,74,74,76,76,76,76,78,39,43,47,47,47,53,55,55,57,63,63,63,67,67,73,73,75,75,75,77,77,77,86,86,96,96,96,98,98,98,98,102],"card_choices":[{"not_picked":["Brutality","Berserk"],"picked":"Demon Form","floor":0},{"not_picked":["Havoc","Clothesline"],"picked":"Iron Wave","floor":1},{"not_picked":["Headbutt","Cleave"],"picked":"Twin Strike","floor":5},{"not_picked":["Clash","Evolve","Dual Wield"],"picked":"SKIP","floor":6},{"not_picked":["Sword Boomerang","Dropkick"],"picked":"Perfected Strike","floor":8},{"not_picked":["Metallicize","Warcry"],"picked":"Perfected Strike+1","floor":13},{"not_picked":["Combust","Cleave+1","True Grit"],"picked":"Singing Bowl","floor":14},{"not_picked":["Reaper+1","Impervious"],"picked":"Feed+1","floor":16},{"not_picked":["Blood for Blood+1","Heavy Blade+1","Havoc"],"picked":"Singing Bowl","floor":18},{"not_picked":["Clothesline+1","Cleave+1"],"picked":"Pommel Strike+1","floor":20},{"not_picked":["Clothesline+1","Flex"],"picked":"Pommel Strike+1","floor":21},{"not_picked":["Iron Wave+1","Uppercut+1","Berserk"],"picked":"Singing Bowl","floor":24},{"not_picked":["Armaments","Flex","Bloodletting"],"picked":"Singing Bowl","floor":25},{"not_picked":["Bloodletting","Rupture","Thunderclap+1"],"picked":"Singing Bowl","floor":27},{"not_picked":["Warcry","Second Wind","Clothesline+1"],"picked":"Singing Bowl","floor":28},{"not_picked":["Battle Trance","True Grit"],"picked":"Perfected Strike+1","floor":29},{"not_picked":["Flex","Exhume"],"picked":"Perfected Strike+1","floor":30},{"not_picked":["Sword Boomerang+1","Armaments"],"picked":"Dual Wield+1","floor":31},{"not_picked":["Berserk","Reaper+1","Fiend Fire+1"],"picked":"Singing Bowl","floor":33},{"not_picked":["Thunderclap+1","Headbutt+1","Cleave+1"],"picked":"Singing Bowl","floor":35},{"not_picked":["Sword Boomerang+1","True Grit+1"],"picked":"Infernal Blade+1","floor":36},{"not_picked":["Warcry+1","Intimidate","Dual Wield"],"picked":"Singing Bowl","floor":38},{"not_picked":["Body Slam+1","Clothesline+1","Heavy Blade+1"],"picked":"Singing Bowl","floor":41},{"not_picked":["Reckless Charge+1","Clash+1"],"picked":"Shrug It Off+1","floor":44},{"not_picked":["True Grit","Body Slam+1","Anger+1"],"picked":"Singing Bowl","floor":46},{"not_picked":["Combust+1","Thunderclap+1"],"picked":"Spot Weakness+1","floor":47},{"not_picked":["Clash+1","Dark Embrace"],"picked":"Heavy Blade+1","floor":48}],"player_experience":507750,"relics_obtained":[{"floor":6,"key":"Blood Vial"},{"floor":8,"key":"Singing Bowl"},{"floor":9,"key":"Regal Pillow"},{"floor":13,"key":"Centennial Puzzle"},{"floor":26,"key":"Potion Belt"},{"floor":27,"key":"Pen Nib"},{"floor":30,"key":"Ancient Tea Set"},{"floor":41,"key":"Strawberry"},{"floor":43,"key":"Pear"},{"floor":44,"key":"Art of War"}],"event_choices":[{"event_name":"World of Goop","player_choice":"Gather Gold","floor":2,"damage_taken":0},{"event_name":"Golden Idol","player_choice":"Lose Max HP","floor":3,"damage_taken":0},{"event_name":"Scrap Ooze","player_choice":"success","floor":11,"damage_taken":3},{"event_name":"Ghosts","player_choice":"Became a Ghost","floor":19,"damage_taken":0},{"event_name":"Match and Keep!","player_choice":"2 cards matched","floor":42,"damage_taken":0},{"event_name":"Golden Shrine","player_choice":"Pray","floor":45,"damage_taken":0}],"is_beta":true,"boss_relics":[{"not_picked":["Orrery","Empty Cage"],"picked":"Fusion Hammer"},{"not_picked":["Pandora\u0027s Box","Sozu"],"picked":"Cursed Key"}],"items_purged_floors":[],"is_endless":false,"potions_floor_spawned":[5,6,13,16,18,25,27,29,33,44,46,47],"ascension_level":7}