{"gold_per_floor":[111,130,130,7,7,7,26,45,45,59,9,9,35,54,54,152,152,165,179,192,209,209,209,309,328,328,328,347,375,375,403,403,500,500,516,516,536,315,315,315,268,268,268,299,100,116,133,0,0,0],"floor_reached":50,"playtime":4181,"items_purged":["Defend_R","Shame"],"score":716,"play_id":"570c362d-2d87-4e26-b12a-c20eb502de29","local_time":"20190302003219","is_ascension_mode":true,"campfire_choices":[{"data":"Bash","floor":6,"key":"SMITH"},{"data":"Perfected Strike","floor":12,"key":"SMITH"},{"data":"Flame Barrier","floor":15,"key":"SMITH"},{"data":"Disarm","floor":23,"key":"SMITH"},{"data":"Inflame","floor":27,"key":"SMITH"},{"data":"True Grit","floor":30,"key":"SMITH"},{"floor":32,"key":"REST"},{"data":"Limit Break","floor":40,"key":"SMITH"},{"data":"Whirlwind","floor":42,"key":"SMITH"},{"floor":49,"key":"RECALL"}],"neow_cost":"PERCENT_DAMAGE","seed_source_timestamp":20766584406114,"circlet_count":0,"master_deck":["Strike_R","Strike_R","Strike_R","Strike_R","Defend_R","Defend_R","Bash+1","Cleave","Disarm+1","Armaments","Twin Strike","Pommel Strike+1","Perfected Strike+1","Flame Barrier+1","Feed","Reaper","Inflame+1","Dual Wield+1","True Grit+1","Limit Break+1","Uppercut","Bludgeon","Warcry+1","Whirlwind+1","Apotheosis","Shrug It Off","Heavy Blade","Pummel","Shrug It Off"],"relics":["Burning Blood","Question Card","Juzu Bracelet","Snecko Eye","Ginger","Paper Frog","Letter Opener","Torii","Anchor","Cursed Key","Oddly Smooth Stone","Shuriken","Red Mask"],"potions_floor_usage":[13,16,29,33,47,50],"damage_taken":[{"damage":7,"enemies":"2 Louse","floor":1,"turns":4},{"damage":1,"enemies":"Cultist","floor":2,"turns":3},{"damage":0,"enemies":"Jaw Worm","floor":7,"turns":4},{"damage":14,"enemies":"3 Louse","floor":8,"turns":3},{"damage":12,"enemies":"Looter","floor":10,"turns":3},{"damage":5,"enemies":"3 Sentries","floor":13,"turns":3},{"damage":7,"enemies":"Lots of Slimes","floor":14,"turns":2},{"damage":62,"enemies":"Hexaghost","floor":16,"turns":12},{"damage":12,"enemies":"2 Thieves","floor":18,"turns":4},{"damage":26,"enemies":"3 Byrds","floor":19,"turns":5},{"damage":13,"enemies":"3 Cultists","floor":20,"turns":4},{"damage":15,"enemies":"Centurion and Healer","floor":21,"turns":7},{"damage":14,"enemies":"Colosseum Slavers","floor":24,"turns":3},{"damage":23,"enemies":"Colosseum Nobs","floor":24,"turns":3},{"damage":0,"enemies":"Snake Plant","floor":25,"turns":2},{"damage":6,"enemies":"Chosen and Byrds","floor":28,"turns":3},{"damage":24,"enemies":"Gremlin Leader","floor":29,"turns":9},{"damage":37,"enemies":"Slavers","floor":31,"turns":5},{"damage":92,"enemies":"Automaton","floor":33,"turns":8},{"damage":8,"enemies":"3 Darklings","floor":35,"turns":5},{"damage":13,"enemies":"3 Shapes","floor":37,"turns":5},{"damage":48,"enemies":"Nemesis","floor":44,"turns":7},{"damage":0,"enemies":"Spire Growth","floor":46,"turns":3},{"damage":32,"enemies":"Writhing Mass","floor":47,"turns":7},{"damage":39,"enemies":"Awakened One","floor":50,"turns":3}],"seed_played":"-8646772424480181408","potions_obtained":[{"floor":2,"key":"Weak Potion"},{"floor":7,"key":"AttackPotion"},{"floor":10,"key":"Swift Potion"},{"floor":14,"key":"BloodPotion"},{"floor":16,"key":"Regen Potion"},{"floor":37,"key":"Weak Potion"},{"floor":47,"key":"LiquidBronze"}],"is_trial":false,"path_per_floor":["M","M","?","$","?","R","M","M","T","M","?","R","E","M","R","B",null,"M","M","M","M","?","R","?","M","T","R","M","E","R","E","R","B",null,"M","?","M","$","?","R","$","R","T","E","$","M","M","?","R","B"],"character_chosen":"IRONCLAD","items_purchased":["Armaments","Oddly Smooth Stone","Whirlwind","Shrug It Off","Pummel","Shrug It Off"],"campfire_rested":1,"item_purchase_floors":[4,38,38,41,45,45],"current_hp_per_floor":[66,71,71,71,71,71,77,69,69,63,63,63,64,63,63,7,74,68,48,58,59,59,59,49,55,55,55,63,83,83,55,89,26,93,94,94,90,90,80,80,80,80,80,38,38,52,31,31,31,0],"gold":0,"neow_bonus":"TWENTY_PERCENT_HP_BONUS","is_prod":false,"is_daily":false,"chose_seed":false,"campfire_upgraded":8,"win_rate":0,"timestamp":1551508339,"path_taken":["M","M","?","?","?","R","M","M","T","M","?","R","E","M","R","BOSS","M","M","M","M","?","R","?","M","T","R","M","E","R","E","R","BOSS","M","?","M","$","?","R","?","R","T","E","$","M","M","?","R","BOSS"],"build_version":"2019-01-23","purchased_purges":2,"victory":false,"max_hp_per_floor":[96,96,96,96,96,96,96,96,96,96,96,96,96,96,96,96,96,96,96,99,102,102,102,105,105,105,105,109,112,112,115,115,115,115,118,112,115,115,115,115,115,115,115,115,115,115,115,115,115,115],"card_choices":[{"not_picked":["Warcry","Burning Pact"],"picked":"Cleave","floor":1},{"not_picked":["Armaments","Perfected Strike"],"picked":"Disarm","floor":2},{"not_picked":["Fire Breathing","Hemokinesis"],"picked":"Twin Strike","floor":7},{"not_picked":["Shockwave","Pummel"],"picked":"Pommel Strike","floor":8},{"not_picked":["Ghostly Armor","True Grit","Armaments"],"picked":"Perfected Strike","floor":10},{"not_picked":["Rage","True Grit","Shrug It Off"],"picked":"Flame Barrier","floor":13},{"not_picked":["Perfected Strike","Rampage","Shrug It Off"],"picked":"Feed","floor":14},{"not_picked":["Bludgeon","Double Tap","Berserk"],"picked":"Reaper","floor":16},{"not_picked":["Entrench","True Grit","Reckless Charge+1"],"picked":"Inflame","floor":18},{"not_picked":["Havoc","Rupture+1","Wild Strike","Heavy Blade"],"picked":"SKIP","floor":19},{"not_picked":["Armaments+1","Clash","Juggernaut","Second Wind"],"picked":"SKIP","floor":20},{"not_picked":["Anger","Evolve","Sever Soul+1"],"picked":"Dual Wield+1","floor":21},{"not_picked":["Body Slam+1","Twin Strike","Flex","Clash"],"picked":"SKIP","floor":25},{"not_picked":["Dual Wield","Cleave","Armaments"],"picked":"True Grit","floor":28},{"not_picked":["Flex","Cleave","Shrug It Off"],"picked":"Limit Break","floor":29},{"not_picked":["Battle Trance","Clash","Whirlwind"],"picked":"Uppercut","floor":31},{"not_picked":["Limit Break","Brutality","Berserk"],"picked":"Bludgeon","floor":33},{"not_picked":["Armaments+1","Second Wind","Pommel Strike"],"picked":"Warcry+1","floor":35},{"not_picked":["Flex","Body Slam","Wild Strike+1","Headbutt"],"picked":"SKIP","floor":37},{"not_picked":["Bandage Up","Flash of Steel","Jack Of All Trades"],"picked":"Apotheosis","floor":39},{"not_picked":["Perfected Strike+1","Power Through+1","Sword Boomerang"],"picked":"Heavy Blade","floor":44},{"not_picked":["Shockwave+1","Thunderclap+1","Cleave","Pommel Strike"],"picked":"SKIP","floor":46},{"not_picked":["Warcry","Headbutt+1","Sword Boomerang+1","Corruption+1"],"picked":"SKIP","floor":47}],"player_experience":509363,"relics_obtained":[{"floor":9,"key":"Question Card"},{"floor":13,"key":"Juzu Bracelet"},{"floor":24,"key":"Ginger"},{"floor":24,"key":"Paper Frog"},{"floor":26,"key":"Letter Opener"},{"floor":29,"key":"Torii"},{"floor":31,"key":"Anchor"},{"floor":44,"key":"Shuriken"}],"event_choices":[{"cards_removed":["Strike_R"],"damage_healed":0,"gold_gain":0,"player_choice":"Purged","damage_taken":0,"max_hp_gain":0,"max_hp_loss":0,"event_name":"Purifier","floor":3,"gold_loss":0},{"damage_healed":0,"gold_gain":0,"player_choice":"Ignored","damage_taken":0,"max_hp_gain":0,"max_hp_loss":0,"event_name":"Liars Game","floor":5,"gold_loss":0},{"cards_removed":["Defend_R"],"damage_healed":0,"gold_gain":0,"player_choice":"Card Removal","damage_taken":0,"max_hp_gain":0,"max_hp_loss":0,"event_name":"The Cleric","floor":11,"gold_loss":50},{"damage_healed":0,"gold_gain":0,"player_choice":"Upgraded","damage_taken":0,"max_hp_gain":0,"max_hp_loss":0,"event_name":"Upgrade Shrine","floor":22,"gold_loss":0,"cards_upgraded":["Pommel Strike"]},{"damage_healed":0,"gold_gain":0,"player_choice":"Fight","damage_taken":0,"max_hp_gain":0,"max_hp_loss":0,"event_name":"Colosseum","floor":24,"gold_loss":0},{"damage_healed":0,"gold_gain":0,"player_choice":"Fought Nobs","damage_taken":0,"max_hp_gain":0,"max_hp_loss":0,"event_name":"Colosseum","floor":24,"gold_loss":0},{"damage_healed":0,"gold_gain":0,"player_choice":"Max HP","damage_taken":0,"max_hp_gain":0,"max_hp_loss":6,"event_name":"Winding Halls","floor":36,"gold_loss":0},{"damage_healed":0,"gold_gain":0,"player_choice":"Memory 3","damage_taken":10,"max_hp_gain":0,"max_hp_loss":0,"event_name":"SensoryStone","floor":39,"gold_loss":0},{"damage_healed":0,"gold_gain":0,"player_choice":"Paid","damage_taken":0,"relics_obtained":["Red Mask"],"max_hp_gain":0,"max_hp_loss":0,"event_name":"Tomb of Lord Red Mask","floor":48,"gold_loss":133}],"is_beta":false,"boss_relics":[{"not_picked":["Astrolabe","Tiny House"],"picked":"Snecko Eye"},{"not_picked":["Eternal Feather","Black Blood"],"picked":"Cursed Key"}],"items_purged_floors":[4,45],"is_endless":false,"potions_floor_spawned":[2,7,10,14,16,18,20,24,24,37,47],"killed_by":"Awakened One","ascension_level":6}