{"gold_per_floor":[20,30,30,41,51,51,79,98,125,125,125,156,69,92,92,216,216,232,232,255,255,273,313,313,336,336,355,355,379,423,446,446,571,571,590,590,603,616,320,363,382,398,398,417,460,476,489,172,172,172],"floor_reached":51,"playtime":2760,"items_purged":["Strike_R","Defend_R+1","Parasite"],"score":917,"play_id":"c4e30170-549a-4e12-adff-c9a93cc762d4","local_time":"20190430122955","is_ascension_mode":false,"campfire_choices":[{"data":"Bash","floor":6,"key":"SMITH"},{"data":"Inflame","floor":10,"key":"SMITH"},{"data":"Clothesline","floor":15,"key":"SMITH"},{"data":"Limit Break","floor":24,"key":"SMITH"},{"data":"Spot Weakness","floor":32,"key":"SMITH"},{"floor":49,"key":"RECALL"}],"neow_cost":"NO_GOLD","seed_source_timestamp":1559401092795100,"circlet_count":0,"master_deck":["Strike_R+1","Strike_R+1","Defend_R+1","Defend_R+1","Defend_R+1","Bash+1","Armaments+1","Headbutt","Spot Weakness+1","Shrug It Off","Feed","Inflame+1","Pommel Strike","Clothesline+1","Cleave","Limit Break+1","Power Through+1","Anger+1","Clothesline+1","True Grit+1","Feed","Warcry","Limit Break","Headbutt+1","Warcry+1","Battle Trance+1","Master of Strategy","Inflame+1","True Grit+1","Spot Weakness","Shrug It Off"],"relics":["Burning Blood","FossilizedHelix","Vajra","Bronze Scales","Golden Idol","MawBank","Mark of Pain","Happy Flower","Champion Belt","Regal Pillow","Fusion Hammer","Mummified Hand","Pen Nib","Bottled Tornado","Art of War","Bag of Marbles"],"potions_floor_usage":[5,12,12,23,23,30,45,50],"damage_taken":[{"damage":0,"enemies":"Jaw Worm","floor":1,"turns":5},{"damage":0,"enemies":"Small Slimes","floor":2,"turns":4},{"damage":0,"enemies":"2 Louse","floor":4,"turns":2},{"damage":4,"enemies":"Gremlin Gang","floor":5,"turns":6},{"damage":4,"enemies":"Lagavulin","floor":7,"turns":9},{"damage":0,"enemies":"Blue Slaver","floor":8,"turns":3},{"damage":0,"enemies":"Gremlin Nob","floor":12,"turns":4},{"damage":0,"enemies":"Red Slaver","floor":14,"turns":4},{"damage":16,"enemies":"Slime Boss","floor":16,"turns":8},{"damage":3,"enemies":"Shell Parasite","floor":18,"turns":5},{"damage":13,"enemies":"3 Byrds","floor":20,"turns":4},{"damage":6,"enemies":"Shelled Parasite and Fungi","floor":22,"turns":6},{"damage":0,"enemies":"Slavers","floor":23,"turns":2},{"damage":2,"enemies":"Centurion and Healer","floor":25,"turns":4},{"damage":5,"enemies":"Chosen and Byrds","floor":27,"turns":4},{"damage":20,"enemies":"Sentry and Sphere","floor":29,"turns":4},{"damage":8,"enemies":"Book of Stabbing","floor":30,"turns":4},{"damage":0,"enemies":"Centurion and Healer","floor":31,"turns":10},{"damage":35,"enemies":"Automaton","floor":33,"turns":7},{"damage":18,"enemies":"3 Shapes","floor":35,"turns":9},{"damage":0,"enemies":"3 Darklings","floor":37,"turns":6},{"damage":0,"enemies":"Sphere and 2 Shapes","floor":38,"turns":8},{"damage":33,"enemies":"Nemesis","floor":40,"turns":5},{"damage":0,"enemies":"4 Shapes","floor":41,"turns":5},{"damage":0,"enemies":"Writhing Mass","floor":42,"turns":4},{"damage":0,"enemies":"Transient","floor":44,"turns":5},{"damage":10,"enemies":"Reptomancer","floor":45,"turns":3},{"damage":0,"enemies":"Sphere and 2 Shapes","floor":46,"turns":4},{"damage":0,"enemies":"4 Shapes","floor":47,"turns":4},{"damage":0,"enemies":"Time Eater","floor":50,"turns":7}],"seed_played":"-9133713097950983790","potions_obtained":[{"floor":1,"key":"Weak Potion"},{"floor":4,"key":"Strength Potion"},{"floor":5,"key":"Poison Potion"},{"floor":7,"key":"Ancient Potion"},{"floor":12,"key":"Fruit Juice"},{"floor":14,"key":"AttackPotion"},{"floor":20,"key":"Block Potion"},{"floor":23,"key":"Energy Potion"},{"floor":25,"key":"Fire Potion"},{"floor":33,"key":"Poison Potion"},{"floor":37,"key":"Ancient Potion"},{"floor":45,"key":"PowerPotion"}],"is_trial":false,"path_per_floor":["M","M","?","M","M","R","E","M","T","R","?","E","$","M","R","B",null,"M","?","M","?","M","E","R","M","T","M","?","M","E","M","R","B",null,"M","T","M","M","$","E","M","M","T","M","E","M","M","$","R","B",null],"character_chosen":"IRONCLAD","items_purchased":["Clothesline","Master of Strategy","Bag of Marbles","Shrug It Off"],"campfire_rested":0,"item_purchase_floors":[13,39,48,48],"current_hp_per_floor":[80,80,80,80,80,80,80,83,83,83,63,74,74,83,83,76,94,97,97,93,93,93,103,103,108,108,108,108,98,100,113,113,84,123,114,114,123,135,135,111,123,132,132,138,137,149,163,161,161,164],"gold":172,"neow_bonus":"ONE_RARE_RELIC","is_prod":false,"is_daily":false,"chose_seed":false,"campfire_upgraded":5,"win_rate":1,"timestamp":1556652595,"path_taken":["M","M","?","M","M","R","E","M","T","R","?","E","$","M","R","BOSS","M","?","M","?","?","E","R","M","T","M","?","M","E","M","R","BOSS","M","?","M","M","$","E","M","M","T","?","E","M","M","$","R","BOSS"],"build_version":"2019-01-23","purchased_purges":3,"victory":true,"max_hp_per_floor":[80,80,80,80,80,80,80,83,83,83,83,88,88,91,91,94,94,97,97,100,100,100,104,104,108,108,108,108,112,116,123,123,123,123,126,126,129,135,135,138,144,147,147,147,150,156,164,161,161,164],"card_choices":[{"not_picked":["Entrench","Infernal Blade"],"picked":"Armaments","floor":1},{"not_picked":["Feel No Pain","Entrench"],"picked":"Headbutt","floor":2},{"not_picked":["Perfected Strike","Wild Strike"],"picked":"Spot Weakness","floor":4},{"not_picked":["Anger","Ghostly Armor"],"picked":"Shrug It Off","floor":5},{"not_picked":["Combust","Twin Strike"],"picked":"Feed","floor":7},{"not_picked":["Iron Wave","Combust"],"picked":"Inflame","floor":8},{"not_picked":["Havoc","Dropkick"],"picked":"Pommel Strike","floor":12},{"not_picked":["Clash","Havoc"],"picked":"Cleave","floor":14},{"not_picked":["Bludgeon","Feed"],"picked":"Limit Break","floor":16},{"not_picked":["Rupture","Flex+1","Bloodletting"],"picked":"SKIP","floor":18},{"not_picked":["Sword Boomerang","Heavy Blade"],"picked":"Power Through+1","floor":20},{"not_picked":["Anger+1","Thunderclap","Combust"],"picked":"SKIP","floor":22},{"not_picked":["Thunderclap","Combust"],"picked":"Anger+1","floor":22},{"not_picked":["Warcry","Havoc","Sentinel"],"picked":"SKIP","floor":23},{"not_picked":["Cleave","Flex"],"picked":"Clothesline+1","floor":25},{"not_picked":["Warcry","Pommel Strike"],"picked":"True Grit+1","floor":27},{"not_picked":["Blood for Blood+1","Clothesline+1"],"picked":"Feed","floor":29},{"not_picked":["Searing Blow","Dropkick"],"picked":"Warcry","floor":30},{"not_picked":["Seeing Red","Thunderclap","Sever Soul"],"picked":"SKIP","floor":31},{"not_picked":["Brutality","Barricade"],"picked":"Limit Break","floor":33},{"not_picked":["Thunderclap","Body Slam+1"],"picked":"Headbutt+1","floor":35},{"not_picked":["Heavy Blade","Armaments"],"picked":"Warcry+1","floor":37},{"not_picked":["Corruption+1","Spot Weakness"],"picked":"Battle Trance+1","floor":38},{"not_picked":["True Grit","Wild Strike+1"],"picked":"Inflame+1","floor":40},{"not_picked":["Cleave+1","Havoc","Clash+1"],"picked":"SKIP","floor":41},{"not_picked":["Cleave","Rupture+1"],"picked":"True Grit+1","floor":42},{"not_picked":["Infernal Blade+1","Armaments+1","Entrench"],"picked":"SKIP","floor":44},{"not_picked":["Rage","Brutality","Heavy Blade"],"picked":"SKIP","floor":45},{"not_picked":["Wild Strike+1","Body Slam","Perfected Strike"],"picked":"SKIP","floor":46},{"not_picked":["Wild Strike+1","Body Slam","Perfected Strike"],"picked":"SKIP","floor":46},{"not_picked":["Second Wind","Clothesline+1"],"picked":"Spot Weakness","floor":47}],"player_experience":682677,"relics_obtained":[{"floor":7,"key":"Vajra"},{"floor":9,"key":"Bronze Scales"},{"floor":12,"key":"MawBank"},{"floor":23,"key":"Happy Flower"},{"floor":26,"key":"Champion Belt"},{"floor":30,"key":"Regal Pillow"},{"floor":36,"key":"Mummified Hand"},{"floor":40,"key":"Pen Nib"},{"floor":43,"key":"Bottled Tornado"},{"floor":45,"key":"Art of War"}],"event_choices":[{"damage_healed":0,"gold_gain":0,"player_choice":"Grow","damage_taken":0,"max_hp_gain":0,"max_hp_loss":0,"event_name":"Living Wall","floor":3,"gold_loss":0,"cards_upgraded":["Armaments"]},{"damage_healed":0,"gold_gain":0,"player_choice":"Take Damage","damage_taken":20,"relics_obtained":["Golden Idol"],"max_hp_gain":0,"max_hp_loss":0,"event_name":"Golden Idol","floor":11,"gold_loss":0},{"damage_healed":0,"gold_gain":0,"player_choice":"Simplicity","damage_taken":0,"max_hp_gain":0,"max_hp_loss":0,"event_name":"Back to Basics","floor":19,"gold_loss":0,"cards_upgraded":["Strike_R","Strike_R","Strike_R","Strike_R","Defend_R","Defend_R","Defend_R","Defend_R"]},{"cards_removed":["Strike_R"],"damage_healed":0,"gold_gain":0,"player_choice":"Purged","damage_taken":0,"max_hp_gain":0,"max_hp_loss":0,"event_name":"Purifier","floor":21,"gold_loss":0},{"cards_removed":["Strike_R"],"damage_healed":0,"gold_gain":0,"player_choice":"Offered Basic","damage_taken":0,"max_hp_gain":0,"max_hp_loss":0,"event_name":"Bonfire Elementals","floor":28,"gold_loss":0}],"is_beta":false,"boss_relics":[{"not_picked":["Runic Pyramid","Busted Crown"],"picked":"Mark of Pain"},{"not_picked":["White Beast Statue","Snecko Eye"],"picked":"Fusion Hammer"}],"items_purged_floors":[13,39,48],"is_endless":false,"potions_floor_spawned":[1,4,5,7,12,14,20,23,25,33,37,40,42,45],"ascension_level":0}