{"gold_per_floor":[113,131,131,144,144,178,191,18,68,68,68,87,99,99,99,177,177,195,222,222,222,222,222,256,256,256,256,268,296,159,186,186,265,265,279,279,279,297,317,317,145,145,145,157,169,169,180,180,180,180],"floor_reached":51,"playtime":2349,"items_purged":[],"score":1315,"play_id":"6100a99b-e9fd-41f9-9bb3-f676bcc4e39b","local_time":"20190202154131","is_ascension_mode":true,"campfire_choices":[{"data":"Perfected Strike","floor":15.0,"key":"SMITH"},{"data":"Metallicize","floor":23,"key":"SMITH"},{"floor":25,"key":"REST"},{"data":"Pommel Strike","floor":27,"key":"SMITH"},{"floor":32,"key":"REST"},{"data":"Evolve","floor":40,"key":"SMITH"},{"floor":42,"key":"RECALL"},{"data":"Pommel Strike","floor":49,"key":"SMITH"}],"neow_cost":"NONE","seed_source_timestamp":0,"circlet_count":0,"master_deck":["AscendersBane","Strike_R+1","Strike_R+1","Strike_R+1","Strike_R+1","Strike_R+1","Defend_R+1","Defend_R+1","Defend_R+1","Perfected Strike+1","Metallicize+1","Shrug It Off+1","Perfected Strike+1","Juggernaut+1","Shockwave+1","Pommel Strike+1","Shrug It Off+1","Body Slam+1","True Grit+1","Evolve+1","Entrench+1","Pommel Strike+1"],"special_seed":0,"relics":["Burning Blood","NeowsBlessing","Toxic Egg 2","Juzu Bracelet","Boot","Mark of Pain","War Paint","Regal Pillow","Kunai","Bag of Preparation","Pen Nib","Busted Crown","Oddly Smooth Stone","Peace Pipe"],"potions_floor_usage":[20,33,39,50],"damage_taken":[{"damage":0.0,"enemies":"Small Slimes","floor":1.0,"turns":1.0},{"damage":0.0,"enemies":"Jaw Worm","floor":2.0,"turns":1.0},{"damage":0.0,"enemies":"Cultist","floor":4.0,"turns":1.0},{"damage":25.0,"enemies":"3 Sentries","floor":6.0,"turns":7.0},{"damage":1.0,"enemies":"2 Fungi Beasts","floor":7.0,"turns":3.0},{"damage":12.0,"enemies":"3 Louse","floor":12.0,"turns":4.0},{"damage":11.0,"enemies":"Red Slaver","floor":13.0,"turns":2.0},{"damage":0.0,"enemies":"Slime Boss","floor":16.0,"turns":5.0},{"damage":22,"enemies":"3 Byrds","floor":18,"turns":4},{"damage":20,"enemies":"Colosseum Slavers","floor":20,"turns":4},{"damage":25,"enemies":"Book of Stabbing","floor":24,"turns":5},{"damage":0,"enemies":"Spheric Guardian","floor":28,"turns":3},{"damage":7,"enemies":"Gremlin Leader","floor":29,"turns":8},{"damage":3,"enemies":"Book of Stabbing","floor":31,"turns":5},{"damage":38,"enemies":"Automaton","floor":33,"turns":11},{"damage":0,"enemies":"3 Shapes","floor":35,"turns":3},{"damage":1,"enemies":"Orb Walker","floor":38,"turns":3},{"damage":5,"enemies":"Transient","floor":39,"turns":5},{"damage":0,"enemies":"3 Darklings","floor":44,"turns":5},{"damage":4,"enemies":"Writhing Mass","floor":45,"turns":6},{"damage":10,"enemies":"Jaw Worm Horde","floor":47,"turns":4},{"damage":71,"enemies":"Awakened One","floor":50,"turns":11}],"seed_played":"6674655215918851867","potions_obtained":[{"floor":1.0,"key":"AttackPotion"},{"floor":6.0,"key":"Energy Potion"},{"floor":12.0,"key":"FearPotion"},{"floor":13.0,"key":"SteroidPotion"},{"floor":18,"key":"Weak Potion"},{"floor":29,"key":"SpeedPotion"},{"floor":33,"key":"Block Potion"},{"floor":35,"key":"Ancient Potion"},{"floor":39,"key":"SteroidPotion"},{"floor":44,"key":"SkillPotion"}],"is_trial":false,"path_per_floor":["M","M","?","M","?","E","M","$","T","?","?","M","M","?","R","B",null,"M","T","?","?","?","R","E","R","T","R","M","E","$","E","R","B",null,"M","$","?","M","M","R","$","R","T","M","M","$","M","?","R","B",null],"character_chosen":"IRONCLAD","items_purchased":["Juzu Bracelet","True Grit+1","Evolve","Oddly Smooth Stone"],"campfire_rested":2,"item_purchase_floors":[8,30,30,41],"current_hp_per_floor":[74,75,75,75,75,56,61,61,61,61,66,60,55,55,55,61,75,59,59,45,37,37,37,18,57,57,57,63,62,62,65,80,48,72,78,78,78,80,80,80,80,80,80,80,80,80,76,76,76,11],"gold":180,"neow_bonus":"THREE_ENEMY_KILL","is_prod":false,"is_daily":false,"chose_seed":false,"campfire_upgraded":5,"win_rate":0,"timestamp":1549122091,"path_taken":["M","M","?","M","?","E","M","$","T","?","?","M","M","?","R","BOSS","M","?","?","?","?","R","E","R","T","R","M","E","$","E","R","BOSS","M","$","?","M","M","R","$","R","T","M","M","$","M","?","R","BOSS"],"build_version":"2019-01-23","purchased_purges":0,"victory":true,"max_hp_per_floor":[75,75,75,75,75,75,75,75,75,75,80,80,80,80,80,80,80,80,80,80,80,80,80,80,80,80,80,80,80,80,80,80,80,80,80,80,80,80,80,80,80,80,80,80,80,80,80,80,80,80],"card_choices":[{"not_picked":["Power Through","Heavy Blade"],"picked":"Perfected Strike","floor":1.0},{"not_picked":["Heavy Blade","Searing Blow","Rage"],"picked":"SKIP","floor":2.0},{"not_picked":["Warcry","Anger","Havoc"],"picked":"SKIP","floor":4.0},{"not_picked":["Clothesline","Entrench"],"picked":"Shrug It Off","floor":6.0},{"not_picked":["Inflame","Iron Wave"],"picked":"Perfected Strike","floor":7.0},{"not_picked":["Spot Weakness+1","Iron Wave","Whirlwind"],"picked":"SKIP","floor":12.0},{"not_picked":["Dropkick","Rampage"],"picked":"Juggernaut","floor":13.0},{"not_picked":["Sword Boomerang+1","Flex+1"],"picked":"Shockwave+1","floor":18},{"not_picked":["Carnage","Hemokinesis"],"picked":"Pommel Strike","floor":24},{"not_picked":["Fire Breathing","Dual Wield+1"],"picked":"Shrug It Off+1","floor":28},{"not_picked":["Hemokinesis+1","Wild Strike"],"picked":"Body Slam+1","floor":29},{"not_picked":["Heavy Blade","Metallicize","Whirlwind"],"picked":"SKIP","floor":31},{"not_picked":[],"picked":"Entrench+1","floor":35},{"not_picked":["Clothesline"],"picked":"SKIP","floor":38},{"not_picked":["Heavy Blade"],"picked":"SKIP","floor":39},{"not_picked":["Heavy Blade"],"picked":"SKIP","floor":39},{"not_picked":["Searing Blow+1"],"picked":"SKIP","floor":44},{"not_picked":["Armaments+1"],"picked":"SKIP","floor":45},{"not_picked":[],"picked":"Pommel Strike","floor":47}],"player_experience":520967,"relics_obtained":[{"floor":6.0,"key":"Toxic Egg 2"},{"floor":9.0,"key":"Boot"},{"floor":19,"key":"War Paint"},{"floor":24,"key":"Regal Pillow"},{"floor":26,"key":"Kunai"},{"floor":29,"key":"Bag of Preparation"},{"floor":31,"key":"Pen Nib"},{"floor":43,"key":"Peace Pipe"}],"event_choices":[{"damage_healed":0.0,"max_hp_gain":0.0,"max_hp_loss":0.0,"gold_gain":0.0,"event_name":"Living Wall","player_choice":"Grow","floor":3.0,"gold_loss":0.0,"damage_taken":0.0,"cards_upgraded":["Perfected Strike"]},{"damage_healed":0.0,"max_hp_gain":0.0,"max_hp_loss":0.0,"gold_gain":0.0,"cards_transformed":["Bash"],"event_name":"Transmorgrifier","player_choice":"Transformed","floor":5.0,"gold_loss":0.0,"damage_taken":0.0,"cards_obtained":["Metallicize"]},{"damage_healed":0.0,"max_hp_gain":0.0,"max_hp_loss":0.0,"gold_gain":0.0,"event_name":"The Cleric","player_choice":"Leave","floor":10.0,"gold_loss":0.0,"damage_taken":0.0},{"damage_healed":0.0,"max_hp_gain":5.0,"max_hp_loss":0.0,"gold_gain":0.0,"event_name":"Big Fish","player_choice":"Donut","floor":11.0,"gold_loss":0.0,"damage_taken":0.0},{"damage_healed":0.0,"max_hp_gain":0.0,"max_hp_loss":0.0,"gold_gain":0.0,"event_name":"Accursed Blacksmith","player_choice":"Forge","floor":14.0,"gold_loss":0.0,"damage_taken":0.0,"cards_upgraded":["Juggernaut"]},{"damage_healed":0,"gold_gain":0,"player_choice":"Fight","damage_taken":0,"max_hp_gain":0,"max_hp_loss":0,"event_name":"Colosseum","floor":20,"gold_loss":0},{"damage_healed":0,"gold_gain":0,"player_choice":"Fled From Nobs","damage_taken":0,"max_hp_gain":0,"max_hp_loss":0,"event_name":"Colosseum","floor":20,"gold_loss":0},{"damage_healed":0,"gold_gain":0,"player_choice":"","damage_taken":8,"max_hp_gain":0,"max_hp_loss":0,"event_name":"Knowing Skull","floor":21,"potions_obtained":[],"gold_loss":0,"cards_obtained":[]},{"damage_healed":0,"gold_gain":0,"player_choice":"Simplicity","damage_taken":0,"max_hp_gain":0,"max_hp_loss":0,"event_name":"Back to Basics","floor":22,"gold_loss":0,"cards_upgraded":["Strike_R","Strike_R","Strike_R","Strike_R","Strike_R","Defend_R","Defend_R"]},{"cards_removed":["Defend_R"],"damage_healed":0,"gold_gain":0,"player_choice":"Removed Skill","damage_taken":0,"max_hp_gain":0,"max_hp_loss":0,"event_name":"Falling","floor":37,"gold_loss":0},{"damage_healed":0,"gold_gain":0,"player_choice":"Ignored","damage_taken":0,"max_hp_gain":0,"max_hp_loss":0,"event_name":"Mysterious Sphere","floor":48,"gold_loss":0}],"is_beta":false,"boss_relics":[{"not_picked":["Astrolabe","Runic Cube"],"picked":"Mark of Pain"},{"not_picked":["Cursed Key","Black Star"],"picked":"Busted Crown"}],"items_purged_floors":[],"is_endless":false,"potions_floor_spawned":[1,6,12,13,18,29,33,35,39,44,47],"ascension_level":16}