{"gold_per_floor":[109,119,66,66,80,80,90,106,132,142,67,80,80,104,104,209,209,225,76,76,76,76,76,106,106,155,182,14,31,46,46],"floor_reached":31,"playtime":989,"items_purged":["Strike_G","Shame"],"score":368,"play_id":"e73e587e-a7b7-47a9-9112-b4c79cf224e2","local_time":"20190115001430","is_ascension_mode":true,"campfire_choices":[{"data":"Deflect","floor":6,"key":"SMITH"},{"floor":15,"key":"REST"},{"data":"RitualDagger","floor":23,"key":"SMITH"},{"floor":25,"key":"REST"}],"neow_cost":"NONE","seed_source_timestamp":1752582623502307,"circlet_count":0,"master_deck":["AscendersBane","Defend_G","Defend_G","Defend_G","Defend_G+1","Defend_G","Strike_G","Strike_G","Strike_G","Strike_G+1","Survivor","Neutralize","Skewer+1","Sucker Punch","Deflect+1","Flying Knee+1","Slice","PiercingWail+1","Skewer","Doppelganger","RitualDagger+1","Slice+1","Dash","Terror+1","Calculated Gamble+1"],"relics":["Philosopher\u0027s Stone","Whetstone","Odd Mushroom","Busted Crown","Oddly Smooth Stone","War Paint","Art of War","Blood Vial","Red Mask"],"potions_floor_usage":[14,16,24,27],"damage_taken":[{"damage":0,"enemies":"Small Slimes","floor":1,"turns":4},{"damage":0,"enemies":"Cultist","floor":2,"turns":3},{"damage":4,"enemies":"Jaw Worm","floor":5,"turns":2},{"damage":11,"enemies":"3 Louse","floor":7,"turns":3},{"damage":7,"enemies":"2 Fungi Beasts","floor":8,"turns":3},{"damage":0,"enemies":"Large Slime","floor":10,"turns":4},{"damage":5,"enemies":"Blue Slaver","floor":12,"turns":3},{"damage":14,"enemies":"The Mushroom Lair","floor":14,"turns":3},{"damage":35,"enemies":"The Guardian","floor":16,"turns":12},{"damage":20,"enemies":"2 Thieves","floor":18,"turns":5},{"damage":48,"enemies":"Gremlin Leader","floor":24,"turns":8},{"damage":29,"enemies":"Masked Bandits","floor":27,"turns":5},{"damage":0,"enemies":"Spheric Guardian","floor":29,"turns":2},{"damage":12,"enemies":"Shelled Parasite and Fungi","floor":30,"turns":4},{"damage":6,"enemies":"Snake Plant","floor":31,"turns":2}],"seed_played":"-2080520350104645457","potions_obtained":[{"floor":1,"key":"Dexterity Potion"},{"floor":7,"key":"LiquidBronze"},{"floor":8,"key":"GamblersBrew"},{"floor":12,"key":"AttackPotion"},{"floor":18,"key":"Regen Potion"}],"is_trial":false,"path_per_floor":["M","M","$","?","M","R","M","M","T","M","$","M","?","?","R","B",null,"M","$","?","?","?","R","E","R","T","?","$","M","M","M"],"character_chosen":"THE_SILENT","items_purchased":["Deflect","Oddly Smooth Stone","Dash"],"campfire_rested":2,"item_purchase_floors":[3,19,28],"current_hp_per_floor":[63,63,63,63,59,59,48,41,41,41,41,36,36,22,43,8,55,35,35,58,52,52,52,4,25,25,10,10,12,2,0],"gold":46,"neow_bonus":"BOSS_RELIC","is_prod":false,"is_daily":false,"chose_seed":false,"campfire_upgraded":2,"win_rate":0,"timestamp":1547511270,"path_taken":["M","M","$","?","M","R","M","M","T","M","$","?","?","?","R","BOSS","M","$","?","?","?","R","E","R","T","?","$","M","M","M"],"build_version":"2019-01-10","purchased_purges":2,"victory":false,"max_hp_per_floor":[70,70,70,70,70,70,70,70,70,70,70,70,70,70,70,70,70,70,70,70,70,70,70,70,70,70,70,70,70,70,70],"card_choices":[{"not_picked":["Accuracy","Reflex"],"picked":"Skewer","floor":1},{"not_picked":["Cloak And Dagger","Dagger Throw"],"picked":"Sucker Punch","floor":2},{"not_picked":["Bouncing Flask","Bane","Finisher"],"picked":"SKIP","floor":5},{"not_picked":["Expertise","Distraction"],"picked":"Flying Knee","floor":7},{"not_picked":["Catalyst","Crippling Poison","Bane"],"picked":"SKIP","floor":8},{"not_picked":["Flechettes","Outmaneuver"],"picked":"Slice","floor":10},{"not_picked":["Slice","Dagger Spray"],"picked":"PiercingWail","floor":12},{"not_picked":["Backflip","Deflect"],"picked":"Skewer","floor":14},{"not_picked":["Envenom","A Thousand Cuts"],"picked":"Doppelganger","floor":16},{"not_picked":["Prepared"],"picked":"SKIP","floor":18},{"not_picked":["Caltrops"],"picked":"SKIP","floor":24},{"not_picked":[],"picked":"Slice+1","floor":27},{"not_picked":[],"picked":"Terror+1","floor":29},{"not_picked":[],"picked":"Calculated Gamble+1","floor":30}],"player_experience":311513,"relics_obtained":[{"floor":9,"key":"Whetstone"},{"floor":14,"key":"Odd Mushroom"},{"floor":24,"key":"Art of War"},{"floor":26,"key":"Blood Vial"},{"floor":27,"key":"Red Mask"}],"event_choices":[{"damage_healed":0,"gold_gain":0,"player_choice":"Forge","damage_taken":0,"max_hp_gain":0,"max_hp_loss":0,"event_name":"Accursed Blacksmith","floor":4,"gold_loss":0,"cards_upgraded":["Skewer"]},{"damage_healed":0,"gold_gain":0,"player_choice":"Ignored","damage_taken":0,"max_hp_gain":0,"max_hp_loss":0,"event_name":"Liars Game","floor":13,"gold_loss":0},{"damage_healed":0,"gold_gain":0,"player_choice":"Fought Mushrooms","damage_taken":0,"max_hp_gain":0,"max_hp_loss":0,"event_name":"Mushrooms","floor":14,"gold_loss":0},{"damage_healed":23,"gold_gain":0,"player_choice":"Heal","damage_taken":0,"max_hp_gain":0,"max_hp_loss":0,"event_name":"The Library","floor":20,"gold_loss":0},{"damage_healed":0,"gold_gain":0,"player_choice":"Joined the Cult","damage_taken":6,"max_hp_gain":0,"max_hp_loss":0,"event_name":"Nest","floor":21,"gold_loss":0,"cards_obtained":["RitualDagger"]},{"damage_healed":0,"gold_gain":0,"player_choice":"Stole Relic","damage_taken":0,"relics_obtained":["War Paint"],"max_hp_gain":0,"max_hp_loss":0,"event_name":"Addict","floor":22,"gold_loss":0,"cards_obtained":["Shame"]},{"damage_healed":0,"gold_gain":0,"player_choice":"Fought Bandits","damage_taken":0,"max_hp_gain":0,"max_hp_loss":0,"event_name":"Masked Bandits","floor":27,"gold_loss":0}],"is_beta":false,"boss_relics":[{"not_picked":["Sozu","Runic Dome"],"picked":"Busted Crown"}],"items_purged_floors":[11,28],"is_endless":false,"potions_floor_spawned":[1,7,8,10,12,18],"killed_by":"Snake Plant","ascension_level":10}