{"gold_per_floor":[119,130,148,148,73,100,100,114,114,389,418,518,518,531,531,531],"floor_reached":16,"playtime":491,"items_purged":["Strike_R"],"score":200,"play_id":"6a2da716-500b-4e48-909e-5922d0b028cb","local_time":"20181213221956","is_ascension_mode":true,"campfire_choices":[{"data":"Blood for Blood","floor":7,"key":"SMITH"},{"floor":13,"key":"REST"},{"floor":15,"key":"REST"}],"neow_cost":"NONE","seed_source_timestamp":90376661731312,"circlet_count":0,"master_deck":["AscendersBane","Strike_R","Strike_R","Strike_R","Strike_R","Defend_R","Defend_R","Defend_R","Bash","Burning Pact","Blood for Blood+1","Wild Strike","Inflame","Blood for Blood","Regret","Impervious","Blood for Blood"],"relics":["Burning Blood","NeowsBlessing","Pen Nib","Juzu Bracelet","Odd Mushroom"],"potions_floor_usage":[6,11,11],"damage_taken":[{"damage":0,"enemies":"Cultist","floor":1,"turns":1},{"damage":0,"enemies":"Small Slimes","floor":2,"turns":1},{"damage":0,"enemies":"2 Louse","floor":3,"turns":1},{"damage":39,"enemies":"Gremlin Nob","floor":6,"turns":4},{"damage":13,"enemies":"Red Slaver","floor":8,"turns":3},{"damage":31,"enemies":"The Mushroom Lair","floor":11,"turns":3},{"damage":21,"enemies":"Large Slime","floor":14,"turns":6},{"damage":42,"enemies":"The Guardian","floor":16,"turns":5}],"seed_played":"7663719451120420059","potions_obtained":[{"floor":1,"key":"Poison Potion"},{"floor":3,"key":"AttackPotion"},{"floor":8,"key":"Poison Potion"}],"is_trial":false,"path_per_floor":["M","M","M","?","$","E","R","M","T","?","?","?","R","M","R","B"],"character_chosen":"IRONCLAD","items_purchased":[],"campfire_rested":2,"item_purchase_floors":[],"current_hp_per_floor":[74,75,75,75,75,42,42,35,35,35,10,10,32,17,39,0],"gold":531,"neow_bonus":"THREE_ENEMY_KILL","is_prod":false,"is_daily":false,"chose_seed":false,"campfire_upgraded":1,"win_rate":0,"timestamp":1544739596,"path_taken":["M","?","M","?","$","E","R","?","T","?","?","?","R","M","R","BOSS"],"build_version":"2018-12-06","purchased_purges":1,"victory":false,"max_hp_per_floor":[75,75,75,75,75,75,75,75,75,75,75,75,75,75,75,75],"card_choices":[{"not_picked":["True Grit","Wild Strike"],"picked":"Burning Pact","floor":1},{"not_picked":["Shockwave","Carnage"],"picked":"Blood for Blood","floor":2},{"not_picked":["Warcry","Feel No Pain","Anger"],"picked":"SKIP","floor":3},{"not_picked":["Seeing Red","Uppercut"],"picked":"Inflame","floor":6},{"not_picked":["Wild Strike","Armaments"],"picked":"Blood for Blood","floor":8},{"not_picked":["Ghostly Armor","True Grit"],"picked":"Impervious","floor":11},{"not_picked":["Shrug It Off","Perfected Strike"],"picked":"Blood for Blood","floor":14}],"player_experience":392617,"relics_obtained":[{"floor":6,"key":"Pen Nib"},{"floor":9,"key":"Juzu Bracelet"},{"floor":11,"key":"Odd Mushroom"}],"event_choices":[{"damage_healed":0,"gold_gain":0,"cards_transformed":["Defend_R"],"player_choice":"Transformed","damage_taken":0,"max_hp_gain":0,"max_hp_loss":0,"event_name":"Transmorgrifier","floor":4,"gold_loss":0,"cards_obtained":["Wild Strike"]},{"damage_healed":0,"gold_gain":275,"player_choice":"Desecrate","damage_taken":0,"max_hp_gain":0,"max_hp_loss":0,"event_name":"Golden Shrine","floor":10,"gold_loss":0,"cards_obtained":["Regret"]},{"damage_healed":0,"gold_gain":0,"player_choice":"Fought Mushrooms","damage_taken":0,"max_hp_gain":0,"max_hp_loss":0,"event_name":"Mushrooms","floor":11,"gold_loss":0},{"damage_healed":0,"gold_gain":100,"player_choice":"Gold","damage_taken":0,"max_hp_gain":0,"max_hp_loss":0,"event_name":"Wheel of Change","floor":12,"gold_loss":0}],"is_beta":false,"boss_relics":[],"items_purged_floors":[5],"is_endless":false,"potions_floor_spawned":[1,3,8],"killed_by":"The Guardian","ascension_level":20}