{"path_per_floor":["M","$","?","M","M","E","?","R","T","E","M","?","M","M","R","B",null,"M","?","?","$","?","R","E","R","T","R","E","R","?","?","R"],"character_chosen":"IRONCLAD","items_purchased":["Oddly Smooth Stone"],"gold_per_floor":[114,39,39,50,66,96,65,65,88,118,129,304,322,339,339,438,438,453,453,453,310,310,310,341,341,341,341,366,366,281,281,281],"floor_reached":33,"campfire_rested":2,"playtime":1670,"current_hp_per_floor":[80,80,80,75,80,67,67,67,67,73,79,79,80,78,78,68,80,64,49,49,49,85,85,56,56,56,56,17,42,42,26,51],"items_purged":["Strike_R"],"gold":281,"play_id":"1ce01b7c-3c81-40c8-bead-9c37b2199573","is_prod":false,"is_daily":false,"campfire_rituals":0,"campfire_upgraded":5,"is_hardmode":false,"path_taken":["M","$","?","M","M","E","?","R","T","E","M","?","M","M","R","BOSS","M","?","?","$","?","R","E","R","T","R","E","R","?","?","R","BOSS"],"build_version":"2018-01-04-PROD1","purchased_purges":2,"victory":false,"master_deck":["Strike_R","Strike_R","Strike_R","Strike_R","Defend_R","Defend_R","Defend_R","Bash","Impervious","Cleave","Demon Form","Power Through","Headbutt","Clash","Sword Boomerang","Armaments","Clash","Demon Form","Pommel Strike","Battle Trance"],"max_hp_per_floor":[80,80,80,80,80,80,80,80,80,80,80,80,80,80,80,80,80,80,85,85,85,85,85,85,85,85,85,85,85,85,85,85],"relics":["Burning Blood","Art of War","Toxic Egg","Juzu Bracelet","Question Card","Oddly Smooth Stone","Anchor","Bottled Lightning","Molten Egg","Bag of Marbles","Enchiridion"],"campfire_meditates":0,"card_choices":[{"not_picked":["Seeing Red","True Grit"],"picked":"Cleave"},{"not_picked":["Headbutt","Corruption"],"picked":"Demon Form"},{"not_picked":["Clash","Sword Boomerang"],"picked":"Power Through"},{"not_picked":["True Grit","Thunderclap"],"picked":"Headbutt"},{"not_picked":["Juggernaut","Body Slam"],"picked":"Clash"},{"not_picked":["Warcry","Flame Barrier"],"picked":"Sword Boomerang"},{"not_picked":["Wild Strike","Perfected Strike"],"picked":"Armaments"},{"not_picked":["Dropkick","Clothesline"],"picked":"Clash"},{"not_picked":["Exhume","Berserk"],"picked":"Demon Form"},{"not_picked":["Feel No Pain","Seeing Red","Rampage"],"picked":"Pommel Strike"},{"not_picked":["Body Slam","Perfected Strike","Dual Wield"],"picked":"Battle Trance"}],"player_experience":206096,"potions_floor_usage":[6,11,24,28,33],"damage_taken":[{"damage":5,"enemies":"Cultist","floor":1,"turns":4},{"damage":11,"enemies":"Blue Slaver","floor":4,"turns":4},{"damage":1,"enemies":"2 Louse","floor":5,"turns":3},{"damage":19,"enemies":"3 Sentries","floor":6,"turns":6},{"damage":0,"enemies":"Lagavulin","floor":10,"turns":7},{"damage":0,"enemies":"Exordium Thugs","floor":11,"turns":4},{"damage":0,"enemies":"Large Slime","floor":13,"turns":4},{"damage":8,"enemies":"2 Fungi Beasts","floor":14,"turns":3},{"damage":16,"enemies":"Hexaghost","floor":16,"turns":7},{"damage":22,"enemies":"Shell Parasite","floor":18,"turns":6},{"damage":35,"enemies":"Book of Stabbing","floor":24,"turns":6},{"damage":45,"enemies":"Gremlin Leader","floor":28,"turns":6},{"damage":108,"enemies":"Automaton","floor":33,"turns":12}],"event_choices":[{"event_name":"Bonfire Elementals","player_choice":"SKILL","floor":3,"damage_taken":0},{"event_name":"World of Goop","player_choice":"Left","floor":7,"damage_taken":0},{"event_name":"Liars Game","player_choice":"agreed","floor":12,"damage_taken":0},{"event_name":"Forgotten Altar","player_choice":"Shed Blood","floor":19,"damage_taken":0},{"event_name":"Fountain of Cleansing","player_choice":"Removed Curse","floor":20,"damage_taken":0},{"event_name":"Wheel of Change","player_choice":"Full Heal","floor":22,"damage_taken":0},{"event_name":"Addict","player_choice":"Obtained Relic","floor":30,"damage_taken":0},{"event_name":"Cursed Tome","player_choice":"Obtained Book","floor":31,"damage_taken":0}],"boss_relics":[{"not_picked":["Lizard Tail","Snecko Eye"],"picked":"Question Card"}],"potions_floor_spawned":[1,4,5,10,13,16,18],"seed_played":"3043767629843997115","killed_by":"Automaton","is_trial":false}