{"gold_per_floor":[20,20,32,51,51,51,109,137,137,4,22,22,0,0,0,0],"floor_reached":16,"playtime":524,"items_purged":[],"score":186,"play_id":"5fa21dd3-0ac6-4ae5-9d85-aff874c514b1","local_time":"20190426162410","is_ascension_mode":true,"campfire_choices":[{"data":"Quick Slash","floor":6,"key":"SMITH"},{"data":"Masterful Stab","floor":12,"key":"SMITH"},{"data":"Survivor","floor":15,"key":"SMITH"}],"neow_cost":"NO_GOLD","seed_source_timestamp":3382462799121578,"circlet_count":0,"master_deck":["AscendersBane","Defend_G","Defend_G","Defend_G","Defend_G","Defend_G","Strike_G","Strike_G","Strike_G","Strike_G","Strike_G","Survivor+1","Neutralize+1","Dagger Throw","Quick Slash+1","Dagger Spray","Masterful Stab+1","PiercingWail"],"relics":["Ring of the Snake","Du-Vu Doll","Nunchaku","Mummified Hand"],"potions_floor_usage":[8,11,16],"damage_taken":[{"damage":9,"enemies":"2 Louse","floor":1,"turns":2},{"damage":0,"enemies":"Cultist","floor":3,"turns":4},{"damage":1,"enemies":"Jaw Worm","floor":4,"turns":2},{"damage":20,"enemies":"Gremlin Nob","floor":8,"turns":4},{"damage":2,"enemies":"Exordium Wildlife","floor":11,"turns":4},{"damage":29,"enemies":"Hexaghost","floor":16,"turns":14}],"seed_played":"519213588716072746","potions_obtained":[{"floor":1,"key":"Ancient Potion"},{"floor":2,"key":"Block Potion"},{"floor":2,"key":"PowerPotion"}],"is_trial":false,"path_per_floor":["M","?","M","M","$","R","?","E","T","$","M","R","?","?","R","B"],"character_chosen":"THE_SILENT","items_purchased":["Masterful Stab","SkillPotion"],"campfire_rested":0,"item_purchase_floors":[10,10],"current_hp_per_floor":[50,50,50,49,49,49,49,29,29,29,27,27,27,27,27,0],"gold":0,"neow_bonus":"ONE_RARE_RELIC","is_prod":false,"is_daily":false,"chose_seed":false,"campfire_upgraded":3,"win_rate":0,"timestamp":1556292250,"path_taken":["M","?","?","M","?","R","?","E","T","?","M","R","?","?","R","BOSS"],"build_version":"2019-01-23","purchased_purges":0,"victory":false,"max_hp_per_floor":[66,66,66,66,66,66,66,66,66,66,66,66,66,66,66,66],"card_choices":[{"not_picked":["Catalyst","Concentrate"],"picked":"Dagger Throw","floor":1},{"not_picked":["Outmaneuver","Eviscerate","Acrobatics"],"picked":"SKIP","floor":3},{"not_picked":["Expertise","Deflect"],"picked":"Quick Slash","floor":4},{"not_picked":["Sucker Punch","A Thousand Cuts"],"picked":"Dagger Spray","floor":8},{"not_picked":["Acrobatics","Outmaneuver"],"picked":"PiercingWail","floor":11}],"player_experience":664343,"relics_obtained":[{"floor":8,"key":"Nunchaku"},{"floor":9,"key":"Mummified Hand"}],"event_choices":[{"damage_healed":0,"gold_gain":0,"player_choice":"Got Potions","damage_taken":0,"max_hp_gain":0,"max_hp_loss":0,"event_name":"Lab","floor":2,"gold_loss":0},{"damage_healed":0,"gold_gain":58,"player_choice":"Gained Gold","damage_taken":0,"max_hp_gain":0,"max_hp_loss":0,"event_name":"Golden Wing","floor":7,"gold_loss":0},{"damage_healed":0,"gold_gain":0,"player_choice":"Left Gold","damage_taken":0,"max_hp_gain":0,"max_hp_loss":0,"event_name":"World of Goop","floor":13,"gold_loss":22},{"damage_healed":0,"gold_gain":0,"player_choice":"Grow","damage_taken":0,"max_hp_gain":0,"max_hp_loss":0,"event_name":"Living Wall","floor":14,"gold_loss":0,"cards_upgraded":["Neutralize"]}],"is_beta":false,"boss_relics":[],"items_purged_floors":[],"is_endless":false,"potions_floor_spawned":[1,4],"killed_by":"Hexaghost","ascension_level":18}