{"gold_per_floor":[117,38,38,48,48,82,82,92,92,92,112,132,132,132,132,132],"floor_reached":16,"playtime":640,"items_purged":[],"score":100,"play_id":"e9b36d08-2cf1-4564-9a28-9fe41e635229","local_time":"20180913160458","is_ascension_mode":false,"campfire_choices":[{"data":"Barricade","floor":7,"key":"SMITH"},{"data":"Metallicize","floor":10,"key":"SMITH"},{"data":"Battle Trance","floor":13,"key":"SMITH"},{"data":"Defend_R","floor":15,"key":"SMITH"}],"neow_cost":"","seed_source_timestamp":2511550146131572,"circlet_count":0,"master_deck":["Strike_R","Strike_R","Strike_R","Strike_R","Strike_R","Defend_R","Defend_R","Defend_R","Defend_R+1","Bash","Flex","Barricade+1","Battle Trance+1","Metallicize+1"],"relics":["Burning Blood"],"potions_floor_usage":[16],"damage_taken":[{"damage":8,"enemies":"Jaw Worm","floor":1,"turns":3},{"damage":3,"enemies":"2 Louse","floor":4,"turns":3},{"damage":29,"enemies":"Lagavulin","floor":6,"turns":8},{"damage":4,"enemies":"Cultist","floor":8,"turns":4},{"damage":2,"enemies":"Large Slime","floor":11,"turns":8},{"damage":8,"enemies":"3 Louse","floor":12,"turns":4},{"damage":67,"enemies":"Hexaghost","floor":16,"turns":15}],"seed_played":"-514372942586151754","potions_obtained":[{"floor":11,"key":"Energy Potion"},{"floor":12,"key":"AttackPotion"}],"is_trial":false,"path_per_floor":["M","$","?","M","?","E","R","M","T","R","M","M","R","T","R"],"character_chosen":"IRONCLAD","items_purchased":["Barricade"],"campfire_rested":0,"item_purchase_floors":[2],"current_hp_per_floor":[78,78,83,85,85,62,62,64,64,64,68,66,66,66,66,0],"gold":132,"neow_bonus":"","is_prod":false,"is_daily":false,"chose_seed":false,"campfire_upgraded":4,"win_rate":0,"timestamp":1536851098,"path_taken":["M","$","?","M","?","E","R","M","T","R","M","?","R","?","R","BOSS"],"build_version":"2018-09-06","purchased_purges":0,"victory":false,"max_hp_per_floor":[80,80,85,85,85,85,85,85,85,85,85,85,85,85,85,85],"card_choices":[{"not_picked":["Sword Boomerang","Warcry"],"picked":"Flex","floor":1},{"not_picked":["Carnage","Body Slam"],"picked":"Battle Trance","floor":4},{"not_picked":["Burning Pact","Shrug It Off"],"picked":"Metallicize","floor":6},{"not_picked":["Wild Strike","Armaments","True Grit"],"picked":"SKIP","floor":8},{"not_picked":["Warcry","Thunderclap","Corruption"],"picked":"SKIP","floor":11},{"not_picked":["Reckless Charge","Thunderclap","True Grit"],"picked":"SKIP","floor":12},{"not_picked":["Reckless Charge","Thunderclap","True Grit"],"picked":"SKIP","floor":12}],"player_experience":350516,"relics_obtained":[],"event_choices":[{"event_name":"Big Fish","player_choice":"Donut","floor":3,"damage_taken":0},{"event_name":"Scrap Ooze","player_choice":"unsuccessful","floor":5,"damage_taken":0}],"is_beta":false,"boss_relics":[],"items_purged_floors":[],"is_endless":false,"potions_floor_spawned":[6,11,12],"killed_by":"Hexaghost","ascension_level":0}