{"gold_per_floor":[115,126,126,11,11,11,28,44,71,100,113,113,63,63,63,162,162,181,106,116,29,29,58,58,72,72,89,109,109,143,155,155,255,255,266,266,266,266,279,279,279],"floor_reached":41,"playtime":2220,"items_purged":["Regret"],"score":603,"play_id":"1692b446-349d-4218-a037-56f68d6d6db9","local_time":"20190114123536","is_ascension_mode":true,"campfire_choices":[{"data":"Defend_B","floor":6,"key":"SMITH"},{"data":"Echo Form","floor":12,"key":"SMITH"},{"data":"Auto Shields","floor":15,"key":"SMITH"},{"data":"Gash","floor":24,"key":"SMITH"},{"floor":32,"key":"REST"},{"data":"Conserve Battery","floor":40,"key":"SMITH"}],"neow_cost":"TEN_PERCENT_HP_LOSS","seed_source_timestamp":1709415590198657,"circlet_count":0,"master_deck":["Strike_B","Strike_B","Defend_B","Defend_B+1","Defend_B+1","Zap","Dualcast+1","FTL","Leap","Undo","Conserve Battery+1","Melter","Auto Shields+1","Echo Form+1","Go for the Eyes+1","Gash+1","Skim","Conserve Battery+1","Conserve Battery","Genetic Algorithm","Sweeping Beam+1","Core Surge","All For One","Gash","Genetic Algorithm"],"relics":["Cracked Core","StoneCalendar","Omamori","Vajra","Turnip","Sozu","Strawberry","Darkstone Periapt","Nunchaku","Juzu Bracelet","Cursed Key"],"potions_floor_usage":[16,23,33],"damage_taken":[{"damage":0,"enemies":"Cultist","floor":1,"turns":4},{"damage":8,"enemies":"Small Slimes","floor":2,"turns":3},{"damage":0,"enemies":"Jaw Worm","floor":7,"turns":3},{"damage":1,"enemies":"2 Fungi Beasts","floor":8,"turns":4},{"damage":12,"enemies":"3 Sentries","floor":10,"turns":7},{"damage":3,"enemies":"Large Slime","floor":11,"turns":7},{"damage":7,"enemies":"Slime Boss","floor":16,"turns":8},{"damage":0,"enemies":"Spheric Guardian","floor":18,"turns":1},{"damage":13,"enemies":"2 Thieves","floor":20,"turns":5},{"damage":1,"enemies":"Book of Stabbing","floor":23,"turns":6},{"damage":6,"enemies":"Snake Plant","floor":25,"turns":6},{"damage":0,"enemies":"Sentry and Sphere","floor":27,"turns":3},{"damage":22,"enemies":"3 Cultists","floor":28,"turns":7},{"damage":24,"enemies":"Slavers","floor":30,"turns":6},{"damage":0,"enemies":"Chosen and Byrds","floor":31,"turns":7},{"damage":6,"enemies":"Champ","floor":33,"turns":11},{"damage":0,"enemies":"3 Shapes","floor":35,"turns":7},{"damage":12,"enemies":"3 Darklings","floor":39,"turns":7},{"damage":73,"enemies":"Giant Head","floor":41,"turns":9}],"seed_played":"-1722275773383334601","potions_obtained":[{"floor":1,"key":"Energy Potion"},{"floor":2,"key":"PowerPotion"},{"floor":7,"key":"Energy Potion"},{"floor":11,"key":"SpeedPotion"}],"is_trial":false,"path_per_floor":["M","M","?","$","?","R","M","M","T","E","M","R","?","?","R","B",null,"M","?","M","$","?","E","R","M","T","M","M","?","E","M","R","B",null,"M","?","?","?","M","R","E"],"character_chosen":"DEFECT","items_purchased":["Undo","Gash","Skim"],"campfire_rested":1,"item_purchase_floors":[4,21,21],"current_hp_per_floor":[68,60,60,60,46,46,46,45,45,33,30,30,30,30,30,23,57,57,57,44,44,66,72,72,66,66,66,44,44,20,20,42,36,65,65,65,65,65,53,53,0],"gold":279,"neow_bonus":"ONE_RARE_RELIC","is_prod":false,"is_daily":false,"chose_seed":false,"campfire_upgraded":5,"win_rate":0,"timestamp":1547469336,"path_taken":["M","M","?","$","?","R","M","M","T","E","?","R","?","?","R","BOSS","M","?","M","$","?","E","R","M","T","M","M","?","E","M","R","BOSS","M","?","?","?","M","R","E"],"build_version":"2019-01-10","purchased_purges":1,"victory":false,"max_hp_per_floor":[68,68,68,68,68,68,68,68,68,68,68,68,68,68,68,68,68,68,68,68,68,68,75,75,75,75,75,75,75,75,75,75,75,75,75,75,75,75,75,75,75],"card_choices":[{"not_picked":["Blizzard","Rebound"],"picked":"FTL","floor":1},{"not_picked":["Storm","Redo"],"picked":"Leap","floor":2},{"not_picked":["Beam Cell","Hologram"],"picked":"Conserve Battery","floor":7},{"not_picked":["Go for the Eyes","Coolheaded"],"picked":"Melter","floor":8},{"not_picked":["Glacier","Ball Lightning"],"picked":"Auto Shields","floor":10},{"not_picked":["Storm","Glacier"],"picked":"Echo Form","floor":11},{"not_picked":["Heatsinks+1","Rebound","Turbo"],"picked":"SKIP","floor":18},{"not_picked":["Barrage","Ball Lightning"],"picked":"Go for the Eyes+1","floor":20},{"not_picked":["Aggregate","Streamline"],"picked":"Conserve Battery","floor":23},{"not_picked":["Streamline","Leap"],"picked":"Conserve Battery","floor":25},{"not_picked":["Consume","Ball Lightning+1"],"picked":"Genetic Algorithm","floor":27},{"not_picked":["Rebound","Double Energy"],"picked":"Sweeping Beam+1","floor":28},{"not_picked":["Go for the Eyes","Beam Cell+1"],"picked":"Core Surge","floor":30},{"not_picked":["Barrage+1","Cold Snap","Beam Cell"],"picked":"SKIP","floor":31},{"not_picked":["Rainbow","Fission"],"picked":"All For One","floor":33},{"not_picked":["Reprogram+1","Coolheaded+1"],"picked":"Gash","floor":35},{"not_picked":["Streamline+1","Leap","Auto Shields+1"],"picked":"SKIP","floor":39}],"player_experience":276762,"relics_obtained":[{"floor":9,"key":"Vajra"},{"floor":10,"key":"Turnip"},{"floor":23,"key":"Strawberry"},{"floor":26,"key":"Darkstone Periapt"},{"floor":30,"key":"Juzu Bracelet"}],"event_choices":[{"damage_healed":0,"gold_gain":0,"player_choice":"Box","damage_taken":0,"relics_obtained":["Omamori"],"max_hp_gain":0,"max_hp_loss":0,"event_name":"Big Fish","floor":3,"gold_loss":0,"cards_obtained":["Regret"]},{"damage_healed":0,"gold_gain":0,"player_choice":"Entered Light","damage_taken":14,"max_hp_gain":0,"max_hp_loss":0,"event_name":"Shining Light","floor":5,"gold_loss":0,"cards_upgraded":["Dualcast","Defend_B"]},{"cards_removed":["Strike_B"],"damage_healed":0,"gold_gain":0,"player_choice":"Card Removal","damage_taken":0,"max_hp_gain":0,"max_hp_loss":0,"event_name":"The Cleric","floor":13,"gold_loss":50},{"damage_healed":0,"gold_gain":0,"player_choice":"Grow","damage_taken":0,"max_hp_gain":0,"max_hp_loss":0,"event_name":"Living Wall","floor":14,"gold_loss":0,"cards_upgraded":["Conserve Battery"]},{"cards_removed":["Strike_B"],"damage_healed":0,"gold_gain":0,"player_choice":"Gave Gold","damage_taken":0,"max_hp_gain":0,"max_hp_loss":0,"event_name":"Beggar","floor":19,"gold_loss":75},{"damage_healed":22,"gold_gain":0,"player_choice":"Heal","damage_taken":0,"max_hp_gain":0,"max_hp_loss":0,"event_name":"The Library","floor":22,"gold_loss":0},{"damage_healed":0,"gold_gain":0,"player_choice":"Opened","damage_taken":0,"relics_obtained":["Nunchaku"],"max_hp_gain":0,"max_hp_loss":0,"event_name":"The Mausoleum","floor":29,"gold_loss":0,"cards_obtained":["Writhe"]},{"damage_healed":0,"gold_gain":0,"player_choice":"Copied","damage_taken":0,"max_hp_gain":0,"max_hp_loss":0,"event_name":"Duplicator","floor":36,"gold_loss":0,"cards_obtained":["Genetic Algorithm"]},{"damage_healed":0,"gold_gain":0,"player_choice":"Memory 1","damage_taken":0,"max_hp_gain":0,"max_hp_loss":0,"event_name":"SensoryStone","floor":37,"gold_loss":0},{"cards_removed":["Defend_B"],"damage_healed":0,"gold_gain":0,"player_choice":"Purged","damage_taken":0,"max_hp_gain":0,"max_hp_loss":0,"event_name":"Purifier","floor":38,"gold_loss":0}],"is_beta":false,"boss_relics":[{"not_picked":["Tiny House","Lizard Tail"],"picked":"Sozu"},{"not_picked":["Philosopher\u0027s Stone","Coffee Dripper"],"picked":"Cursed Key"}],"items_purged_floors":[4],"is_endless":false,"potions_floor_spawned":[1,2,7,11,20,28,31,33,35],"killed_by":"Giant Head","ascension_level":8}