{"path_per_floor":["M","?","?","?","M","R","E","R","T","R","$","E","$","M","R","B",null,"M","?","?","?","?","R","E","M","T","?","R","T","E","M","R","B",null,"M","M","$","M","?","E","$","R","T","E","?","R","M","$","R"],"character_chosen":"IRONCLAD","items_purchased":["Dropkick","Jack Of All Trades","Clash","Girya","Clash"],"gold_per_floor":[115,115,115,115,131,131,165,165,165,165,29,59,10,28,28,133,133,145,145,145,60,60,60,95,115,139,139,139,139,173,193,193,293,293,306,322,28,47,47,72,23,23,23,58,58,58,69,69,69],"floor_reached":50,"campfire_rested":2,"playtime":2192,"current_hp_per_floor":[80,80,80,62,67,67,41,65,65,65,65,65,65,71,71,52,80,74,74,74,74,74,74,70,72,72,79,79,79,80,71,71,27,87,87,80,80,73,73,38,38,64,64,69,69,69,71,71,71],"items_purged":[],"gold":69,"score":674,"play_id":"f43bd286-723c-46a7-a33b-0538d7923ba9","local_time":"20180319192019","is_prod":false,"is_daily":false,"is_ascension_mode":true,"campfire_upgraded":6,"timestamp":1521508819,"path_taken":["M","?","?","?","M","R","E","R","T","R","$","E","$","?","R","BOSS","M","?","?","?","?","R","E","?","T","?","R","?","E","M","R","BOSS","M","M","$","M","?","E","$","R","T","E","?","R","M","?","R","BOSS"],"build_version":"2018-03-16","purchased_purges":0,"victory":false,"master_deck":["Strike_R","Strike_R+1","Strike_R","Defend_R","Defend_R","Defend_R","Bash+1","Ghostly Armor","Pummel","Headbutt+1","Clash+1","Dropkick","Jack Of All Trades+1","Clash+1","Clash+1","Pommel Strike","Offering","Pummel","Rage+1","Clash+1","Headbutt","Juggernaut","Armaments+1","Battle Trance+1","Clash","Clash","Rage"],"max_hp_per_floor":[80,80,80,80,80,80,80,80,80,80,80,80,80,80,80,80,80,80,80,80,80,80,80,80,80,80,87,87,87,87,87,87,87,87,87,87,87,87,87,87,87,87,87,87,87,87,87,87,87],"relics":["Burning Blood","Bronze Scales","Darkstone Periapt","Orichalcum","Ginger","Pantograph","White Beast Statue","Pen Nib","Gambling Chip","Oddly Smooth Stone","Strawberry","Torii","Whetstone","Sozu","Girya","Bottled Flame","Ancient Tea Set","Charon\u0027s Ashes"],"card_choices":[{"not_picked":["Pommel Strike","Metallicize"],"picked":"Ghostly Armor"},{"not_picked":["Corruption","Thunderclap"],"picked":"Headbutt"},{"not_picked":["Dropkick","Twin Strike"],"picked":"Clash"},{"not_picked":["True Grit","Metallicize"],"picked":"Clash"},{"not_picked":["Uppercut","Dark Embrace"],"picked":"Pommel Strike"},{"not_picked":["Limit Break","Brutality"],"picked":"Offering"},{"not_picked":["Thunderclap","Entrench"],"picked":"Pummel"},{"not_picked":["Flame Barrier","Iron Wave"],"picked":"Headbutt"},{"not_picked":["Dark Embrace","Brutality"],"picked":"Juggernaut"},{"not_picked":["Thunderclap","Anger"],"picked":"Armaments"},{"not_picked":["Armaments","Warcry"],"picked":"Battle Trance"},{"not_picked":["Power Through","Metallicize"],"picked":"Clash"},{"not_picked":["Spot Weakness","Heavy Blade"],"picked":"Rage"}],"player_experience":240445,"potions_floor_usage":[16,16,24,31,31,31,33,44],"damage_taken":[{"damage":1,"enemies":"2 Louse","floor":1,"turns":3},{"damage":1,"enemies":"Small Slimes","floor":5,"turns":5},{"damage":32,"enemies":"Gremlin Nob","floor":7,"turns":4},{"damage":6,"enemies":"3 Sentries","floor":12,"turns":9},{"damage":0,"enemies":"Cultist","floor":14,"turns":2},{"damage":34,"enemies":"The Guardian","floor":16,"turns":7},{"damage":12,"enemies":"Shell Parasite","floor":18,"turns":2},{"damage":10,"enemies":"Book of Stabbing","floor":24,"turns":3},{"damage":4,"enemies":"3 Byrds","floor":25,"turns":3},{"damage":5,"enemies":"Slavers","floor":30,"turns":4},{"damage":19,"enemies":"Snecko","floor":31,"turns":4},{"damage":66,"enemies":"Automaton","floor":33,"turns":8},{"damage":0,"enemies":"3 Shapes","floor":35,"turns":2},{"damage":13,"enemies":"3 Darklings","floor":36,"turns":6},{"damage":13,"enemies":"Spire Growth","floor":38,"turns":3},{"damage":41,"enemies":"2 Orb Walkers","floor":40,"turns":4},{"damage":13,"enemies":"Nemesis","floor":44,"turns":5},{"damage":4,"enemies":"Sphere and 2 Shapes","floor":47,"turns":3},{"damage":95,"enemies":"Time Eater","floor":50,"turns":8}],"event_choices":[{"event_name":"Living Wall","player_choice":"Change","floor":2,"damage_taken":0},{"event_name":"Bonfire Elementals","player_choice":"BASIC","floor":3,"damage_taken":0},{"event_name":"Scrap Ooze","player_choice":"success","floor":4,"damage_taken":18},{"event_name":"The Library","player_choice":"Read","floor":19,"damage_taken":0},{"event_name":"Duplicator","player_choice":"One dupe","floor":20,"damage_taken":0},{"event_name":"Addict","player_choice":"Obtained Relic","floor":21,"damage_taken":0},{"event_name":"Vampires","player_choice":"Ignored","floor":22,"damage_taken":0},{"event_name":"The Mausoleum","player_choice":"Yes","floor":27,"damage_taken":0},{"event_name":"Transmorgrifier","player_choice":"Transform","floor":39,"damage_taken":0}],"boss_relics":[{"not_picked":["Snecko Eye","Velvet Choker"],"picked":"White Beast Statue"},{"not_picked":["Calling Bell","Mark of Pain"],"picked":"Sozu"}],"potions_floor_spawned":[7,14,18,24,25,30,31,33,35,36,38,40,44,47],"seed_played":"-1645520612507484246","killed_by":"Time Eater","ascension_level":4,"is_trial":false}