{"path_per_floor":["?","?","?","?","?","?","?","?","?","?","?","?","?","?","?","B",null,"?","?","?","?","?","?","?"],"character_chosen":"THE_SILENT","items_purchased":["Omamori","Infinite Blades","Skewer","War Paint","Bronze Scales"],"gold_per_floor":[114,139,154,169,184,214,214,29,54,69,69,244,259,274,274,374,374,389,389,404,404,34,64,79],"floor_reached":25,"campfire_rested":1,"playtime":1152,"current_hp_per_floor":[84,84,84,80,70,57,57,57,57,55,55,55,38,38,63,16,84,60,60,45,29,29,8,3],"items_purged":[],"gold":79,"score":250,"play_id":"042e81c6-d41a-404f-aaf6-291d106da6db","local_time":"20180306145022","daily_mods":[{"name":"Heirloom","description":"Start with 1 Rare relic.","modID":"Heirloom","img":{"data":{"file":{"file":{"path":"images\\ui\\run_mods\\heirloom.png"},"type":"Internal"},"width":64,"height":64,"format":"RGBA8888","useMipMaps":false,"isPrepared":false},"glTarget":3553,"glHandle":683,"minFilter":"Linear","magFilter":"Linear","uWrap":"ClampToEdge","vWrap":"ClampToEdge"},"positive":true},{"name":"Lethal Enemies","description":"All enemies start with +3 Strength.","modID":"Lethal Enemies","img":{"data":{"file":{"file":{"path":"images\\ui\\run_mods\\lethal_enemies.png"},"type":"Internal"},"width":64,"height":64,"format":"RGBA8888","useMipMaps":false,"isPrepared":false},"glTarget":3553,"glHandle":675,"minFilter":"Linear","magFilter":"Linear","uWrap":"ClampToEdge","vWrap":"ClampToEdge"},"positive":false},{"name":"Cursed Run","description":"Whenever you defeat a Boss, become Cursed.","modID":"Cursed Run","img":{"data":{"file":{"file":{"path":"images\\ui\\run_mods\\cursed_run.png"},"type":"Internal"},"width":64,"height":64,"format":"RGBA8888","useMipMaps":false,"isPrepared":false},"glTarget":3553,"glHandle":673,"minFilter":"Linear","magFilter":"Linear","uWrap":"ClampToEdge","vWrap":"ClampToEdge"},"positive":false},{"name":"Uncertain Future","description":"The map shows only ?.","modID":"Uncertain Future","img":{"data":{"file":{"file":{"path":"images\\ui\\run_mods\\uncertain_future.png"},"type":"Internal"},"width":64,"height":64,"format":"RGBA8888","useMipMaps":false,"isPrepared":false},"glTarget":3553,"glHandle":679,"minFilter":"Linear","magFilter":"Linear","uWrap":"ClampToEdge","vWrap":"ClampToEdge"},"positive":false}],"is_prod":false,"is_daily":true,"is_ascension_mode":false,"campfire_upgraded":1,"timestamp":1520347822,"path_taken":["?","?","?","?","?","?","?","?","?","?","?","?","?","?","?","BOSS","?","?","?","?","?","?","?","?"],"build_version":"2018-03-01-PROD1","purchased_purges":1,"victory":false,"master_deck":["Defend_G","Defend_G","Defend_G+1","Defend_G","Defend_G","Strike_G","Strike_G","Strike_G","Strike_G","Survivor+1","Neutralize","Dagger Spray","Adrenaline+1","Flying Knee","Phantasmal Killer","Infinite Blades","Footwork","A Thousand Cuts","Noxious Fumes","Skewer","Die Die Die"],"max_hp_per_floor":[84,84,84,84,84,84,84,84,84,84,84,84,84,84,84,84,84,84,84,84,89,89,89,89],"relics":["Ring of the Snake","Mango","Pen Nib","Bottled Lightning","Omamori","Orichalcum","Velvet Choker","War Paint","Bronze Scales","Ornamental Fan"],"card_choices":[{"not_picked":["Accuracy","Skewer"],"picked":"Dagger Spray"},{"not_picked":["Well Laid Plans","Sucker Punch"],"picked":"Adrenaline"},{"not_picked":["Prepared","Underhanded Strike"],"picked":"Flying Knee"},{"not_picked":["Dagger Spray","Backflip"],"picked":"Phantasmal Killer"},{"not_picked":["Dodge and Roll","Slice"],"picked":"Footwork"},{"not_picked":["Unload","Phantasmal Killer"],"picked":"A Thousand Cuts"},{"not_picked":["Deflect","Unload"],"picked":"Noxious Fumes"},{"not_picked":["Acrobatics","Envenom"],"picked":"Die Die Die"}],"player_experience":203236,"potions_floor_usage":[6,16,16,23,23,24],"damage_taken":[{"damage":0,"enemies":"Cultist","floor":1,"turns":4},{"damage":0,"enemies":"Small Slimes","floor":3,"turns":3},{"damage":4,"enemies":"2 Louse","floor":4,"turns":2},{"damage":10,"enemies":"2 Fungi Beasts","floor":5,"turns":4},{"damage":13,"enemies":"Gremlin Nob","floor":6,"turns":3},{"damage":2,"enemies":"Blue Slaver","floor":10,"turns":3},{"damage":17,"enemies":"Exordium Thugs","floor":13,"turns":4},{"damage":0,"enemies":"2 Fungi Beasts","floor":14,"turns":1},{"damage":47,"enemies":"Hexaghost","floor":16,"turns":9},{"damage":24,"enemies":"2 Thieves","floor":18,"turns":3},{"damage":15,"enemies":"Shell Parasite","floor":20,"turns":5},{"damage":33,"enemies":"Book of Stabbing","floor":23,"turns":4},{"damage":17,"enemies":"Centurion and Healer","floor":24,"turns":5},{"damage":4,"enemies":"Snake Plant","floor":25,"turns":2}],"event_choices":[{"event_name":"Liars Game","player_choice":"agreed","floor":12,"damage_taken":0},{"event_name":"Purifier","player_choice":"One Purge","floor":19,"damage_taken":0},{"event_name":"Forgotten Altar","player_choice":"Shed Blood","floor":21,"damage_taken":0}],"boss_relics":[{"not_picked":["Astrolabe","Tiny House"],"picked":"Velvet Choker"}],"potions_floor_spawned":[1,3,13,16,20,23],"seed_played":"-348954196553452531","killed_by":"Snake Plant","ascension_level":0,"is_trial":false}