{"path_per_floor":["M","?","M","$","M","R","M","E","T","R","$","R","M","E","R","B",null,"M","M","$","?","?","R"],"character_chosen":"THE_SILENT","items_purchased":["Underhanded Strike","Prepared","Underhanded Strike"],"gold_per_floor":[15,15,28,28,45,45,55,90,158,158,60,60,78,111,111,214,214,154,171,97,97,97,97],"floor_reached":24,"campfire_rested":3,"playtime":1937,"current_hp_per_floor":[70,70,65,65,56,56,38,22,22,22,22,43,40,21,42,22,70,62,34,34,25,25,47],"items_purged":["Strike_G"],"gold":97,"play_id":"5414a3ce-3161-478e-a9c3-e3689eed3bbe","is_prod":false,"is_daily":false,"campfire_rituals":0,"campfire_upgraded":2,"is_hardmode":false,"path_taken":["M","?","M","$","M","R","M","E","T","R","$","R","M","E","R","BOSS","M","M","$","?","?","R","?"],"build_version":"2018-01-04-PROD1","purchased_purges":1,"victory":false,"master_deck":["Defend_G","Defend_G","Defend_G","Defend_G","Strike_G","Strike_G","Strike_G","Strike_G","Survivor","Neutralize","Concentrate","Wraith Form","Unload","Underhanded Strike","Flying Knee","Reflex","Burst","Prepared","Backflip","Prepared","Underhanded Strike"],"max_hp_per_floor":[70,70,70,70,70,70,70,70,70,70,70,70,70,70,70,70,70,70,70,70,75,75,75],"relics":["Ring of the Snake","Tingsha","Oddly Smooth Stone","Bottled Flame","Bronze Scales","Question Card"],"campfire_meditates":0,"card_choices":[{"not_picked":["Outmaneuver","Flying Knee"],"picked":"Concentrate"},{"not_picked":["Cloak And Dagger","Dagger Throw"],"picked":"Wraith Form"},{"not_picked":["Quick Slash","A Thousand Cuts"],"picked":"Unload"},{"not_picked":["Dodge and Roll","Deadly Poison"],"picked":"Flying Knee"},{"not_picked":["Doppelganger","Dagger Throw"],"picked":"Reflex"},{"not_picked":["Night Terror","Bullet Time"],"picked":"Burst"},{"not_picked":["Quick Slash","Sucker Punch","Bane"],"picked":"Prepared"},{"not_picked":["Slice","Heel Hook","Bouncing Flask"],"picked":"Backflip"}],"player_experience":189600,"potions_floor_usage":[8,8,14,14],"damage_taken":[{"damage":0,"enemies":"Jaw Worm","floor":1,"turns":5},{"damage":5,"enemies":"Small Slimes","floor":3,"turns":5},{"damage":9,"enemies":"Blue Slaver","floor":5,"turns":5},{"damage":18,"enemies":"Large Slime","floor":7,"turns":7},{"damage":16,"enemies":"Gremlin Nob","floor":8,"turns":4},{"damage":3,"enemies":"3 Louse","floor":13,"turns":3},{"damage":19,"enemies":"3 Sentries","floor":14,"turns":5},{"damage":20,"enemies":"Hexaghost","floor":16,"turns":9},{"damage":8,"enemies":"2 Thieves","floor":18,"turns":4},{"damage":28,"enemies":"3 Byrds","floor":19,"turns":4},{"damage":48,"enemies":"3 Cultists","floor":24,"turns":5}],"event_choices":[{"event_name":"The Cleric","player_choice":"Leave","floor":2,"damage_taken":0},{"event_name":"Forgotten Altar","player_choice":"Shed Blood","floor":21,"damage_taken":0},{"event_name":"Back to Basics","player_choice":"Elegance","floor":22,"damage_taken":0}],"boss_relics":[{"not_picked":["Runic Pyramid","Velvet Choker"],"picked":"Question Card"}],"potions_floor_spawned":[3,5,7,8,13],"seed_played":"8185057188166662608","killed_by":"3 Cultists","is_trial":false}