{"gold_per_floor":[214,229,86,100,120,139,139,139,139,139,62,62,62,76,76,177,177,191,191,206,206,224,224,242,37,63,82,98,98,98,98,98,198,198,209,36,55,70,70,0,0,0,24,41,41,56,56,56,56,56],"floor_reached":51,"playtime":959,"items_purged":[],"score":639,"play_id":"19ee44e4-c9de-441c-a5c1-feaf3d966902","local_time":"20190427150825","is_ascension_mode":false,"campfire_choices":[{"data":"Shockwave","floor":7,"key":"SMITH"},{"floor":13,"key":"REST"},{"data":"Perfected Strike","floor":15,"key":"SMITH"},{"floor":23,"key":"REST"},{"floor":32,"key":"RECALL"},{"floor":41,"key":"REST"},{"floor":45,"key":"REST"},{"floor":47,"key":"REST"},{"floor":49,"key":"REST"}],"neow_cost":"NONE","seed_source_timestamp":3463878806860013,"circlet_count":0,"master_deck":["Strike_R+1","Strike_R+1","Strike_R+1","Defend_R+1","Defend_R+1","Defend_R+1","Perfected Strike+1","Twin Strike+1","Thunderclap+1","Shockwave+1","Shrug It Off+1","Pommel Strike+1","Armaments+1","Feed+1","Twin Strike+1","Dual Wield+1","Strike_B+1","Headbutt+1","Perfected Strike+1","Headbutt+1","Double Tap+1","Burning Pact+1","Pommel Strike+1","Evolve+1","Shrug It Off+1"],"relics":["Burning Blood","Pen Nib","Toxic Egg 2","Fusion Hammer","TheAbacus","Red Skull","Enchiridion","Mark of Pain","Tiny Chest","Mark of the Bloom","Red Mask","Ancient Tea Set"],"potions_floor_usage":[16,19,33,33,50],"damage_taken":[{"damage":11,"enemies":"2 Louse","floor":1,"turns":3},{"damage":11,"enemies":"Jaw Worm","floor":2,"turns":3},{"damage":6,"enemies":"Cultist","floor":4,"turns":3},{"damage":27,"enemies":"Large Slime","floor":5,"turns":6},{"damage":8,"enemies":"Gremlin Gang","floor":6,"turns":4},{"damage":2,"enemies":"Looter","floor":14,"turns":3},{"damage":22,"enemies":"Hexaghost","floor":16,"turns":7},{"damage":5,"enemies":"Shell Parasite","floor":18,"turns":4},{"damage":0,"enemies":"Colosseum Slavers","floor":19,"turns":1},{"damage":10,"enemies":"Spheric Guardian","floor":20,"turns":3},{"damage":17,"enemies":"Centurion and Healer","floor":22,"turns":5},{"damage":4,"enemies":"Snecko","floor":24,"turns":3},{"damage":0,"enemies":"Snake Plant","floor":27,"turns":2},{"damage":10,"enemies":"Sentry and Sphere","floor":28,"turns":3},{"damage":79,"enemies":"Automaton","floor":33,"turns":9},{"damage":12,"enemies":"3 Shapes","floor":35,"turns":3},{"damage":6,"enemies":"Orb Walker","floor":37,"turns":3},{"damage":5,"enemies":"Sphere and 2 Shapes","floor":38,"turns":2},{"damage":0,"enemies":"Spire Growth","floor":44,"turns":2},{"damage":0,"enemies":"Jaw Worm Horde","floor":46,"turns":3},{"damage":68,"enemies":"Donu and Deca","floor":50,"turns":7}],"seed_played":"2819029286180731896","potions_obtained":[{"floor":1,"key":"Fire Potion"},{"floor":2,"key":"Energy Potion"},{"floor":4,"key":"FairyPotion"},{"floor":18,"key":"SmokeBomb"},{"floor":22,"key":"FearPotion"},{"floor":24,"key":"Energy Potion"},{"floor":44,"key":"Fire Potion"},{"floor":46,"key":"Block Potion"}],"is_trial":false,"path_per_floor":["M","M","$","M","M","M","R","?","T","?","$","?","R","M","R","B",null,"M","?","M","?","M","R","M","$","T","M","M","?","?","$","R","B",null,"M","$","M","M","?","?","R","?","T","M","R","M","R","$","R","B",null],"character_chosen":"IRONCLAD","items_purchased":["Pen Nib","Shrug It Off+1","Pommel Strike","TheAbacus","Tiny Chest","Pommel Strike"],"campfire_rested":6,"item_purchase_floors":[3,11,11,25,36,36],"current_hp_per_floor":[75,70,70,70,49,47,47,40,40,7,7,7,31,35,35,19,80,80,80,79,79,68,83,86,86,86,86,82,66,86,86,86,13,86,80,80,80,81,81,81,81,81,81,81,81,81,81,81,81,13],"gold":56,"neow_bonus":"HUNDRED_GOLD","is_prod":false,"is_daily":false,"chose_seed":false,"campfire_upgraded":2,"win_rate":0,"timestamp":1556374105,"path_taken":["M","M","$","M","M","M","R","?","T","?","?","?","R","M","R","BOSS","M","?","M","?","M","R","M","$","T","?","M","?","?","?","R","BOSS","M","$","M","M","?","?","R","?","T","?","R","M","R","$","R","BOSS"],"build_version":"2019-01-23","purchased_purges":0,"victory":true,"max_hp_per_floor":[80,80,80,80,80,80,80,80,80,80,80,80,80,80,80,80,80,80,80,83,83,83,83,86,86,86,86,86,86,86,86,86,86,86,86,86,86,86,86,86,86,86,86,86,86,86,86,86,86,90],"card_choices":[{"not_picked":["Metallicize","Burning Pact"],"picked":"Perfected Strike","floor":1},{"not_picked":["Flex","Heavy Blade","Rupture"],"picked":"SKIP","floor":2},{"not_picked":["Pummel","Whirlwind"],"picked":"Twin Strike","floor":4},{"not_picked":["Warcry","Sever Soul"],"picked":"Thunderclap","floor":5},{"not_picked":["Berserk","Warcry"],"picked":"Shockwave","floor":6},{"not_picked":["Shockwave+1","Cleave"],"picked":"Armaments+1","floor":14},{"not_picked":["Limit Break+1","Offering+1"],"picked":"Feed","floor":16},{"not_picked":["Spot Weakness+1","Evolve"],"picked":"Twin Strike","floor":18},{"not_picked":["Clothesline+1","Iron Wave"],"picked":"Dual Wield+1","floor":20},{"not_picked":["Impervious+1","Warcry+1"],"picked":"Headbutt+1","floor":22},{"not_picked":["Combust","Infernal Blade+1"],"picked":"Perfected Strike","floor":24},{"not_picked":["Thunderclap","Corruption","Bloodletting+1"],"picked":"SKIP","floor":27},{"not_picked":["Reckless Charge","Disarm+1"],"picked":"Headbutt","floor":28},{"not_picked":["Demon Form","Limit Break+1"],"picked":"Double Tap+1","floor":33},{"not_picked":["Flex+1","Corruption+1"],"picked":"Burning Pact+1","floor":35},{"not_picked":["Clothesline","Havoc+1","Shockwave+1"],"picked":"SKIP","floor":37},{"not_picked":["Carnage+1","Shockwave+1"],"picked":"Evolve+1","floor":38},{"not_picked":["Thunderclap","Evolve+1","Combust+1"],"picked":"SKIP","floor":44},{"not_picked":["Sword Boomerang+1","Combust+1"],"picked":"Shrug It Off+1","floor":46}],"player_experience":701825,"relics_obtained":[{"floor":9,"key":"Toxic Egg 2"},{"floor":26,"key":"Red Skull"},{"floor":29,"key":"Enchiridion"},{"floor":43,"key":"Ancient Tea Set"}],"event_choices":[{"cards_removed":["Bash"],"damage_healed":0,"gold_gain":0,"player_choice":"Card Removal","damage_taken":7,"max_hp_gain":0,"max_hp_loss":0,"event_name":"Golden Wing","floor":8,"gold_loss":0},{"damage_healed":0,"gold_gain":0,"player_choice":"Fled","damage_taken":33,"max_hp_gain":0,"max_hp_loss":0,"event_name":"Scrap Ooze","floor":10,"gold_loss":0},{"cards_removed":["Strike_R"],"damage_healed":0,"gold_gain":0,"player_choice":"Purged","damage_taken":0,"max_hp_gain":0,"max_hp_loss":0,"event_name":"Purifier","floor":12,"gold_loss":0},{"damage_healed":0,"gold_gain":0,"player_choice":"Fight","damage_taken":0,"max_hp_gain":0,"max_hp_loss":0,"event_name":"Colosseum","floor":19,"gold_loss":0},{"damage_healed":0,"gold_gain":0,"player_choice":"Fled From Nobs","damage_taken":0,"max_hp_gain":0,"max_hp_loss":0,"event_name":"Colosseum","floor":19,"gold_loss":0},{"cards_removed":["Defend_R"],"damage_healed":0,"gold_gain":0,"player_choice":"Took Card","damage_taken":0,"max_hp_gain":0,"max_hp_loss":0,"event_name":"NoteForYourself","floor":21,"gold_loss":0,"cards_obtained":["Strike_B"]},{"damage_healed":0,"gold_gain":0,"player_choice":"Obtained Book","damage_taken":16,"max_hp_gain":0,"max_hp_loss":0,"event_name":"Cursed Tome","floor":29,"gold_loss":0},{"damage_healed":28,"gold_gain":0,"player_choice":"Heal","damage_taken":0,"max_hp_gain":0,"max_hp_loss":0,"event_name":"The Library","floor":30,"gold_loss":0},{"damage_healed":0,"gold_gain":0,"player_choice":"Upgrade","damage_taken":0,"relics_obtained":["Mark of the Bloom"],"max_hp_gain":0,"max_hp_loss":0,"event_name":"MindBloom","floor":39,"gold_loss":0,"cards_upgraded":["Strike_R","Strike_R","Strike_R","Strike_R","Defend_R","Defend_R","Defend_R","Twin Strike","Thunderclap","Pommel Strike","Feed","Twin Strike","Perfected Strike","Headbutt","Pommel Strike"]},{"damage_healed":0,"gold_gain":0,"player_choice":"Paid","damage_taken":0,"relics_obtained":["Red Mask"],"max_hp_gain":0,"max_hp_loss":0,"event_name":"Tomb of Lord Red Mask","floor":40,"gold_loss":70},{"cards_removed":["Strike_R"],"damage_healed":0,"gold_gain":0,"player_choice":"Purged","damage_taken":0,"max_hp_gain":0,"max_hp_loss":0,"event_name":"Purifier","floor":42,"gold_loss":0}],"is_beta":false,"boss_relics":[{"not_picked":["Philosopher\u0027s Stone","Cursed Key"],"picked":"Fusion Hammer"},{"not_picked":["White Beast Statue","Coffee Dripper"],"picked":"Mark of Pain"}],"items_purged_floors":[],"is_endless":false,"potions_floor_spawned":[1,2,4,14,18,22,24,28,44,46],"ascension_level":0}