{"gold_per_floor":[109,39,39,49,49,49,84,84,134,147,147,160,17,37,37,137,137,150,162,45,45,45,71,71,90,115,115,115,146,158,182,194,310,322,346,358,370,332,432,432,13,28,28,28,63,114,142,158,158,158,158,158,9,36,36],"floor_reached":55,"playtime":1922,"items_purged":["Brutality","Juggernaut"],"score":809,"play_id":"6ff0376c-0f92-4105-8e3c-c973681e862f","local_time":"20190427154852","is_ascension_mode":false,"campfire_choices":[{"data":"Headbutt","floor":6,"key":"SMITH"},{"data":"Dropkick","floor":8,"key":"SMITH"},{"data":"Pommel Strike","floor":15,"key":"SMITH"},{"data":"Corruption","floor":24,"key":"SMITH"},{"data":"Armaments","floor":30,"key":"SMITH"},{"data":"Barricade","floor":32,"key":"SMITH"},{"data":"Flame Barrier","floor":40,"key":"SMITH"},{"floor":49,"key":"RECALL"},{"data":"J.A.X.","floor":52,"key":"SMITH"}],"neow_cost":"NONE","seed_source_timestamp":3465348403093718,"circlet_count":0,"master_deck":["Headbutt+1","Dropkick+1","Anger","Shrug It Off","Seeing Red","Pommel Strike+1","Shrug It Off","Ghostly Armor","Barricade+1","Intimidate","Corruption+1","Metallicize","Feed","Battle Trance","Shrug It Off+1","Flame Barrier+1","J.A.X.+1","Thunderclap+1","Armaments+1","Shrug It Off","Whirlwind+1","Double Tap","Inflame","Panache","Whirlwind+1","Clothesline+1","Rage+1"],"relics":["Burning Blood","NeowsBlessing","Juzu Bracelet","Meat on the Bone","Anchor","Smiling Mask","Happy Flower","Pandora\u0027s Box","Champion Belt","Pen Nib","MawBank","Philosopher\u0027s Stone","Thread and Needle","Chemical X","Paper Frog","Peace Pipe","Gremlin Horn","Red Skull","Orichalcum"],"potions_floor_usage":[16,19,19,29,45,46,54,55],"damage_taken":[{"damage":0,"enemies":"Cultist","floor":1,"turns":1},{"damage":0,"enemies":"Jaw Worm","floor":4,"turns":1},{"damage":0,"enemies":"Lagavulin","floor":7,"turns":1},{"damage":2,"enemies":"Small Slimes","floor":10,"turns":2},{"damage":0,"enemies":"2 Fungi Beasts","floor":12,"turns":2},{"damage":10,"enemies":"Large Slime","floor":14,"turns":3},{"damage":57,"enemies":"Hexaghost","floor":16,"turns":8},{"damage":4,"enemies":"Chosen","floor":18,"turns":4},{"damage":4,"enemies":"3 Byrds","floor":19,"turns":5},{"damage":26,"enemies":"Slavers","floor":23,"turns":6},{"damage":6,"enemies":"Snake Plant","floor":25,"turns":4},{"damage":12,"enemies":"Book of Stabbing","floor":29,"turns":5},{"damage":3,"enemies":"Cultist and Chosen","floor":31,"turns":6},{"damage":33,"enemies":"Collector","floor":33,"turns":8},{"damage":37,"enemies":"3 Darklings","floor":35,"turns":5},{"damage":3,"enemies":"Mind Bloom Boss Battle","floor":39,"turns":5},{"damage":3,"enemies":"Orb Walker","floor":42,"turns":3},{"damage":17,"enemies":"Giant Head","floor":45,"turns":7},{"damage":0,"enemies":"2 Orb Walkers","floor":46,"turns":4},{"damage":3,"enemies":"Reptomancer","floor":47,"turns":4},{"damage":3,"enemies":"Transient","floor":48,"turns":5},{"damage":24,"enemies":"Time Eater","floor":50,"turns":11},{"damage":40,"enemies":"Shield and Spear","floor":54,"turns":5},{"damage":75,"enemies":"The Heart","floor":55,"turns":3}],"seed_played":"-4871123085657822049","potions_obtained":[{"floor":1,"key":"Regen Potion"},{"floor":14,"key":"FearPotion"},{"floor":16,"key":"Explosive Potion"},{"floor":18,"key":"Poison Potion"},{"floor":23,"key":"Regen Potion"},{"floor":33,"key":"Fire Potion"},{"floor":42,"key":"Swift Potion"},{"floor":46,"key":"GamblersBrew"},{"floor":54,"key":"PowerPotion"}],"is_trial":false,"path_per_floor":["M","$","?","M","?","R","E","R","T","M","?","M","$","M","R","B",null,"M","M","$","?","?","E","R","M","T","?","?","E","R","M","R","B",null,"M","?","?","$","?","R","$","M","T","?","E","?","E","M","R","B",null,"R","$","E","B"],"character_chosen":"IRONCLAD","items_purchased":["Dropkick","Happy Flower","Flame Barrier","Chemical X","Double Tap","Inflame","PowerPotion","Red Skull"],"campfire_rested":0,"item_purchase_floors":[2,13,20,41,41,41,41,53],"current_hp_per_floor":[80,80,62,68,68,68,74,74,74,78,78,80,80,76,76,37,80,83,86,86,69,69,61,61,61,61,61,61,72,72,75,75,63,97,66,66,66,66,72,72,72,75,75,75,67,73,76,79,79,64,106,106,106,72,0],"gold":36,"neow_bonus":"THREE_ENEMY_KILL","is_prod":false,"is_daily":false,"chose_seed":false,"campfire_upgraded":8,"win_rate":0,"timestamp":1556376532,"path_taken":["M","$","?","M","?","R","E","R","T","M","?","M","?","M","R","BOSS","M","M","$","?","?","E","R","M","T","?","?","E","R","M","R","BOSS","M","?","?","?","?","R","$","M","T","?","E","?","E","M","R","BOSS","R","$","E","BOSS"],"build_version":"2019-01-23","purchased_purges":2,"victory":false,"max_hp_per_floor":[80,80,80,80,80,80,80,80,80,80,80,80,80,80,80,80,80,83,86,86,91,91,91,91,91,91,91,91,94,94,94,94,97,97,97,97,97,97,100,100,100,100,100,100,103,103,103,103,103,106,106,106,106,106,106],"card_choices":[{"not_picked":["Uppercut","Fire Breathing"],"picked":"Headbutt","floor":1},{"not_picked":["Twin Strike","Shockwave"],"picked":"Anger","floor":4},{"not_picked":["Sever Soul","Wild Strike"],"picked":"Shrug It Off","floor":7},{"not_picked":["Pommel Strike","Shockwave"],"picked":"Seeing Red","floor":10},{"not_picked":["Body Slam","Shockwave"],"picked":"Shrug It Off","floor":12},{"not_picked":["Blood for Blood","Twin Strike"],"picked":"Ghostly Armor","floor":14},{"not_picked":["Exhume","Feed"],"picked":"Barricade","floor":16},{"not_picked":["Intimidate+1","Headbutt"],"picked":"Shrug It Off+1","floor":18},{"not_picked":["Clash","Blood for Blood","Bloodletting"],"picked":"SKIP","floor":19},{"not_picked":["True Grit","Cleave"],"picked":"Thunderclap+1","floor":23},{"not_picked":["Rupture","Body Slam","Perfected Strike"],"picked":"SKIP","floor":25},{"not_picked":["True Grit","Twin Strike"],"picked":"Armaments","floor":29},{"not_picked":["Clash+1","Reckless Charge","Heavy Blade+1"],"picked":"SKIP","floor":31},{"not_picked":["Iron Wave","Power Through+1"],"picked":"Shrug It Off","floor":35},{"not_picked":["Flex+1","Clash"],"picked":"Whirlwind+1","floor":39},{"not_picked":["Thunderclap+1","Heavy Blade","Rampage"],"picked":"SKIP","floor":42},{"not_picked":["Blind","Dramatic Entrance"],"picked":"Panache","floor":44},{"not_picked":["Clash+1","Iron Wave+1","True Grit"],"picked":"SKIP","floor":45},{"not_picked":["Berserk","Rupture+1"],"picked":"Whirlwind+1","floor":47},{"not_picked":["Thunderclap+1","True Grit"],"picked":"Clothesline+1","floor":48},{"not_picked":["Armaments+1","True Grit+1"],"picked":"Rage+1","floor":54}],"player_experience":703216,"relics_obtained":[{"floor":7,"key":"Anchor"},{"floor":9,"key":"Smiling Mask"},{"floor":23,"key":"Champion Belt"},{"floor":26,"key":"Pen Nib"},{"floor":29,"key":"MawBank"},{"floor":39,"key":"Thread and Needle"},{"floor":45,"key":"Paper Frog"},{"floor":46,"key":"Peace Pipe"},{"floor":47,"key":"Gremlin Horn"},{"floor":54,"key":"Orichalcum"}],"event_choices":[{"damage_healed":0,"gold_gain":0,"player_choice":"Success","damage_taken":18,"relics_obtained":["Juzu Bracelet"],"max_hp_gain":0,"max_hp_loss":0,"event_name":"Scrap Ooze","floor":3,"gold_loss":0},{"damage_healed":0,"gold_gain":0,"player_choice":"Gave Potion","damage_taken":0,"relics_obtained":["Meat on the Bone"],"max_hp_gain":0,"max_hp_loss":0,"event_name":"WeMeetAgain","floor":5,"gold_loss":0},{"damage_healed":0,"gold_gain":0,"cards_transformed":["Strike_R"],"player_choice":"Transformed","damage_taken":0,"max_hp_gain":0,"max_hp_loss":0,"event_name":"Transmorgrifier","floor":11,"gold_loss":0,"cards_obtained":["Pommel Strike"]},{"damage_healed":0,"gold_gain":0,"player_choice":"Shed Blood","damage_taken":22,"max_hp_gain":5,"max_hp_loss":0,"event_name":"Forgotten Altar","floor":21,"gold_loss":0},{"damage_healed":0,"gold_gain":0,"player_choice":"Obtain J.A.X.","damage_taken":0,"max_hp_gain":0,"max_hp_loss":0,"event_name":"Drug Dealer","floor":22,"gold_loss":0,"cards_obtained":["J.A.X."]},{"damage_healed":0,"gold_gain":0,"player_choice":"Ignored","damage_taken":0,"max_hp_gain":0,"max_hp_loss":0,"event_name":"Vampires","floor":27,"gold_loss":0},{"cards_removed":["Blood for Blood"],"damage_healed":0,"gold_gain":0,"player_choice":"Elegance","damage_taken":0,"max_hp_gain":0,"max_hp_loss":0,"event_name":"Back to Basics","floor":28,"gold_loss":0},{"damage_healed":0,"gold_gain":0,"player_choice":"Ignored","damage_taken":0,"max_hp_gain":0,"max_hp_loss":0,"event_name":"Tomb of Lord Red Mask","floor":36,"gold_loss":0},{"cards_removed":["Bash"],"damage_healed":0,"gold_gain":0,"player_choice":"Removed Attack","damage_taken":0,"max_hp_gain":0,"max_hp_loss":0,"event_name":"Falling","floor":37,"gold_loss":0},{"damage_healed":0,"gold_gain":0,"player_choice":"Fight","damage_taken":0,"max_hp_gain":0,"max_hp_loss":0,"event_name":"MindBloom","floor":39,"gold_loss":0},{"damage_healed":0,"gold_gain":0,"player_choice":"Memory 1","damage_taken":0,"max_hp_gain":0,"max_hp_loss":0,"event_name":"SensoryStone","floor":44,"gold_loss":0},{"damage_healed":0,"gold_gain":0,"player_choice":"Fight","damage_taken":0,"max_hp_gain":0,"max_hp_loss":0,"event_name":"Mysterious Sphere","floor":46,"gold_loss":0}],"is_beta":false,"boss_relics":[{"not_picked":["Lizard Tail","Busted Crown"],"picked":"Pandora\u0027s Box"},{"not_picked":["Velvet Choker","Fusion Hammer"],"picked":"Philosopher\u0027s Stone"}],"items_purged_floors":[20,38],"is_endless":false,"potions_floor_spawned":[1,14,16,18,23,33,42,46,54],"killed_by":"The Heart","ascension_level":0}