{"gold_per_floor":[112,112,37,37,52,52,71,99,99,111,198,210,255,267,279,291],"floor_reached":16,"playtime":561,"items_purged":["Pain"],"score":127,"play_id":"d351e426-1dab-45df-83d6-1c112d1ceb8d","local_time":"20190110160344","is_ascension_mode":true,"campfire_choices":[{"data":"Neutralize","floor":6,"key":"SMITH"},{"data":"Glass Knife","floor":10,"key":"SMITH"},{"data":"Survivor","floor":12,"key":"SMITH"},{"data":"Dash","floor":15,"key":"SMITH"}],"neow_cost":"CURSE","seed_source_timestamp":418338256778048,"circlet_count":0,"master_deck":["Defend_G+1","Defend_G","Defend_G","Defend_G","Defend_G","Strike_G","Strike_G","Strike_G","Strike_G","Strike_G+1","Survivor+1","Neutralize+1","Deadly Poison","Dash+1","Dash","Glass Knife+1"],"relics":["Ring of the Snake","Ginger","Mummified Hand","MawBank","Smiling Mask","Golden Idol"],"potions_floor_usage":[7,16],"damage_taken":[{"damage":12,"enemies":"Cultist","floor":1,"turns":5},{"damage":0,"enemies":"2 Louse","floor":5,"turns":4},{"damage":0,"enemies":"Jaw Worm","floor":7,"turns":3},{"damage":37,"enemies":"3 Sentries","floor":8,"turns":13},{"damage":8,"enemies":"Gremlin Nob","floor":13,"turns":4},{"damage":11,"enemies":"Hexaghost","floor":16,"turns":9}],"seed_played":"1725238700021192974","potions_obtained":[{"floor":5,"key":"Poison Potion"},{"floor":13,"key":"Fire Potion"}],"is_trial":false,"path_per_floor":["M","?","$","?","M","R","M","E","T","R","?","R","E","?","R","B"],"character_chosen":"THE_SILENT","items_purchased":[],"campfire_rested":0,"item_purchase_floors":[],"current_hp_per_floor":[58,44,44,67,67,67,67,30,30,30,19,19,11,11,11,0],"gold":291,"neow_bonus":"ONE_RARE_RELIC","is_prod":false,"is_daily":false,"chose_seed":false,"campfire_upgraded":4,"win_rate":0,"timestamp":1547136224,"path_taken":["M","?","$","?","M","R","M","E","T","R","?","R","E","?","R","BOSS"],"build_version":"2019-01-03v4","purchased_purges":1,"victory":false,"max_hp_per_floor":[70,70,70,70,70,70,70,70,70,70,70,70,70,65,65,65],"card_choices":[{"not_picked":["Dodge and Roll","PiercingWail"],"picked":"Deadly Poison","floor":1},{"not_picked":["Prepared","Underhanded Strike"],"picked":"Dash","floor":5},{"not_picked":["Outmaneuver","Dagger Throw"],"picked":"Dash","floor":7},{"not_picked":["Masterful Stab","Deadly Poison"],"picked":"Glass Knife","floor":8},{"not_picked":["Distraction","Riddle With Holes","Poisoned Stab"],"picked":"SKIP","floor":13}],"player_experience":688078,"relics_obtained":[{"floor":8,"key":"Mummified Hand"},{"floor":9,"key":"MawBank"},{"floor":13,"key":"Smiling Mask"}],"event_choices":[{"damage_healed":0,"gold_gain":0,"player_choice":"Entered Light","damage_taken":14,"max_hp_gain":0,"max_hp_loss":0,"event_name":"Shining Light","floor":2,"gold_loss":0,"cards_upgraded":["Defend_G","Strike_G"]},{"damage_healed":23,"gold_gain":0,"player_choice":"Banana","damage_taken":0,"max_hp_gain":0,"max_hp_loss":0,"event_name":"Big Fish","floor":4,"gold_loss":0},{"damage_healed":0,"gold_gain":75,"player_choice":"Gather Gold","damage_taken":11,"max_hp_gain":0,"max_hp_loss":0,"event_name":"World of Goop","floor":11,"gold_loss":0},{"damage_healed":0,"gold_gain":0,"player_choice":"Lose Max HP","damage_taken":0,"relics_obtained":["Golden Idol"],"max_hp_gain":0,"max_hp_loss":5,"event_name":"Golden Idol","floor":14,"gold_loss":0}],"is_beta":false,"boss_relics":[],"items_purged_floors":[3],"is_endless":false,"potions_floor_spawned":[5,13],"killed_by":"Hexaghost","ascension_level":4}