{"path_per_floor":["M","?","?","M","M","E","R","M","T","T","$","?","$","M","R","B",null,"M","M","$","?","M","R","M","?","T","E","M"],"character_chosen":"IRONCLAD","items_purchased":["Anchor","Lee\u0027s Waffle"],"gold_per_floor":[113,113,113,137,161,192,192,206,206,206,206,206,49,68,68,192,192,176,201,2,2,17,17,33,33,60,94,108,108],"floor_reached":29,"campfire_rested":1,"playtime":1386,"item_purchase_floors":[13,20],"current_hp_per_floor":[78,58,58,64,64,50,50,38,38,38,38,38,38,44,44,11,80,80,64,92,92,41,83,83,83,83,21,15,0],"items_purged":[],"gold":108,"score":245,"play_id":"76b79634-ba65-44e8-a17c-d82a28857f6d","local_time":"20180608180709","is_prod":false,"is_daily":false,"chose_seed":false,"is_ascension_mode":false,"campfire_upgraded":2,"win_rate":0,"timestamp":1528477629,"campfire_choices":[{"data":"Armaments","floor":7,"key":"SMITH"},{"data":"Bash","floor":15,"key":"SMITH"},{"floor":23,"key":"REST"}],"path_taken":["M","?","?","M","M","E","R","M","T","?","$","?","$","?","R","BOSS","M","?","$","?","M","R","M","?","T","E","M","M"],"build_version":"2018-06-07","seed_source_timestamp":83054503948909,"purchased_purges":0,"victory":false,"master_deck":["Strike_R","Strike_R","Strike_R","Strike_R","Defend_R","Defend_R","Defend_R","Defend_R","Bash+1","Wild Strike","Armaments+1","Cleave","Warcry","Perfected Strike","Clothesline","Thunderclap+1"],"max_hp_per_floor":[80,80,80,80,80,80,80,80,80,80,80,80,80,80,80,80,80,80,85,92,92,92,92,92,92,92,92,92,92],"relics":["Burning Blood","Regal Pillow","Golden Idol","Mummified Hand","Paper Frog","Gremlin Horn","Anchor","Mark of Pain","Lee\u0027s Waffle","Vajra","Centennial Puzzle"],"card_choices":[{"not_picked":["Heavy Blade","Uppercut"],"picked":"Wild Strike","floor":1},{"not_picked":["Ghostly Armor","Intimidate","Reckless Charge"],"picked":"SKIP","floor":4},{"not_picked":["Fire Breathing","Iron Wave"],"picked":"Armaments","floor":5},{"not_picked":["Wild Strike","Clash"],"picked":"Cleave","floor":6},{"not_picked":["Sever Soul","True Grit","Cleave"],"picked":"SKIP","floor":8},{"not_picked":["Havoc","Reaper","Twin Strike"],"picked":"SKIP","floor":14},{"not_picked":["Anger","Havoc+1","Sword Boomerang"],"picked":"SKIP","floor":18},{"not_picked":["Combust","Second Wind+1","Feel No Pain"],"picked":"SKIP","floor":19},{"not_picked":["Carnage+1","Sever Soul","Sword Boomerang+1"],"picked":"SKIP","floor":22},{"not_picked":["Metallicize","Seeing Red"],"picked":"Perfected Strike","floor":24},{"not_picked":["Flame Barrier","Body Slam"],"picked":"Clothesline","floor":27},{"not_picked":["Ghostly Armor","Armaments"],"picked":"Thunderclap+1","floor":28}],"player_experience":279530,"potions_floor_usage":[16,19,28,28],"damage_taken":[{"damage":8,"enemies":"Small Slimes","floor":1,"turns":3},{"damage":0,"enemies":"2 Louse","floor":4,"turns":2},{"damage":6,"enemies":"Jaw Worm","floor":5,"turns":4},{"damage":20,"enemies":"3 Sentries","floor":6,"turns":12},{"damage":18,"enemies":"Exordium Thugs","floor":8,"turns":4},{"damage":0,"enemies":"3 Louse","floor":14,"turns":2},{"damage":39,"enemies":"The Guardian","floor":16,"turns":9},{"damage":5,"enemies":"2 Thieves","floor":18,"turns":4},{"damage":27,"enemies":"3 Byrds","floor":19,"turns":7},{"damage":57,"enemies":"Snecko","floor":22,"turns":6},{"damage":6,"enemies":"Centurion and Healer","floor":24,"turns":8},{"damage":68,"enemies":"Book of Stabbing","floor":27,"turns":6},{"damage":12,"enemies":"3 Cultists","floor":28,"turns":5},{"damage":24,"enemies":"Snecko","floor":29,"turns":3}],"relics_obtained":[{"floor":6,"key":"Mummified Hand"},{"floor":9,"key":"Paper Frog"},{"floor":10,"key":"Gremlin Horn"},{"floor":26,"key":"Vajra"},{"floor":27,"key":"Centennial Puzzle"}],"event_choices":[{"event_name":"Golden Idol","player_choice":"Take Damage","floor":2,"damage_taken":0},{"event_name":"Match and Keep!","player_choice":"0 cards matched","floor":3,"damage_taken":0},{"event_name":"Living Wall","player_choice":"Forget","floor":12,"damage_taken":0},{"event_name":"The Library","player_choice":"Read","floor":21,"damage_taken":0},{"event_name":"Beggar","player_choice":"Ignored","floor":25,"damage_taken":0}],"boss_relics":[{"not_picked":["Cursed Key","Calling Bell"],"picked":"Mark of Pain"}],"items_purged_floors":[],"potions_floor_spawned":[6,8,18,27],"seed_played":"3385630700081757898","killed_by":"Snecko","ascension_level":0,"potions_obtained":[{"floor":6,"key":"Dexterity Potion"},{"floor":8,"key":"AttackPotion"},{"floor":18,"key":"Fruit Juice"},{"floor":27,"key":"EssenceOfSteel"}],"is_trial":false}