{"path_per_floor":["M","M","M","?","?","R","$","M","T","$","R","E","$","M","R","B",null,"M","M","?","M","?","R","E","R","T","M","M","$","M","M","R"],"character_chosen":"IRONCLAD","items_purchased":["Heavy Blade","Flex","Bottled Flame"],"gold_per_floor":[117,127,147,147,147,147,72,92,92,92,92,123,48,59,59,158,158,177,197,197,215,215,215,244,244,270,281,300,60,71,81,81],"floor_reached":13,"campfire_rested":0,"playtime":1048,"current_hp_per_floor":[80,79,80,80,64,64,64,65,65,65,65,71,71,77,77,80,80,80,80,80,80,80,80,74,74,74,64,70,70,65,55,55],"items_purged":["Strike_R"],"gold":81,"play_id":"201c6253-1fce-4812-bab7-3db97136a97d","is_prod":false,"is_daily":false,"campfire_rituals":0,"campfire_upgraded":5,"is_hardmode":false,"path_taken":["M","M","M","?","?","R","$","M","T","?","R","E","$","M","R","BOSS","M","?","?","M","?","R","E","R","T","M","?","$","M","M","R","BOSS"],"build_version":"2018-01-11-PROD2","purchased_purges":1,"victory":false,"master_deck":["Strike_R","Strike_R","Strike_R","Defend_R","Defend_R","Defend_R","Defend_R","Bash","Searing Blow","Pommel Strike","Heavy Blade","Flex","Double Tap","Pommel Strike","Burning Pact","Dual Wield"],"max_hp_per_floor":[80,80,80,80,80,80,80,80,80,80,80,80,80,80,80,80,80,80,80,80,80,80,80,80,80,80,80,80,80,80,80,80],"relics":["Burning Blood","Bronze Scales","Girya","Runic Dome","Sundial","Regal Pillow","Omamori","Bottled Flame"],"campfire_meditates":0,"card_choices":[{"not_picked":["Flex","Evolve"],"picked":"Searing Blow"},{"not_picked":["Shockwave","Pummel"],"picked":"Pommel Strike"},{"not_picked":["Iron Wave","Sever Soul"],"picked":"Double Tap"},{"not_picked":["Twin Strike","Sword Boomerang"],"picked":"Pommel Strike"},{"not_picked":["Blood for Blood","Perfected Strike"],"picked":"Burning Pact"},{"not_picked":["Twin Strike","Infernal Blade"],"picked":"Dual Wield"}],"player_experience":289206,"potions_floor_usage":[1,4,4,13,13,13],"damage_taken":[{"damage":0.0,"enemies":"Cultist","floor":1.0,"turns":3.0},{"damage":0.0,"enemies":"Blue Slaver","floor":1.0,"turns":5.0},{"damage":0.0,"enemies":"2 Louse","floor":1.0,"turns":6.0},{"damage":0.0,"enemies":"Large Slime","floor":1.0,"turns":9.0},{"damage":0.0,"enemies":"Gremlin Nob","floor":1.0,"turns":10.0},{"damage":0.0,"enemies":"Looter","floor":1.0,"turns":11.0},{"damage":0.0,"enemies":"Slime Boss","floor":1.0,"turns":14.0},{"damage":0.0,"enemies":"Chosen","floor":1.0,"turns":15.0},{"damage":0.0,"enemies":"Shell Parasite","floor":1.0,"turns":16.0},{"damage":2,"enemies":"Centurion and Healer","floor":1,"turns":3},{"damage":12,"enemies":"Book of Stabbing","floor":4,"turns":3},{"damage":16,"enemies":"Snake Plant","floor":7,"turns":2},{"damage":0,"enemies":"Snecko","floor":8,"turns":2},{"damage":11,"enemies":"Centurion and Healer","floor":10,"turns":2},{"damage":16,"enemies":"Snake Plant","floor":11,"turns":2},{"damage":77,"enemies":"Automaton","floor":13,"turns":6}],"event_choices":[{"event_name":"The Lab","player_choice":"Got Potions","floor":1.0,"damage_taken":0.0},{"event_name":"Shining Light","player_choice":"Entered Light","floor":1.0,"damage_taken":0.0},{"event_name":"The Mausoleum","player_choice":"Yes","floor":1.0,"damage_taken":0.0},{"event_name":"Accursed Blacksmith","player_choice":"Forge","floor":2,"damage_taken":0}],"boss_relics":[],"potions_floor_spawned":[1,1,1,1,8,10,11],"seed_played":"-7597449853350460832","killed_by":"Automaton","is_trial":false}