{"path_per_floor":["M","?","?","?","M","R","E","R","T","$","R","M","M","M","R","B",null,"M","?","M","$","M","R","M","R","T","?","M","?","T","$","R","B",null,"M","M","M","M","M","R","?","R","T","M","$"],"character_chosen":"IRONCLAD","items_purchased":["True Grit","War Paint","Metallicize","Offering","Omamori","Body Slam","Ancient Tea Set"],"gold_per_floor":[149,149,149,149,166,166,197,197,197,2,2,17,30,42,42,141,141,158,158,178,36,50,50,63,63,63,63,80,80,380,17,17,120,120,138,154,171,187,201,201,201,201,201,217,60],"floor_reached":46,"campfire_rested":1,"playtime":4873,"current_hp_per_floor":[80,80,64,64,67,67,53,53,67,67,67,73,73,79,79,78,94,54,54,53,53,53,53,38,38,38,38,44,44,44,44,44,30,65,52,46,35,21,14,33,33,33,33,28,28],"items_purged":["Strike_R","Defend_R"],"gold":60,"score":436,"play_id":"11df6522-5c8b-4814-9f36-fd95c03e9b13","is_prod":false,"is_daily":false,"is_ascension_mode":true,"campfire_upgraded":8,"path_taken":["M","?","?","?","M","R","E","R","T","$","R","M","M","?","R","BOSS","M","?","M","$","M","R","?","R","T","?","M","?","?","$","R","BOSS","M","?","M","M","M","R","?","R","T","?","$","?"],"build_version":"2018-02-22-PROD2","purchased_purges":3,"victory":false,"master_deck":["Defend_R","Defend_R+1","Bash+1","Pommel Strike+1","Entrench+1","Dual Wield+1","True Grit+1","Shrug It Off+1","Iron Wave","Flex+1","Limit Break+1","Armaments+1","Body Slam+1","Metallicize","Iron Wave","Thunderclap+1","Bite","Bite","Bite","Bite","Bite","Offering","Body Slam+1","Exhume","Iron Wave+1","Iron Wave+1","Evolve+1","Shrug It Off+1"],"max_hp_per_floor":[80,80,80,80,80,80,80,80,94,94,94,94,94,94,94,94,94,94,94,94,94,94,94,94,94,94,94,94,65,65,65,65,65,65,65,65,65,65,65,65,65,65,65,65,65],"relics":["Burning Blood","Tiny Chest","Shuriken","Mango","War Paint","Philosopher\u0027s Stone","Red Skull","Old Coin","Omamori","Velvet Choker","Happy Flower","Ancient Tea Set"],"card_choices":[{"not_picked":["Sentinel","Twin Strike"],"picked":"Pommel Strike"},{"not_picked":["Pommel Strike","Twin Strike"],"picked":"Entrench"},{"not_picked":["Clash","Rampage"],"picked":"Dual Wield"},{"not_picked":["Heavy Blade","Twin Strike"],"picked":"Shrug It Off"},{"not_picked":["Uppercut","Heavy Blade"],"picked":"Iron Wave"},{"not_picked":["Thunderclap","Flame Barrier"],"picked":"Flex"},{"not_picked":["Brutality","Demon Form"],"picked":"Limit Break"},{"not_picked":["Disarm","Dual Wield"],"picked":"Armaments"},{"not_picked":["Pommel Strike","Carnage"],"picked":"Body Slam"},{"not_picked":["Havoc","Twin Strike"],"picked":"Iron Wave"},{"not_picked":["Heavy Blade","Clash"],"picked":"Thunderclap"},{"not_picked":["Brutality","Bludgeon"],"picked":"Exhume"},{"not_picked":["Clash","Infernal Blade"],"picked":"Iron Wave"},{"not_picked":["Body Slam","Burning Pact"],"picked":"Iron Wave"},{"not_picked":["Wild Strike","Shockwave"],"picked":"Evolve"},{"not_picked":["Armaments","Intimidate"],"picked":"Shrug It Off"}],"player_experience":120727,"potions_floor_usage":[16,18,20,28,39,44],"damage_taken":[{"damage":0,"enemies":"2 Louse","floor":1,"turns":2},{"damage":3,"enemies":"Cultist","floor":5,"turns":4},{"damage":20,"enemies":"Gremlin Nob","floor":7,"turns":4},{"damage":0,"enemies":"Jaw Worm","floor":12,"turns":4},{"damage":6,"enemies":"Gremlin Gang","floor":13,"turns":6},{"damage":0,"enemies":"2 Fungi Beasts","floor":14,"turns":4},{"damage":7,"enemies":"The Guardian","floor":16,"turns":13},{"damage":46,"enemies":"3 Byrds","floor":18,"turns":6},{"damage":7,"enemies":"Chosen","floor":20,"turns":5},{"damage":6,"enemies":"Snecko","floor":22,"turns":6},{"damage":21,"enemies":"Snake Plant","floor":24,"turns":4},{"damage":0,"enemies":"3 Cultists","floor":28,"turns":3},{"damage":38,"enemies":"Collector","floor":33,"turns":9},{"damage":37,"enemies":"3 Darklings","floor":35,"turns":8},{"damage":18,"enemies":"Orb Walker","floor":36,"turns":2},{"damage":33,"enemies":"3 Darklings","floor":37,"turns":8},{"damage":32,"enemies":"Sphere and 2 Shapes","floor":38,"turns":11},{"damage":24,"enemies":"Maw","floor":39,"turns":6},{"damage":18,"enemies":"4 Shapes","floor":44,"turns":4},{"damage":46,"enemies":"Sphere and 2 Shapes","floor":46,"turns":5}],"event_choices":[{"event_name":"Accursed Blacksmith","player_choice":"Forge","floor":2,"damage_taken":0},{"event_name":"Shining Light","player_choice":"Entered Light","floor":3,"damage_taken":0},{"event_name":"Bonfire Elementals","player_choice":"BASIC","floor":4,"damage_taken":0},{"event_name":"Back to Basics","player_choice":"Elegance","floor":19,"damage_taken":0},{"event_name":"Drug Dealer","player_choice":"Ignored","floor":27,"damage_taken":0},{"event_name":"Vampires","player_choice":"Became a vampire","floor":29,"damage_taken":0},{"event_name":"Tomb of Lord Red Mask","player_choice":"Ignored","floor":41,"damage_taken":0}],"boss_relics":[{"not_picked":["Question Card","Mark of Pain"],"picked":"Philosopher\u0027s Stone"},{"not_picked":["Runic Pyramid","Black Star"],"picked":"Velvet Choker"}],"potions_floor_spawned":[7,13,14,16,20,22,24,38,44],"seed_played":"1391102995471199042","killed_by":"Sphere and 2 Shapes","ascension_level":2,"is_trial":false}