{"path_per_floor":["M","?","?","?","M","R","E","R","T","M","?","R","M","E","R","B",null,"M","?"],"character_chosen":"DEFECT","items_purchased":[],"gold_per_floor":[117,117,117,67,80,80,105,105,128,140,140,140,153,179,179,276,276,276,276,216],"floor_reached":20,"campfire_rested":0,"playtime":777,"item_purchase_floors":[],"current_hp_per_floor":[75,75,75,75,75,75,75,75,75,75,75,75,71,52,52,32,75,62,26,0],"items_purged":[],"gold":216,"score":236,"play_id":"b127741d-9edd-42f3-bf98-1999f28edc84","local_time":"20180609152730","is_prod":false,"is_daily":false,"chose_seed":false,"is_ascension_mode":true,"campfire_upgraded":4,"win_rate":0,"timestamp":1528554450,"campfire_choices":[{"data":"Zap","floor":6,"key":"SMITH"},{"data":"Dualcast","floor":8,"key":"SMITH"},{"data":"Redo","floor":12,"key":"SMITH"},{"data":"Thunder Strike","floor":15,"key":"SMITH"}],"path_taken":["M","?","?","?","M","R","E","R","T","?","?","R","M","E","R","BOSS","M","?","M"],"build_version":"2018-06-07v3","seed_source_timestamp":160492237402226,"purchased_purges":0,"victory":false,"master_deck":["Strike_B","Strike_B","Strike_B","Defend_B","Defend_B","Defend_B","Zap+1","Dualcast+1","Melter","Redo+1","Skim","Decay","Thunder Strike+1","Auto Shields","Machine Learning","BootSequence","Barrage"],"max_hp_per_floor":[75,75,75,75,75,75,75,75,75,75,75,75,75,75,75,75,75,75,75,75],"relics":["Cracked Core","NeowsBlessing","Gremlin Horn","Happy Flower","Calipers","Ectoplasm","Red Mask"],"card_choices":[{"not_picked":["Chill","Leap"],"picked":"Melter","floor":1},{"not_picked":["Chaos","Cold Snap","Steam Power"],"picked":"SKIP","floor":5},{"not_picked":["Go for the Eyes","Aggregate","Coolheaded"],"picked":"SKIP","floor":7},{"not_picked":["Go for the Eyes","Leap"],"picked":"Skim","floor":10},{"not_picked":["Redo","Beam Cell"],"picked":"Thunder Strike","floor":13},{"not_picked":["Chill","Fusion"],"picked":"Auto Shields","floor":14},{"not_picked":["Hyperbeam","Core Surge"],"picked":"Machine Learning","floor":16},{"not_picked":["Rebound","Auto Shields"],"picked":"BootSequence","floor":18},{"not_picked":["Hologram","Coolheaded"],"picked":"Barrage","floor":19}],"player_experience":283635,"potions_floor_usage":[16,16,19],"damage_taken":[{"damage":0,"enemies":"Jaw Worm","floor":1,"turns":1},{"damage":0,"enemies":"Cultist","floor":5,"turns":1},{"damage":0,"enemies":"Lagavulin","floor":7,"turns":1},{"damage":0,"enemies":"Small Slimes","floor":10,"turns":2},{"damage":4,"enemies":"3 Louse","floor":13,"turns":2},{"damage":19,"enemies":"3 Sentries","floor":14,"turns":6},{"damage":20,"enemies":"Slime Boss","floor":16,"turns":6},{"damage":13,"enemies":"3 Byrds","floor":18,"turns":3},{"damage":36,"floor":19,"turns":3},{"damage":30,"enemies":"2 Thieves","floor":20,"turns":2}],"relics_obtained":[{"floor":7,"key":"Gremlin Horn"},{"floor":9,"key":"Happy Flower"},{"floor":14,"key":"Calipers"},{"floor":19,"key":"Red Mask"}],"event_choices":[{"event_name":"The Lab","player_choice":"Got Potions","floor":2,"damage_taken":0},{"event_name":"Transmorgrifier","player_choice":"Transform","floor":3,"damage_taken":0},{"event_name":"The Cleric","player_choice":"Card Removal","floor":4,"damage_taken":0},{"event_name":"Wheel of Change","player_choice":"Curse","floor":11,"damage_taken":0},{"event_name":"Masked Bandits","player_choice":"Fought over 276 gold","floor":19,"damage_taken":0}],"boss_relics":[{"not_picked":["Calling Bell","Snecko Eye"],"picked":"Ectoplasm"}],"items_purged_floors":[],"potions_floor_spawned":[1,7,14,16,18],"seed_played":"-8498418150313838482","killed_by":"2 Thieves","ascension_level":3,"potions_obtained":[{"floor":1,"key":"LiquidBronze"},{"floor":2,"key":"Block Potion"},{"floor":2,"key":"FocusPotion"},{"floor":14,"key":"Dexterity Potion"},{"floor":16,"key":"FocusPotion"},{"floor":18,"key":"FocusPotion"}],"is_trial":false}