{"path_per_floor":["M","?","M","M","?","R","M","R","T","M","?","R","$","M","R","B",null,"M","?","M","M","?","R","?","E","T","M","$","R","?","M","R","B",null,"M","?","M","M","?","R","M","?","T","R","M","$","R","M","R","B"],"character_chosen":"THE_SILENT","items_purchased":["Blood Vial"],"gold_per_floor":[112,187,198,217,217,217,230,230,230,246,246,246,171,183,183,285,285,240,240,240,240,240,240,240,240,240,240,88,88,3,3,3,3,3,3,3,3,3,3,3,3,3,3,3,3,3,3,3,3,3],"floor_reached":51,"campfire_rested":5,"playtime":3091,"current_hp_per_floor":[70,59,59,59,59,59,53,70,70,70,70,70,70,65,65,56,70,66,66,66,60,60,60,60,38,38,38,38,59,59,43,64,11,70,60,60,54,47,47,47,49,49,59,80,69,69,69,52,76,8],"items_purged":["Regret"],"gold":3,"score":578,"play_id":"a9d4fe83-a57e-4817-8f41-7be28fcb0632","is_prod":false,"is_daily":false,"is_ascension_mode":true,"campfire_upgraded":6,"path_taken":["M","?","M","M","?","R","M","R","T","M","?","R","$","M","R","BOSS","M","?","?","M","?","R","?","E","T","?","$","R","?","?","R","BOSS","M","?","M","M","?","R","?","?","T","R","?","?","R","M","R","BOSS"],"build_version":"2018-02-15-PROD1","purchased_purges":1,"victory":true,"master_deck":["Defend_G+1","Defend_G+1","Defend_G+1","Defend_G+1","Defend_G+1","Strike_G+1","Strike_G+1","Strike_G+1","Strike_G+1","Survivor+1","Neutralize+1","Quick Slash","Dagger Spray+1","Skewer+1","PiercingWail","Backflip+1","Tactician+1","Outmaneuver+1","Tools of the Trade+1","Acrobatics+1","Deflect+1","Night Terror+1","Calculated Gamble+1","Escape Plan+1","Deflect+1","Distraction+1","Injury","Cloak And Dagger+1"],"max_hp_per_floor":[70,70,70,70,70,70,70,70,70,70,70,70,70,70,70,70,70,70,70,70,70,70,70,70,70,70,70,70,70,70,70,70,70,70,70,70,70,70,70,70,70,70,80,80,80,80,80,80,80,80],"relics":["Ring of the Snake","NeowsBlessing","Omamori","Mercury Hourglass","Ectoplasm","Toxic Egg 2","Unceasing Top","Frozen Eye","Blood Vial","Bronze Scales","Cursed Key","Blue Candle","Pear"],"card_choices":[{"not_picked":["Flying Knee","Slice"],"picked":"Quick Slash"},{"not_picked":["Expertise","Blur"],"picked":"Dagger Spray"},{"not_picked":["Expertise","Dagger Spray"],"picked":"Skewer"},{"not_picked":["Choke","Bullet Time"],"picked":"PiercingWail"},{"not_picked":["Finisher","Terror"],"picked":"Backflip"},{"not_picked":["Doppelganger","Die Die Die"],"picked":"Tactician"},{"not_picked":["PiercingWail","Dodge and Roll"],"picked":"Outmaneuver"},{"not_picked":["Deadly Poison","Sucker Punch"],"picked":"Tools of the Trade"},{"not_picked":["Quick Slash","Storm of Steel"],"picked":"Acrobatics"},{"not_picked":["Noxious Fumes","Leg Sweep"],"picked":"Deflect"},{"not_picked":["Corpse Explosion","Unload"],"picked":"Night Terror"},{"not_picked":["Infinite Blades","Backflip"],"picked":"Calculated Gamble"},{"not_picked":["Flying Knee","Bane"],"picked":"Escape Plan"},{"not_picked":["Quick Slash","Bane"],"picked":"Deflect"},{"not_picked":["Backflip","Malaise"],"picked":"Distraction"},{"not_picked":["Heel Hook","Bane"],"picked":"Cloak And Dagger"}],"player_experience":93823,"potions_floor_usage":[14,16,16,20,33,50,50,50],"damage_taken":[{"damage":0,"enemies":"Jaw Worm","floor":1,"turns":1},{"damage":0,"enemies":"2 Louse","floor":3,"turns":1},{"damage":0,"enemies":"Small Slimes","floor":4,"turns":1},{"damage":6,"enemies":"Looter","floor":7,"turns":4},{"damage":0,"enemies":"Lots of Slimes","floor":10,"turns":1},{"damage":5,"enemies":"Large Slime","floor":14,"turns":6},{"damage":9,"enemies":"Slime Boss","floor":16,"turns":7},{"damage":4,"enemies":"2 Thieves","floor":18,"turns":4},{"damage":0,"enemies":"Spheric Guardian","floor":20,"turns":1},{"damage":6,"enemies":"Cultist and Chosen","floor":21,"turns":6},{"damage":22,"enemies":"Slavers","floor":25,"turns":6},{"damage":0,"enemies":"Sentry and Sphere","floor":27,"turns":3},{"damage":18,"enemies":"Snake Plant","floor":31,"turns":3},{"damage":55,"enemies":"Collector","floor":33,"turns":9},{"damage":10,"enemies":"Orb Walker","floor":35,"turns":3},{"damage":8,"enemies":"3 Shapes","floor":37,"turns":4},{"damage":9,"enemies":"3 Darklings","floor":38,"turns":4},{"damage":0,"enemies":"Sphere and 2 Shapes","floor":41,"turns":3},{"damage":11,"enemies":"Maw","floor":45,"turns":8},{"damage":19,"enemies":"4 Shapes","floor":48,"turns":2},{"damage":70,"enemies":"Time Eater","floor":50,"turns":12}],"event_choices":[{"event_name":"World of Goop","player_choice":"Gather Gold","floor":2,"damage_taken":0},{"event_name":"Big Fish","player_choice":"Box","floor":5,"damage_taken":0},{"event_name":"Upgrade Shrine","player_choice":"Upgraded","floor":11,"damage_taken":0},{"event_name":"The Mausoleum","player_choice":"Yes","floor":19,"damage_taken":0},{"event_name":"Forgotten Altar","player_choice":"Smashed Altar","floor":22,"damage_taken":0},{"event_name":"Back to Basics","player_choice":"Simplicity","floor":24,"damage_taken":0},{"event_name":"Addict","player_choice":"Obtained Relic","floor":30,"damage_taken":0},{"event_name":"Golden Shrine","player_choice":"Pray","floor":39,"damage_taken":0},{"event_name":"Accursed Blacksmith","player_choice":"Rummage","floor":42,"damage_taken":0}],"boss_relics":[{"not_picked":["Runic Dome","Eternal Feather"],"picked":"Ectoplasm"},{"not_picked":["The Specimen","Question Card"],"picked":"Cursed Key"}],"potions_floor_spawned":[3,10,14,18,25,41,45,48],"seed_played":"4642011282118065434","ascension_level":3,"is_trial":false}