{"path_per_floor":["M","?","?","M","M","R","$","M","T","R","M","T","M","M","R","B",null,"M","$","M","?","M","?"],"character_chosen":"THE_SILENT","items_purchased":["Oddly Smooth Stone","Juzu Bracelet","Bouncing Flask"],"gold_per_floor":[118,148,148,163,182,182,32,43,67,67,80,80,92,105,105,208,208,227,9,23,23,33,33],"floor_reached":24,"campfire_rested":1,"playtime":2157,"current_hp_per_floor":[69,69,70,68,68,68,68,62,62,62,56,56,45,45,66,29,70,59,59,57,57,53,53],"items_purged":[],"gold":33,"score":190,"play_id":"09e204eb-ba6a-4c3a-885d-4e5bdf0d3fa3","is_prod":false,"is_daily":false,"is_ascension_mode":false,"campfire_upgraded":2,"path_taken":["M","?","?","M","?","R","?","M","T","R","M","?","M","?","R","BOSS","M","?","M","?","M","?","M"],"build_version":"2018-02-12-PROD1","purchased_purges":0,"victory":false,"master_deck":["Defend_G","Defend_G","Defend_G","Defend_G","Defend_G","Strike_G","Strike_G","Strike_G","Survivor+1","Neutralize","Poisoned Stab","Regret","Deadly Poison","Backflip","Crippling Poison+1","Caltrops","Deflect","After Image","Bouncing Flask","Bouncing Flask","Poisoned Stab","Well Laid Plans"],"max_hp_per_floor":[70,70,70,70,70,70,70,70,70,70,70,70,70,70,70,70,70,70,70,70,70,70,70],"relics":["Ring of the Snake","Tiny Chest","Oddly Smooth Stone","Ancient Tea Set","Calipers","Runic Dome","Juzu Bracelet"],"card_choices":[{"not_picked":["Dagger Spray","Slice"],"picked":"Poisoned Stab"},{"not_picked":["Dodge and Roll","Acrobatics"],"picked":"Deadly Poison"},{"not_picked":["Dagger Throw","Poisoned Stab"],"picked":"Backflip"},{"not_picked":["Heel Hook","Quick Slash"],"picked":"Crippling Poison"},{"not_picked":["Dodge and Roll","Choke"],"picked":"Caltrops"},{"not_picked":["Venomology","Masterful Stab"],"picked":"Deflect"},{"not_picked":["Tools of the Trade","Burst"],"picked":"After Image"},{"not_picked":["All Out Attack","Slice"],"picked":"Bouncing Flask"},{"not_picked":["Flying Knee","Riddle With Holes"],"picked":"Poisoned Stab"}],"player_experience":24508,"potions_floor_usage":[16,16],"damage_taken":[{"damage":1,"enemies":"Cultist","floor":1,"turns":5},{"damage":2,"enemies":"Jaw Worm","floor":4,"turns":3},{"damage":0,"enemies":"2 Louse","floor":5,"turns":4},{"damage":6,"enemies":"Lots of Slimes","floor":8,"turns":9},{"damage":6,"enemies":"Exordium Wildlife","floor":11,"turns":5},{"damage":11,"enemies":"Exordium Thugs","floor":13,"turns":6},{"damage":0,"enemies":"Red Slaver","floor":14,"turns":4},{"damage":37,"enemies":"Hexaghost","floor":16,"turns":10},{"damage":11,"enemies":"Spheric Guardian","floor":18,"turns":6},{"damage":2,"enemies":"3 Byrds","floor":20,"turns":6},{"damage":4,"enemies":"Snake Plant","floor":22,"turns":4},{"damage":55,"enemies":"Cultist and Chosen","floor":24,"turns":7}],"event_choices":[{"event_name":"Big Fish","player_choice":"Box","floor":2,"damage_taken":0},{"event_name":"Wheel of Change","player_choice":"Full Heal","floor":3,"damage_taken":0},{"event_name":"Vampires","player_choice":"Ignored","floor":21,"damage_taken":0},{"event_name":"Transmorgrifier","player_choice":"Transform","floor":23,"damage_taken":0}],"boss_relics":[{"not_picked":["Velvet Choker","Snecko Eye"],"picked":"Runic Dome"}],"potions_floor_spawned":[4,8,16],"seed_played":"3449152598967352200","killed_by":"Cultist and Chosen","ascension_level":0,"is_trial":false}