{"gold_per_floor":[112,132,132,147,164,164,198,198,250,325,342,342,374,389,389,484,484,500,43,43,57,76,76,94,126,201,201],"floor_reached":27,"playtime":3246,"items_purged":["Rainbow"],"score":355,"play_id":"7b626530-5743-40ae-aa89-242a94327f4a","local_time":"20190420165826","is_ascension_mode":true,"campfire_choices":[{"data":"Zap","floor":6,"key":"SMITH"},{"floor":8,"key":"REST"},{"data":"Conserve Battery","floor":15,"key":"SMITH"},{"floor":23,"key":"REST"}],"neow_cost":"TEN_PERCENT_HP_LOSS","seed_source_timestamp":797209711711450,"circlet_count":0,"master_deck":["Zap+1","Dualcast","Ball Lightning","Sweeping Beam","Hologram","FTL","Steam","Machine Learning","Conserve Battery+1","Amplify","Static Discharge","Heatsinks","Leap","Sunder","Undo","Coolheaded"],"relics":["Cracked Core","Sundial","Ancient Tea Set","Pandora\u0027s Box","Symbiotic Virus","Pear","Question Card"],"potions_floor_usage":[16,16,18,25,27,27],"damage_taken":[{"damage":4,"enemies":"Jaw Worm","floor":1,"turns":4},{"damage":0,"enemies":"Small Slimes","floor":2,"turns":2},{"damage":1,"enemies":"Cultist","floor":4,"turns":3},{"damage":6,"enemies":"Blue Slaver","floor":5,"turns":4},{"damage":19,"enemies":"Lagavulin","floor":7,"turns":6},{"damage":3,"enemies":"Exordium Thugs","floor":11,"turns":4},{"damage":20,"enemies":"Gremlin Nob","floor":13,"turns":4},{"damage":0,"enemies":"Large Slime","floor":14,"turns":4},{"damage":10,"enemies":"Hexaghost","floor":16,"turns":11},{"damage":4,"enemies":"3 Byrds","floor":18,"turns":4},{"damage":32,"enemies":"2 Thieves","floor":21,"turns":4},{"damage":15,"enemies":"3 Cultists","floor":22,"turns":4},{"damage":2,"enemies":"Snecko","floor":24,"turns":4},{"damage":9,"enemies":"Book of Stabbing","floor":25,"turns":6},{"damage":28,"enemies":"Gremlin Leader","floor":27,"turns":5}],"seed_played":"195920911837709040","potions_obtained":[{"floor":2,"key":"Energy Potion"},{"floor":5,"key":"Dexterity Potion"},{"floor":11,"key":"Explosive Potion"},{"floor":21,"key":"GamblersBrew"},{"floor":25,"key":"Swift Potion"}],"is_trial":false,"path_per_floor":["M","M","?","M","M","R","E","R","T","?","M","?","E","M","R","B",null,"M","$","?","M","M","R","M","E","T","E"],"character_chosen":"DEFECT","items_purchased":["Symbiotic Virus","PowerPotion","FocusPotion"],"campfire_rested":2,"item_purchase_floors":[19,19,19],"current_hp_per_floor":[64,64,50,49,43,43,24,44,44,38,35,35,15,15,15,5,52,48,48,48,16,1,21,19,20,20,0],"gold":201,"neow_bonus":"THREE_RARE_CARDS","is_prod":false,"is_daily":false,"chose_seed":false,"campfire_upgraded":2,"win_rate":0,"timestamp":1555797506,"path_taken":["M","M","?","M","M","R","E","R","T","?","?","?","E","M","R","BOSS","M","$","?","M","M","R","M","E","T","E"],"build_version":"2019-01-23","purchased_purges":1,"victory":false,"max_hp_per_floor":[68,68,68,68,68,68,68,68,68,68,68,68,68,68,68,68,68,68,68,68,68,68,68,68,78,78,78],"card_choices":[{"not_picked":["Streamline","Turbo"],"picked":"Ball Lightning","floor":1},{"not_picked":["Barrage","Lockon"],"picked":"Sweeping Beam","floor":2},{"not_picked":["Go for the Eyes","Sweeping Beam","Melter"],"picked":"SKIP","floor":4},{"not_picked":["Go for the Eyes","Sweeping Beam","Melter"],"picked":"SKIP","floor":4},{"not_picked":["Turbo","Leap"],"picked":"Hologram","floor":5},{"not_picked":["Chaos","BootSequence"],"picked":"FTL","floor":7},{"not_picked":["Auto Shields","Hologram"],"picked":"Steam","floor":11},{"not_picked":["Skim","Steam Power"],"picked":"Machine Learning","floor":13},{"not_picked":["Reprogram","Barrage"],"picked":"Conserve Battery","floor":14},{"not_picked":["Static Discharge","Leap","Gash"],"picked":"SKIP","floor":18},{"not_picked":["Conserve Battery","Streamline"],"picked":"Undo","floor":21},{"not_picked":["Barrage+1","Ball Lightning","Streamline"],"picked":"SKIP","floor":22},{"not_picked":["Consume","Fission","Hologram"],"picked":"SKIP","floor":24},{"not_picked":["Steam Power+1","Hologram"],"picked":"Coolheaded","floor":25}],"player_experience":634795,"relics_obtained":[{"floor":7,"key":"Sundial"},{"floor":13,"key":"Ancient Tea Set"},{"floor":25,"key":"Pear"},{"floor":26,"key":"Question Card"}],"event_choices":[{"damage_healed":0,"gold_gain":0,"player_choice":"Entered Light","damage_taken":14,"max_hp_gain":0,"max_hp_loss":0,"event_name":"Shining Light","floor":3,"gold_loss":0,"cards_upgraded":["Strike_B","Defend_B"]},{"damage_healed":0,"gold_gain":75,"player_choice":"Touch","damage_taken":6,"max_hp_gain":0,"max_hp_loss":0,"event_name":"FaceTrader","floor":10,"gold_loss":0},{"cards_removed":["Strike_B"],"damage_healed":0,"gold_gain":0,"player_choice":"Purged","damage_taken":0,"max_hp_gain":0,"max_hp_loss":0,"event_name":"Purifier","floor":12,"gold_loss":0},{"cards_removed":["Rip and Tear"],"damage_healed":0,"gold_gain":0,"player_choice":"Elegance","damage_taken":0,"max_hp_gain":0,"max_hp_loss":0,"event_name":"Back to Basics","floor":20,"gold_loss":0}],"is_beta":false,"boss_relics":[{"not_picked":["Busted Crown","Velvet Choker"],"picked":"Pandora\u0027s Box"}],"items_purged_floors":[19],"is_endless":false,"potions_floor_spawned":[2,5,11,14,21,24,25],"killed_by":"Gremlin Leader","ascension_level":9}