{"gold_per_floor":[119,8,20,20,20,50,70,105,105,115,115,15,34,4,4,100,100,118,136,11,11,25,25],"floor_reached":23,"playtime":2846,"items_purged":["Strike_G","Strike_G","Strike_G"],"score":283,"play_id":"f1a16aab-ebd6-4aca-85c4-69ac08138ba7","local_time":"20190425221350","is_ascension_mode":true,"campfire_choices":[{"data":"Neutralize","floor":11.0,"key":"SMITH"},{"data":"Leg Sweep","floor":15,"key":"SMITH"}],"neow_cost":"NONE","seed_source_timestamp":436497399942384,"circlet_count":0,"master_deck":["Defend_G","Defend_G","Defend_G","Defend_G","Defend_G","Strike_G","Strike_G","Survivor","Neutralize+1","Heel Hook","Leg Sweep+1","Tools of the Trade"],"special_seed":0,"relics":["Ring of the Snake","NeowsBlessing","Shuriken","Sundial","Oddly Smooth Stone","PreservedInsect"],"potions_floor_usage":[14,16,23,23],"damage_taken":[{"damage":0.0,"enemies":"2 Louse","floor":1.0,"turns":1.0},{"damage":0.0,"enemies":"Jaw Worm","floor":3.0,"turns":1.0},{"damage":0.0,"enemies":"Gremlin Nob","floor":6.0,"turns":1.0},{"damage":0.0,"enemies":"Cultist","floor":7.0,"turns":5.0},{"damage":36.0,"enemies":"Lagavulin","floor":8.0,"turns":11.0},{"damage":0.0,"enemies":"Blue Slaver","floor":10.0,"turns":5.0},{"damage":0,"enemies":"Exordium Wildlife","floor":13,"turns":6},{"damage":0,"enemies":"Looter","floor":14,"turns":4},{"damage":26,"enemies":"Hexaghost","floor":16,"turns":15},{"damage":0,"enemies":"3 Byrds","floor":18,"turns":8},{"damage":0,"enemies":"Shell Parasite","floor":19,"turns":12},{"damage":8,"enemies":"Centurion and Healer","floor":22,"turns":16},{"damage":53,"enemies":"Book of Stabbing","floor":23,"turns":12}],"seed_played":"6113833897828467630","potions_obtained":[{"floor":1.0,"key":"AttackPotion"},{"floor":3.0,"key":"Fire Potion"},{"floor":8.0,"key":"LiquidBronze"},{"floor":16,"key":"FearPotion"},{"floor":19,"key":"SkillPotion"},{"floor":22,"key":"Weak Potion"}],"is_trial":false,"path_per_floor":["M","$","M","?","T","E","M","E","T","M","R","$","M","M","R","B",null,"M","M","$","?","M","E"],"character_chosen":"THE_SILENT","items_purchased":["Leg Sweep"],"campfire_rested":0,"item_purchase_floors":[2],"current_hp_per_floor":[70,70,70,75,75,75,75,39,39,39,39,39,39,39,39,13,60,60,60,60,60,52,0],"gold":25,"neow_bonus":"THREE_ENEMY_KILL","is_prod":false,"is_daily":false,"chose_seed":false,"campfire_upgraded":2,"win_rate":0,"timestamp":1556252030,"path_taken":["M","$","M","?","?","E","M","E","T","M","R","?","M","M","R","BOSS","M","M","?","?","M","E"],"build_version":"2019-01-23","purchased_purges":3,"victory":false,"max_hp_per_floor":[70,70,70,75,75,75,75,75,75,75,75,75,75,75,75,75,75,75,75,75,75,75,75],"card_choices":[{"not_picked":["Escape Plan","Eviscerate"],"picked":"Heel Hook","floor":1.0},{"not_picked":["Bane","Dagger Throw","Slice"],"picked":"SKIP","floor":3.0},{"not_picked":["Leg Sweep","Glass Knife","Tools of the Trade"],"picked":"SKIP","floor":6.0},{"not_picked":["Leg Sweep","Acrobatics","Underhanded Strike"],"picked":"SKIP","floor":7.0},{"not_picked":["Leg Sweep","Acrobatics","Underhanded Strike"],"picked":"SKIP","floor":7.0},{"not_picked":["Sucker Punch","Deadly Poison","Well Laid Plans"],"picked":"SKIP","floor":8.0},{"not_picked":["Acrobatics","Finisher","Crippling Poison"],"picked":"SKIP","floor":10.0},{"not_picked":["Bouncing Flask","Calculated Gamble","Crippling Poison"],"picked":"SKIP","floor":13},{"not_picked":["PiercingWail","Prepared","Calculated Gamble"],"picked":"SKIP","floor":14},{"not_picked":["Phantasmal Killer","Night Terror"],"picked":"Tools of the Trade","floor":16},{"not_picked":["Prepared+1","Dodge and Roll","Acrobatics"],"picked":"SKIP","floor":18},{"not_picked":["Acrobatics","Reflex","Deflect+1"],"picked":"SKIP","floor":19},{"not_picked":["Cloak And Dagger","Caltrops","Dodge and Roll"],"picked":"SKIP","floor":22}],"player_experience":470558,"relics_obtained":[{"floor":5.0,"key":"Shuriken"},{"floor":6.0,"key":"Sundial"},{"floor":8.0,"key":"Oddly Smooth Stone"},{"floor":9.0,"key":"PreservedInsect"}],"event_choices":[{"damage_healed":0.0,"max_hp_gain":5.0,"max_hp_loss":0.0,"gold_gain":0.0,"event_name":"Big Fish","player_choice":"Donut","floor":4.0,"gold_loss":0.0,"damage_taken":0.0},{"damage_healed":0,"gold_gain":0,"player_choice":"Ignored","damage_taken":0,"max_hp_gain":0,"max_hp_loss":0,"event_name":"The Mausoleum","floor":21,"gold_loss":0}],"is_beta":false,"boss_relics":[{"not_picked":["Cursed Key","Ectoplasm","Velvet Choker"]}],"items_purged_floors":[2,12,20],"is_endless":false,"potions_floor_spawned":[1,3,8,16,19,22],"killed_by":"Book of Stabbing","ascension_level":5}