{"path_per_floor":["M","?","$","M","$","?","M","M","T","R","M","M","M","$","R"],"character_chosen":"THE_SILENT","items_purchased":["Dagger Spray","Distraction"],"gold_per_floor":[114,64,64,74,74,249,262,275,348,348,358,376,386,205,205],"floor_reached":16,"campfire_rested":2,"playtime":1149,"current_hp_per_floor":[66,66,66,62,62,62,48,35,35,56,42,32,18,18,39],"items_purged":["Doubt"],"gold":205,"play_id":"3f0900a9-143c-447d-9724-70182f3c2b32","is_prod":false,"is_daily":false,"campfire_rituals":0,"campfire_upgraded":0,"is_hardmode":false,"path_taken":["M","?","$","M","$","?","M","M","T","R","M","M","?","$","R","BOSS"],"build_version":"2017-12-21-PROD1","purchased_purges":1,"victory":false,"master_deck":["Defend_G","Defend_G","Defend_G","Defend_G","Strike_G","Strike_G","Strike_G","Strike_G","Strike_G","Survivor","Neutralize","Finisher","Slice","Well Laid Plans","Blade Dance","Flying Knee","Escape Plan","Flying Knee","Riddle With Holes","Dagger Spray","Distraction"],"max_hp_per_floor":[70,70,70,70,70,70,70,70,70,70,70,70,70,70,70],"relics":["Ring of the Snake","Bottled Flame"],"campfire_meditates":0,"card_choices":[{"not_picked":["Blur","Sucker Punch"],"picked":"Finisher"},{"not_picked":["Poisoned Stab","All Out Attack"],"picked":"Slice"},{"not_picked":["Backflip","Slice"],"picked":"Well Laid Plans"},{"not_picked":["Tactician","Sucker Punch"],"picked":"Blade Dance"},{"not_picked":["Backflip","Underhanded Strike"],"picked":"Flying Knee"},{"not_picked":["Masterful Stab","Outmaneuver"],"picked":"Escape Plan"},{"not_picked":["Dagger Throw","Deflect"],"picked":"Flying Knee"},{"not_picked":["PiercingWail","Tactician"],"picked":"Riddle With Holes"}],"player_experience":88335,"potions_floor_usage":[8,11],"damage_taken":[{"damage":4,"enemies":"Jaw Worm","floor":1,"turns":4},{"damage":4,"enemies":"Looter","floor":4,"turns":4},{"damage":14,"enemies":"Blue Slaver","floor":7,"turns":4},{"damage":13,"enemies":"Large Slime","floor":8,"turns":8},{"damage":14,"enemies":"Exordium Thugs","floor":11,"turns":6},{"damage":10,"enemies":"2 Fungi Beasts","floor":12,"turns":4},{"damage":14,"enemies":"Lots of Slimes","floor":13,"turns":5},{"damage":40,"enemies":"Hexaghost","floor":16,"turns":9}],"event_choices":[{"event_name":"The Cleric","player_choice":"Card Removal","floor":2,"damage_taken":0},{"event_name":"Liars Game","player_choice":"agreed","floor":6,"damage_taken":0}],"boss_relics":[],"potions_floor_spawned":[7,8],"seed_played":"4686281808544908086","killed_by":"Hexaghost","is_trial":false}