{"gold_per_floor":[214,214,226,23,43,70,131,3,77,77],"floor_reached":10,"playtime":319,"items_purged":["Strike_B"],"score":83,"play_id":"0897b2e1-355e-4d38-974c-121998639180","local_time":"20190112023048","is_ascension_mode":true,"campfire_choices":[],"neow_cost":"NONE","seed_source_timestamp":1502219776854148,"circlet_count":0,"master_deck":["Strike_B","Strike_B","Strike_B","Defend_B","Defend_B","Defend_B","Defend_B","Zap","Dualcast","Reprogram","Gash","Hologram","Reprogram","Conserve Battery","Gash","Coolheaded"],"relics":["Cracked Core","Blood Vial","Bronze Scales","Du-Vu Doll","Boot","Molten Egg 2"],"potions_floor_usage":[1,7,7],"damage_taken":[{"damage":1,"enemies":"Cultist","floor":1,"turns":4},{"damage":1,"enemies":"2 Louse","floor":3,"turns":2},{"damage":2,"enemies":"Jaw Worm","floor":5,"turns":3},{"damage":55,"enemies":"Lagavulin","floor":6,"turns":6},{"damage":19,"enemies":"Gremlin Nob","floor":7,"turns":4},{"damage":10,"enemies":"Large Slime","floor":10,"turns":3}],"seed_played":"5334150203961001075","potions_obtained":[{"floor":1,"key":"Fruit Juice"},{"floor":3,"key":"Block Potion"},{"floor":6,"key":"Poison Potion"}],"is_trial":false,"path_per_floor":["M","?","M","$","M","E","?","$","T","M"],"character_chosen":"DEFECT","items_purchased":["Hologram","Bronze Scales","Coolheaded"],"campfire_rested":0,"item_purchase_floors":[4,4,8],"current_hp_per_floor":[79,76,77,77,77,24,7,7,7,0],"gold":77,"neow_bonus":"HUNDRED_GOLD","is_prod":false,"is_daily":false,"chose_seed":false,"campfire_upgraded":0,"win_rate":0,"timestamp":1547260248,"path_taken":["M","?","M","$","M","E","?","?","T","M"],"build_version":"2019-01-10","purchased_purges":1,"victory":false,"max_hp_per_floor":[80,80,80,80,80,80,80,80,80,80],"card_choices":[{"not_picked":["Force Field","Go for the Eyes"],"picked":"Reprogram","floor":1},{"not_picked":["Storm","Redo"],"picked":"Gash","floor":3},{"not_picked":["Barrage","Doom and Gloom"],"picked":"Reprogram","floor":5},{"not_picked":["Defragment","Beam Cell"],"picked":"Conserve Battery","floor":6},{"not_picked":["Self Repair","Redo"],"picked":"Gash","floor":7}],"player_experience":198416,"relics_obtained":[{"floor":6,"key":"Du-Vu Doll"},{"floor":7,"key":"Boot"},{"floor":9,"key":"Molten Egg 2"}],"event_choices":[{"damage_healed":0,"gold_gain":0,"player_choice":"Success","damage_taken":3,"relics_obtained":["Blood Vial"],"max_hp_gain":0,"max_hp_loss":0,"event_name":"Scrap Ooze","floor":2,"gold_loss":0},{"damage_healed":0,"gold_gain":30,"player_choice":"Searched \u00272\u0027 times","damage_taken":0,"max_hp_gain":0,"max_hp_loss":0,"event_name":"Dead Adventurer","floor":7,"gold_loss":0}],"is_beta":false,"boss_relics":[],"items_purged_floors":[8],"is_endless":false,"potions_floor_spawned":[1,3,6],"killed_by":"Large Slime","ascension_level":5}