{"path_per_floor":["M","$","M","M","?","E","R","M","T","?","M","$","M","M","R","B",null,"M","M","$","?","M","R","E","?","T","R","M","R","$","M","R","B",null,"M","?","M","M","M","R","E","R","T","R","M","M","$","M","R","B"],"character_chosen":"IRONCLAD","items_purchased":["Pantograph","Whirlwind","Happy Flower","Molten Egg 2"],"gold_per_floor":[115,40,60,76,76,105,105,115,415,415,434,6,20,34,34,154,154,168,181,25,25,48,48,92,92,92,92,112,112,112,131,131,255,255,273,273,293,318,331,331,372,372,372,372,395,413,36,61,61,61],"floor_reached":51,"campfire_rested":1,"playtime":1819,"current_hp_per_floor":[77,77,80,80,73,44,44,48,48,48,31,31,26,32,56,31,68,73,79,79,79,70,70,46,46,46,46,50,50,50,44,44,58,75,80,80,80,62,67,67,69,69,69,69,68,62,62,64,64,51],"items_purged":["Strike_R","Injury","Decay"],"gold":61,"score":761,"play_id":"d5f28be3-2907-4fc1-b553-de4adb758a3a","is_prod":false,"is_daily":false,"is_ascension_mode":true,"campfire_upgraded":6,"path_taken":["M","?","?","M","?","E","R","M","T","?","M","$","M","M","R","BOSS","M","M","$","?","M","R","E","?","T","R","M","R","$","M","R","BOSS","M","?","?","M","M","R","E","R","T","R","M","M","$","M","R","BOSS"],"build_version":"2018-02-22-PROD2","purchased_purges":3,"victory":true,"master_deck":["Strike_R","Strike_R","Strike_R","Defend_R","Defend_R","Defend_R","Defend_R","Bash+1","Rampage+1","Flex+1","Whirlwind+1","Heavy Blade+1","Limit Break+1","Flex+1","Decay","Offering+1","Warcry+1"],"max_hp_per_floor":[80,80,80,80,80,80,80,80,80,80,80,80,80,80,80,80,80,80,80,80,80,80,80,80,80,80,80,80,80,80,80,80,80,80,80,80,80,80,80,80,80,80,80,80,80,80,80,80,80,80],"relics":["Burning Blood","Gambling Chip","Old Coin","Golden Idol","Pantograph","Cursed Key","Letter Opener","Nloth\u0027s Gift","Girya","Mark of Pain","Prayer Wheel","Charon\u0027s Ashes","Molten Egg 2"],"card_choices":[{"not_picked":["Sword Boomerang","Pommel Strike"],"picked":"Carnage"},{"not_picked":["Perfected Strike","Flex"],"picked":"Rampage"},{"not_picked":["True Grit","Seeing Red"],"picked":"Flex"},{"not_picked":["Combust","Iron Wave"],"picked":"Heavy Blade"},{"not_picked":["Brutality","Impervious"],"picked":"Limit Break"},{"not_picked":["Seeing Red","Uppercut"],"picked":"Flex"},{"not_picked":["Barricade","Immolate"],"picked":"Offering"},{"not_picked":["Body Slam","Entrench"],"picked":"Warcry"}],"player_experience":145165,"potions_floor_usage":[6,13,16,33,33,41,50,50,50],"damage_taken":[{"damage":1,"enemies":"Cultist","floor":1,"turns":3},{"damage":3,"enemies":"Small Slimes","floor":3,"turns":3},{"damage":1,"enemies":"2 Louse","floor":4,"turns":2},{"damage":35,"enemies":"Lagavulin","floor":6,"turns":4},{"damage":2,"enemies":"Looter","floor":8,"turns":3},{"damage":23,"enemies":"Large Slime","floor":11,"turns":6},{"damage":11,"enemies":"Lots of Slimes","floor":13,"turns":2},{"damage":0,"enemies":"Gremlin Gang","floor":14,"turns":5},{"damage":55,"enemies":"Slime Boss","floor":16,"turns":11},{"damage":1,"enemies":"3 Byrds","floor":18,"turns":3},{"damage":0,"enemies":"Chosen","floor":19,"turns":3},{"damage":15,"enemies":"Snecko","floor":22,"turns":4},{"damage":30,"enemies":"Gremlin Leader","floor":24,"turns":4},{"damage":2,"enemies":"3 Cultists","floor":28,"turns":2},{"damage":12,"enemies":"Slaver and Parasite","floor":31,"turns":2},{"damage":17,"enemies":"Collector","floor":33,"turns":5},{"damage":0,"enemies":"3 Darklings","floor":35,"turns":1},{"damage":4,"enemies":"Orb Walker","floor":37,"turns":1},{"damage":24,"enemies":"4 Shapes","floor":38,"turns":1},{"damage":1,"enemies":"3 Darklings","floor":39,"turns":2},{"damage":4,"enemies":"2 Orb Walkers","floor":41,"turns":1},{"damage":7,"enemies":"Sphere and 2 Shapes","floor":45,"turns":1},{"damage":12,"enemies":"4 Shapes","floor":46,"turns":1},{"damage":4,"enemies":"Maw","floor":48,"turns":4},{"damage":47,"enemies":"Time Eater","floor":50,"turns":5}],"event_choices":[{"event_name":"Golden Wing","player_choice":"Card Removal","floor":5,"damage_taken":0},{"event_name":"Golden Idol","player_choice":"Take Wound","floor":10,"damage_taken":0},{"event_name":"Beggar","player_choice":"Ignored","floor":21,"damage_taken":0},{"event_name":"N\u0027loth","player_choice":"Traded a Happy Flower","floor":25,"damage_taken":0}],"boss_relics":[{"not_picked":["Question Card","Philosopher\u0027s Stone"],"picked":"Cursed Key"},{"not_picked":["Black Star","Black Blood"],"picked":"Mark of Pain"}],"potions_floor_spawned":[3,6,8,13,16,19,22,33,37,38,39,45,48],"seed_played":"-3127582173262186160","ascension_level":6,"is_trial":false}