{"path_per_floor":["M","?","?","?","$","E","R","M","T","R","E","M","E","M","R","B",null,"M","?","?","?","M","R","$","R","T","M","E","M","R","?","R","B",null,"M","?","$","?","?","R","E","R","T","?","$","M","E","?","R","B"],"character_chosen":"IRONCLAD","items_purchased":["Whirlwind","Strawberry","Membership Card"],"gold_per_floor":[112,112,112,112,33,63,63,80,80,80,108,125,457,474,474,576,576,586,511,511,511,526,526,105,105,105,124,158,173,173,73,73,178,178,197,197,117,117,117,117,150,150,174,174,74,84,115,115,115,115],"floor_reached":51,"campfire_rested":1,"playtime":1014,"current_hp_per_floor":[86,86,86,86,86,68,68,74,74,74,80,86,81,79,79,24,72,58,58,58,58,58,58,65,65,65,71,52,49,49,49,77,57,86,84,84,84,84,84,84,79,79,79,79,79,85,88,95,95,21],"items_purged":["Defend_R","Defend_R","Decay"],"gold":115,"score":859,"play_id":"5c31e419-2e20-495d-8cdc-1be9355408fc","is_prod":false,"is_daily":false,"is_ascension_mode":true,"campfire_upgraded":7,"path_taken":["M","?","?","?","$","E","R","?","T","R","E","M","E","M","R","BOSS","M","?","?","?","M","R","$","R","T","M","E","M","R","?","R","BOSS","M","?","$","?","?","R","E","R","T","?","$","M","E","?","R","BOSS"],"build_version":"2018-02-22-PROD2","purchased_purges":3,"victory":true,"master_deck":["Strike_R+1","Bash+1","Whirlwind+1","Inflame+1","Double Tap+1","Flex+1","Flex+1","Offering+1","J.A.X.+1","Sword Boomerang"],"max_hp_per_floor":[88,88,88,88,88,88,88,88,88,88,88,88,88,88,88,88,88,88,88,88,88,88,88,95,95,95,95,95,95,95,95,95,95,95,95,95,95,95,95,95,95,95,95,95,95,95,95,95,95,95],"relics":["Black Blood","Ancient Tea Set","Unceasing Top","Thread and Needle","Old Coin","Lizard Tail","Bag of Marbles","Strawberry","Membership Card","Peace Pipe","Juzu Bracelet","Charon\u0027s Ashes","Vajra","War Paint"],"card_choices":[{"not_picked":["Clothesline","Exhume"],"picked":"Inflame"},{"not_picked":["Juggernaut","Bludgeon"],"picked":"Double Tap"},{"not_picked":["Whirlwind","Ghostly Armor"],"picked":"Flex"},{"not_picked":["Heavy Blade","Headbutt"],"picked":"Offering"}],"player_experience":149609,"potions_floor_usage":[16,16,33,33,50,50],"damage_taken":[{"damage":0,"enemies":"Small Slimes","floor":1,"turns":3},{"damage":24,"enemies":"Gremlin Nob","floor":6,"turns":4},{"damage":0,"enemies":"Cultist","floor":8,"turns":2},{"damage":0,"enemies":"3 Sentries","floor":11,"turns":1},{"damage":0,"enemies":"2 Louse","floor":12,"turns":1},{"damage":11,"enemies":"Gremlin Nob","floor":13,"turns":3},{"damage":8,"enemies":"Exordium Thugs","floor":14,"turns":2},{"damage":61,"enemies":"Hexaghost","floor":16,"turns":7},{"damage":20,"enemies":"2 Thieves","floor":18,"turns":3},{"damage":6,"enemies":"Spheric Guardian","floor":22,"turns":3},{"damage":0,"enemies":"Snecko","floor":27,"turns":2},{"damage":25,"enemies":"Gremlin Leader","floor":28,"turns":4},{"damage":9,"enemies":"Centurion and Healer","floor":29,"turns":3},{"damage":26,"enemies":"Automaton","floor":33,"turns":3},{"damage":12,"enemies":"3 Shapes","floor":35,"turns":1},{"damage":15,"enemies":"Giant Head","floor":41,"turns":3},{"damage":4,"enemies":"3 Darklings","floor":46,"turns":1},{"damage":7,"enemies":"Nemesis","floor":47,"turns":1},{"damage":84,"enemies":"Time Eater","floor":50,"turns":6}],"event_choices":[{"event_name":"Bonfire Elementals","player_choice":"BASIC","floor":2,"damage_taken":0},{"event_name":"Purifier","player_choice":"One Purge","floor":3,"damage_taken":0},{"event_name":"Living Wall","player_choice":"Grow","floor":4,"damage_taken":0},{"event_name":"Beggar","player_choice":"Gave Gold","floor":19,"damage_taken":0},{"event_name":"The Library","player_choice":"Read","floor":20,"damage_taken":0},{"event_name":"The Mausoleum","player_choice":"Yes","floor":21,"damage_taken":0},{"event_name":"Drug Dealer","player_choice":"Got JAXXED","floor":31,"damage_taken":0},{"event_name":"The Woman in Blue","player_choice":"Bought 0 Potions","floor":36,"damage_taken":0},{"event_name":"Transmorgrifier","player_choice":"Transform","floor":39,"damage_taken":0},{"event_name":"Wheel of Change","player_choice":"Curse","floor":44,"damage_taken":0},{"event_name":"Winding Halls","player_choice":"Writhe","floor":48,"damage_taken":0}],"boss_relics":[{"not_picked":["Calling Bell","Runic Pyramid"],"picked":"Lizard Tail"},{"not_picked":["Orrery","Snecko Eye"],"picked":"Black Blood"}],"potions_floor_spawned":[1,12,14,27,28,35,41,46],"seed_played":"2015038301189991695","ascension_level":8,"is_trial":false}