{"gold_per_floor":[114,114,114,114,139,139,177,202,202,236,226,226,241,260,260,385,385,400,418,431,454,467,510,510],"floor_reached":24,"playtime":733,"items_purged":[],"score":321,"play_id":"72c85cdf-ba89-44a1-be61-5c74f2b2fc0e","local_time":"20180701202632","is_ascension_mode":true,"campfire_choices":[{"data":"Bash","floor":6,"key":"SMITH"},{"data":"Inflame","floor":15,"key":"SMITH"}],"neow_cost":"NONE","seed_source_timestamp":594313102620520,"circlet_count":0,"master_deck":["Strike_R","Strike_R","Strike_R","Strike_R","Strike_R","Defend_R","Defend_R","Defend_R","Defend_R","Bash+1","Clothesline","Twin Strike","Infernal Blade","Pummel","Inflame+1","Dropkick","Twin Strike","Disarm","Offering","Cleave","Inflame","Flex","Infernal Blade+1"],"relics":["Black Blood","NeowsBlessing","Incense Burner","Golden Idol","Du-Vu Doll","Meat on the Bone","Happy Flower","Regal Pillow"],"potions_floor_usage":[13,14,20,22,23,24],"damage_taken":[{"damage":0,"enemies":"Small Slimes","floor":1,"turns":1},{"damage":0,"enemies":"2 Louse","floor":5,"turns":1},{"damage":0,"enemies":"3 Sentries","floor":7,"turns":2},{"damage":1,"enemies":"Cultist","floor":8,"turns":3},{"damage":19,"enemies":"Gremlin Nob","floor":10,"turns":3},{"damage":4,"enemies":"Exordium Thugs","floor":11,"turns":4},{"damage":4,"enemies":"3 Louse","floor":13,"turns":2},{"damage":0,"enemies":"Red Slaver","floor":14,"turns":2},{"damage":25,"enemies":"Hexaghost","floor":16,"turns":8},{"damage":4,"enemies":"Chosen","floor":18,"turns":4},{"damage":29,"enemies":"Spheric Guardian","floor":19,"turns":4},{"damage":12,"enemies":"Snecko","floor":20,"turns":4},{"damage":31,"enemies":"Snake Plant","floor":21,"turns":5},{"damage":21,"enemies":"Cultist and Chosen","floor":22,"turns":4},{"damage":44,"enemies":"Slavers","floor":23,"turns":4},{"damage":27,"enemies":"Sentry and Sphere","floor":24,"turns":3}],"seed_played":"164413406843724758","potions_obtained":[{"floor":1,"key":"Block Potion"},{"floor":7,"key":"SpeedPotion"},{"floor":13,"key":"Block Potion"},{"floor":14,"key":"GamblersBrew"},{"floor":19,"key":"AttackPotion"},{"floor":23,"key":"Explosive Potion"}],"is_trial":false,"path_per_floor":["M","?","$","?","M","R","E","M","T","E","M","$","M","M","R","B",null,"M","M","M","M","M","E"],"character_chosen":"IRONCLAD","items_purchased":[],"campfire_rested":0,"item_purchase_floors":[],"current_hp_per_floor":[80,73,73,73,74,74,74,74,74,61,63,63,65,71,71,52,69,74,55,53,44,45,23,0],"gold":510,"neow_bonus":"THREE_ENEMY_KILL","is_prod":false,"is_daily":false,"chose_seed":false,"campfire_upgraded":2,"win_rate":0,"timestamp":1530498392,"path_taken":["M","?","$","?","M","R","E","?","T","E","M","$","M","M","R","BOSS","M","M","M","M","M","E","M"],"build_version":"2018-06-29","purchased_purges":0,"victory":false,"max_hp_per_floor":[80,80,80,74,74,74,74,74,74,74,74,74,74,74,74,74,74,74,74,74,74,74,74,74],"card_choices":[{"not_picked":["Entrench","Pummel"],"picked":"Clothesline","floor":1},{"not_picked":["Shrug It Off","Clash"],"picked":"Twin Strike","floor":5},{"not_picked":["Reaper","Disarm"],"picked":"Infernal Blade","floor":7},{"not_picked":["Cleave","Warcry"],"picked":"Pummel","floor":8},{"not_picked":["Pommel Strike","Clash"],"picked":"Inflame","floor":10},{"not_picked":["Clothesline","Rage"],"picked":"Dropkick","floor":11},{"not_picked":["Body Slam","Bloodletting"],"picked":"Twin Strike","floor":13},{"not_picked":["Inflame","Sword Boomerang"],"picked":"Disarm","floor":14},{"not_picked":["Fiend Fire","Bludgeon"],"picked":"Offering","floor":16},{"not_picked":["Anger","Corruption"],"picked":"Cleave","floor":18},{"not_picked":["Warcry","Sever Soul","Entrench"],"picked":"SKIP","floor":19},{"not_picked":["Shrug It Off","Pommel Strike"],"picked":"Inflame","floor":20},{"not_picked":["Headbutt","True Grit"],"picked":"Flex","floor":21},{"not_picked":["Bludgeon","Second Wind"],"picked":"Infernal Blade+1","floor":22},{"not_picked":["Carnage","Cleave+1","Warcry+1"],"picked":"SKIP","floor":23}],"player_experience":426171,"relics_obtained":[{"floor":7,"key":"Du-Vu Doll"},{"floor":9,"key":"Meat on the Bone"},{"floor":10,"key":"Happy Flower"},{"floor":23,"key":"Regal Pillow"}],"event_choices":[{"event_name":"Scrap Ooze","player_choice":"success","floor":2,"damage_taken":7},{"event_name":"Golden Idol","player_choice":"Lose Max HP","floor":4,"damage_taken":0}],"boss_relics":[{"not_picked":["Runic Cube","Runic Pyramid"],"picked":"Black Blood"}],"items_purged_floors":[],"is_endless":false,"potions_floor_spawned":[1,7,13,14,19,23],"killed_by":"Sentry and Sphere","ascension_level":5}