{"gold_per_floor":[117,132,146,146,296,296,296,321,399,399,127,137,166,186,186,186],"floor_reached":16,"playtime":428,"items_purged":["Doubt"],"score":220,"play_id":"942b895b-0421-4712-b27d-4fb2341b2cb1","local_time":"20190429170150","is_ascension_mode":true,"campfire_choices":[{"data":"Masterful Stab","floor":6,"key":"SMITH"},{"data":"1","floor":15,"key":"LIFT"}],"neow_cost":"NONE","seed_source_timestamp":3644031237624067,"circlet_count":0,"master_deck":["AscendersBane","Defend_G","Defend_G","Defend_G","Defend_G","Defend_G","Strike_G","Strike_G","Strike_G","Strike_G+1","Strike_G","Survivor","Neutralize+1","PiercingWail","Flying Knee","Cloak And Dagger","Cloak And Dagger","Blur","PiercingWail","Cloak And Dagger"],"relics":["Ring of the Snake","NeowsBlessing","Bag of Preparation","Du-Vu Doll","Bottled Lightning","Whetstone","Girya"],"potions_floor_usage":[8,13,13,16],"damage_taken":[{"damage":0,"enemies":"Jaw Worm","floor":1,"turns":1},{"damage":0,"enemies":"Small Slimes","floor":2,"turns":1},{"damage":0,"enemies":"2 Louse","floor":3,"turns":1},{"damage":33,"enemies":"Gremlin Nob","floor":8,"turns":5},{"damage":7,"enemies":"Lots of Slimes","floor":12,"turns":6},{"damage":22,"enemies":"Lagavulin","floor":13,"turns":6},{"damage":3,"enemies":"2 Fungi Beasts","floor":14,"turns":4},{"damage":36,"enemies":"Hexaghost","floor":16,"turns":11}],"seed_played":"3282537830985627080","potions_obtained":[{"floor":1,"key":"Strength Potion"},{"floor":2,"key":"GhostInAJar"},{"floor":12,"key":"Swift Potion"},{"floor":14,"key":"SkillPotion"}],"is_trial":false,"path_per_floor":["M","M","M","?","?","R","T","E","T","?","$","M","E","M","R","B"],"character_chosen":"THE_SILENT","items_purchased":["Whetstone","Cloak And Dagger"],"campfire_rested":0,"item_purchase_floors":[11,11],"current_hp_per_floor":[59,59,59,59,59,59,59,26,26,66,66,59,37,34,34,0],"gold":186,"neow_bonus":"THREE_ENEMY_KILL","is_prod":false,"is_daily":false,"chose_seed":false,"campfire_upgraded":1,"win_rate":0,"timestamp":1556553710,"path_taken":["M","M","M","?","?","R","?","E","T","?","$","?","E","M","R","BOSS"],"build_version":"2019-01-23","purchased_purges":1,"victory":false,"max_hp_per_floor":[66,66,66,66,66,66,66,66,66,66,66,66,66,66,66,66],"card_choices":[{"not_picked":["Bane","Quick Slash"],"picked":"Masterful Stab","floor":1},{"not_picked":["Underhanded Strike","Outmaneuver"],"picked":"PiercingWail","floor":2},{"not_picked":["Poisoned Stab","Tools of the Trade"],"picked":"Flying Knee","floor":3},{"not_picked":["Flying Knee","Terror"],"picked":"Cloak And Dagger","floor":8},{"not_picked":["Poisoned Stab","Dagger Throw"],"picked":"Blur","floor":12},{"not_picked":["Prepared","Eviscerate"],"picked":"PiercingWail","floor":13},{"not_picked":["Quick Slash","Accuracy"],"picked":"Cloak And Dagger","floor":14}],"player_experience":734245,"relics_obtained":[{"floor":7,"key":"Bag of Preparation"},{"floor":8,"key":"Du-Vu Doll"},{"floor":9,"key":"Bottled Lightning"},{"floor":13,"key":"Girya"}],"event_choices":[{"damage_healed":0,"gold_gain":0,"player_choice":"Leave","damage_taken":0,"max_hp_gain":0,"max_hp_loss":0,"event_name":"The Cleric","floor":4,"gold_loss":0},{"damage_healed":0,"gold_gain":150,"player_choice":"AGREE","damage_taken":0,"max_hp_gain":0,"max_hp_loss":0,"event_name":"Liars Game","floor":5,"gold_loss":0,"cards_obtained":["Doubt"]},{"cards_removed":["Masterful Stab"],"damage_healed":40,"gold_gain":0,"player_choice":"Offered Uncommon","damage_taken":0,"max_hp_gain":0,"max_hp_loss":0,"event_name":"Bonfire Elementals","floor":10,"gold_loss":0}],"is_beta":false,"boss_relics":[],"items_purged_floors":[11],"is_endless":false,"potions_floor_spawned":[1,2,12,14],"killed_by":"Hexaghost","ascension_level":20}