{"path_per_floor":["M","$","M","M","?","R","M","R","T","?","R","T","R","T","R","B",null,"M","M","M","M","?","R","?","R","T","?","R","$","M","E","R","B",null,"M","?","?","M","?","R","E","R","T","$","M","E","R","$","R","B"],"character_chosen":"IRONCLAD","items_purchased":["Inflame","Bag of Marbles","Corruption","Paper Frog","Mummified Hand"],"gold_per_floor":[111,78,92,107,107,107,127,127,127,127,127,151,151,151,151,253,253,269,280,295,314,314,314,314,314,314,314,314,88,100,132,132,237,237,255,255,255,274,328,328,357,357,357,219,238,570,570,73,73,73],"floor_reached":51,"campfire_rested":0,"playtime":1887,"current_hp_per_floor":[52,52,58,54,54,54,52,52,52,52,52,52,52,52,52,21,94,84,90,71,44,44,44,28,28,28,28,28,28,34,40,40,44,94,84,84,74,80,77,77,83,83,83,83,74,80,80,80,80,42],"items_purged":["Strike_R","Strike_R"],"gold":73,"play_id":"7545f774-d99b-4356-acdf-f72dbb0f8245","is_prod":false,"is_daily":false,"campfire_rituals":0,"campfire_upgraded":13,"is_hardmode":false,"path_taken":["M","$","M","M","?","R","M","R","T","?","R","?","R","?","R","BOSS","M","M","M","M","?","R","?","R","T","?","R","$","?","E","R","BOSS","M","?","?","M","?","R","E","R","T","$","M","E","R","$","R","BOSS"],"build_version":"2018-01-11-PROD2","purchased_purges":3,"victory":true,"master_deck":["Strike_R","Defend_R","Defend_R","Defend_R","Bash","Dual Wield","Inflame","Searing Blow","Heavy Blade","Demon Form","Whirlwind","Disarm","Armaments","Necronomicurse","Fiend Fire","Madness","Madness","Seeing Red","Corruption"],"max_hp_per_floor":[94,94,94,94,94,94,94,94,94,94,94,94,94,94,94,94,94,94,94,94,94,94,94,94,94,94,94,94,94,94,94,94,94,94,94,94,94,94,94,94,94,94,94,94,94,94,94,94,94,94],"relics":["Burning Blood","Mango","Champion Belt","Oddly Smooth Stone","Centennial Puzzle","Necronomicon","Bottled Flame","Bag of Marbles","Whetstone","Black Star","Calipers","Lantern","Dream Catcher","Gambling Chip","Old Coin","Sundial","Paper Frog","Mummified Hand"],"campfire_meditates":0,"card_choices":[{"not_picked":["Perfected Strike","Twin Strike"],"picked":"Dual Wield"},{"not_picked":["Second Wind","Perfected Strike"],"picked":"Searing Blow"},{"not_picked":["Infernal Blade","Anger"],"picked":"Heavy Blade"},{"not_picked":["Offering","Exhume"],"picked":"Demon Form"},{"not_picked":["Reckless Charge","Clothesline"],"picked":"Whirlwind"},{"not_picked":["Metallicize","Armaments"],"picked":"Disarm"},{"not_picked":["Evolve","Clothesline"],"picked":"Armaments"},{"not_picked":["Feed","Exhume"],"picked":"Fiend Fire"},{"not_picked":["Cleave","Clash"],"picked":"Seeing Red"}],"player_experience":236581,"potions_floor_usage":[16,33,45],"damage_taken":[{"damage":8,"enemies":"Jaw Worm","floor":1,"turns":5},{"damage":0,"enemies":"Small Slimes","floor":3,"turns":4},{"damage":10,"enemies":"Cultist","floor":4,"turns":4},{"damage":8,"enemies":"2 Fungi Beasts","floor":7,"turns":3},{"damage":37,"enemies":"The Guardian","floor":16,"turns":7},{"damage":16,"enemies":"Shell Parasite","floor":18,"turns":4},{"damage":0,"enemies":"Chosen","floor":19,"turns":5},{"damage":25,"enemies":"Centurion and Healer","floor":20,"turns":6},{"damage":33,"enemies":"3 Cultists","floor":21,"turns":6},{"damage":0,"enemies":"Snake Plant","floor":30,"turns":1},{"damage":0,"enemies":"Gremlin Leader","floor":31,"turns":1},{"damage":2,"enemies":"Automaton","floor":33,"turns":3},{"damage":16,"enemies":"3 Shapes","floor":35,"turns":1},{"damage":0,"enemies":"Orb Walker","floor":38,"turns":1},{"damage":9,"enemies":"Mysterious Sphere","floor":39,"turns":5},{"damage":0,"enemies":"2 Orb Walkers","floor":41,"turns":1},{"damage":15,"enemies":"3 Darklings","floor":45,"turns":4},{"damage":0,"enemies":"Giant Head","floor":46,"turns":1},{"damage":44,"enemies":"Awakened One","floor":50,"turns":4}],"event_choices":[{"event_name":"Living Wall","player_choice":"Forget","floor":5,"damage_taken":0},{"event_name":"Accursed Blacksmith","player_choice":"Forge","floor":10,"damage_taken":0},{"event_name":"Vampires","player_choice":"Ignored","floor":22,"damage_taken":0},{"event_name":"Cursed Tome","player_choice":"Obtained Book","floor":24,"damage_taken":0},{"event_name":"Purifier","player_choice":"One Purge","floor":27,"damage_taken":0},{"event_name":"Winding Halls","player_choice":"Embrace Madness","floor":37,"damage_taken":0},{"event_name":"Mysterious Sphere","player_choice":"Fight","floor":39,"damage_taken":0}],"boss_relics":[{"not_picked":["Snecko Eye","Ectoplasm","Pandora\u0027s Box"]},{"not_picked":["Lizard Tail","Mark of Pain"],"picked":"Black Star"}],"potions_floor_spawned":[4,21,30,31,33,35,45],"seed_played":"3109116115173294133","is_trial":false}