{"gold_per_floor":[363,381,381,393,23,58,58,84,84,84,103,115,148,113,113,186,186,202,202,219,57,75,75,75,89,115,131,56,90,90,104,104,104],"floor_reached":33,"playtime":1335,"items_purged":["Strike_R"],"score":515,"play_id":"e7b15b56-e002-41e3-8991-c5a78228681f","local_time":"20190118162412","is_ascension_mode":true,"campfire_choices":[{"data":"Searing Blow","floor":7,"key":"SMITH"},{"floor":10,"key":"REST"},{"data":"Searing Blow+1","floor":15,"key":"SMITH"},{"data":"Searing Blow+2","floor":24,"key":"SMITH"},{"floor":30,"key":"REST"},{"data":"Offering","floor":32,"key":"SMITH"}],"neow_cost":"PERCENT_DAMAGE","seed_source_timestamp":2069633473812716,"circlet_count":0,"master_deck":["AscendersBane","Strike_R","Strike_R","Strike_R","Strike_R","Defend_R","Defend_R","Defend_R","Defend_R","Bash","Iron Wave","Cleave","Searing Blow+3","Iron Wave","Offering+1","Fiend Fire+1","True Grit"],"relics":["Burning Blood","Pocketwatch","Dead Branch","Darkstone Periapt","Shuriken","Ornamental Fan","Busted Crown","FaceOfCleric","Regal Pillow","Oddly Smooth Stone"],"potions_floor_usage":[8,16,20,22,33],"damage_taken":[{"damage":12,"enemies":"Jaw Worm","floor":1,"turns":3},{"damage":6,"enemies":"Cultist","floor":2,"turns":3},{"damage":0,"enemies":"2 Louse","floor":4,"turns":3},{"damage":30,"enemies":"3 Sentries","floor":6,"turns":8},{"damage":11,"enemies":"Gremlin Nob","floor":8,"turns":3},{"damage":11,"enemies":"Blue Slaver","floor":11,"turns":5},{"damage":14,"enemies":"Red Slaver","floor":12,"turns":4},{"damage":3,"enemies":"Lagavulin","floor":13,"turns":2},{"damage":50,"enemies":"Slime Boss","floor":16,"turns":9},{"damage":6,"enemies":"Chosen","floor":18,"turns":3},{"damage":8,"enemies":"Shell Parasite","floor":20,"turns":5},{"damage":19,"enemies":"Snake Plant","floor":22,"turns":3},{"damage":6,"enemies":"Snecko","floor":25,"turns":2},{"damage":14,"enemies":"Chosen and Byrds","floor":27,"turns":3},{"damage":15,"enemies":"Gremlin Leader","floor":29,"turns":4},{"damage":10,"enemies":"Centurion and Healer","floor":31,"turns":3},{"damage":85,"enemies":"Champ","floor":33,"turns":8}],"seed_played":"4483196987495924762","potions_obtained":[{"floor":6,"key":"AttackPotion"},{"floor":8,"key":"Dexterity Potion"},{"floor":11,"key":"Weak Potion"},{"floor":16,"key":"Poison Potion"},{"floor":18,"key":"BloodPotion"},{"floor":31,"key":"Weak Potion"}],"is_trial":false,"path_per_floor":["M","M","?","M","$","E","R","E","T","R","M","M","E","?","R","B",null,"M","?","M","$","M","?","R","M","T","M","$","E","R","M","R","B"],"character_chosen":"IRONCLAD","items_purchased":["Pocketwatch","Searing Blow","Fiend Fire"],"campfire_rested":2,"item_purchase_floors":[5,5,21],"current_hp_per_floor":[45,45,50,56,56,32,32,27,27,51,46,38,41,61,61,17,64,64,64,71,71,59,59,59,60,60,53,53,45,85,82,82,0],"gold":104,"neow_bonus":"TWO_FIFTY_GOLD","is_prod":false,"is_daily":false,"chose_seed":false,"campfire_upgraded":4,"win_rate":0,"timestamp":1547828652,"path_taken":["M","M","?","M","$","E","R","E","T","R","?","M","E","?","R","BOSS","M","?","?","?","M","?","R","M","T","M","$","E","R","?","R","BOSS"],"build_version":"2019-01-17v2","purchased_purges":1,"victory":false,"max_hp_per_floor":[80,80,80,80,80,80,80,80,80,80,80,80,80,80,80,80,80,80,80,81,81,82,82,82,83,83,84,84,85,85,86,86,86],"card_choices":[{"not_picked":["Warcry","Sword Boomerang"],"picked":"Thunderclap","floor":1},{"not_picked":["Headbutt","Fire Breathing"],"picked":"Iron Wave","floor":2},{"not_picked":["Thunderclap","Rage"],"picked":"Cleave","floor":4},{"not_picked":["Feel No Pain","Second Wind","Sever Soul"],"picked":"SKIP","floor":6},{"not_picked":["Armaments","Bludgeon","Flex"],"picked":"SKIP","floor":8},{"not_picked":["Uppercut","Flame Barrier","Rupture"],"picked":"SKIP","floor":11},{"not_picked":["Armaments","Warcry"],"picked":"Iron Wave","floor":12},{"not_picked":["Iron Wave","Evolve","Rupture"],"picked":"SKIP","floor":13},{"not_picked":["Juggernaut","Brutality"],"picked":"Offering","floor":16},{"not_picked":["Havoc"],"picked":"SKIP","floor":18},{"not_picked":["Havoc"],"picked":"SKIP","floor":20},{"not_picked":["Uppercut"],"picked":"SKIP","floor":22},{"not_picked":[],"picked":"True Grit","floor":25},{"not_picked":["Flex"],"picked":"SKIP","floor":27},{"not_picked":["Warcry"],"picked":"SKIP","floor":29},{"not_picked":["Body Slam"],"picked":"SKIP","floor":31}],"player_experience":411654,"relics_obtained":[{"floor":6,"key":"Dead Branch"},{"floor":8,"key":"Darkstone Periapt"},{"floor":9,"key":"Shuriken"},{"floor":13,"key":"Ornamental Fan"},{"floor":26,"key":"Regal Pillow"},{"floor":29,"key":"Oddly Smooth Stone"}],"event_choices":[{"cards_removed":["Thunderclap"],"damage_healed":5,"gold_gain":0,"player_choice":"Offered Common","damage_taken":0,"max_hp_gain":0,"max_hp_loss":0,"event_name":"Bonfire Elementals","floor":3,"gold_loss":0},{"cards_removed":["Thunderclap"],"damage_healed":5,"gold_gain":0,"player_choice":"Offered Special","damage_taken":0,"max_hp_gain":0,"max_hp_loss":0,"event_name":"Bonfire Elementals","floor":3,"gold_loss":0},{"damage_healed":20,"gold_gain":0,"player_choice":"Healed","damage_taken":0,"max_hp_gain":0,"max_hp_loss":0,"event_name":"The Cleric","floor":14,"gold_loss":35},{"damage_healed":0,"gold_gain":0,"player_choice":"Trade","damage_taken":0,"relics_obtained":["FaceOfCleric"],"max_hp_gain":0,"max_hp_loss":0,"event_name":"FaceTrader","floor":19,"gold_loss":0},{"damage_healed":0,"gold_gain":0,"player_choice":"Upgraded","damage_taken":0,"max_hp_gain":0,"max_hp_loss":0,"event_name":"Upgrade Shrine","floor":23,"gold_loss":0,"cards_upgraded":["Fiend Fire"]}],"is_beta":false,"boss_relics":[{"not_picked":["Tiny House","Empty Cage"],"picked":"Busted Crown"}],"items_purged_floors":[28],"is_endless":false,"potions_floor_spawned":[6,8,11,12,16,18,31],"killed_by":"Champ","ascension_level":13}