{"gold_per_floor":[115,115,125,125,125,125,159,159,183,211,242,39,69,81,81,159,159,172,41,41,41,41,41,57,70,70,80,80,80,26,41,41,120,120,133,20,295,305,319,319,348,364,389,389,489,509,25,25,25,25],"floor_reached":51,"playtime":2999,"items_purged":["Regret"],"score":1240,"play_id":"81dd7207-242e-4197-8a88-e53bd476536b","local_time":"20190424174046","is_ascension_mode":true,"campfire_choices":[{"floor":6,"key":"REST"},{"floor":8,"key":"REST"},{"data":"Noxious Fumes","floor":15,"key":"SMITH"},{"data":"Discovery","floor":23,"key":"SMITH"},{"data":"Footwork","floor":28,"key":"SMITH"},{"data":"Deadly Poison","floor":32,"key":"SMITH"},{"data":"Envenom","floor":40,"key":"SMITH"},{"data":"Footwork","floor":44,"key":"SMITH"},{"floor":49,"key":"REST"}],"neow_cost":"TEN_PERCENT_HP_LOSS","seed_source_timestamp":2747132092183447,"circlet_count":0,"master_deck":["AscendersBane","Survivor","Neutralize","Quick Slash","Tactician+1","Flying Knee","Leg Sweep","Noxious Fumes+1","Blur","Deadly Poison+1","Adrenaline+1","Dodge and Roll","Footwork+1","Discovery+1","Pain","Dagger Throw","Backflip+1","Expertise+1","Dodge and Roll+1","Acrobatics+1","Adrenaline+1","Malaise+1","Finisher","Grand Finale","Eviscerate","Dagger Spray","Leg Sweep+1","Phantasmal Killer+1","Envenom+1","Cloak And Dagger+1","Backflip+1","Leg Sweep+1","Footwork+1","Reflex+1","Deflect+1","Apotheosis+1"],"relics":["Ring of the Snake","Tough Bandages","Bird Faced Urn","Centennial Puzzle","MawBank","Lee\u0027s Waffle","Sundial","HoveringKite","WarpedTongs","Toxic Egg 2","Pandora\u0027s Box","Mummified Hand","Lantern","Du-Vu Doll","Frozen Eye"],"potions_floor_usage":[10,13,50,50],"damage_taken":[{"damage":4,"enemies":"Cultist","floor":1,"turns":4},{"damage":5,"enemies":"Small Slimes","floor":3,"turns":4},{"damage":39,"enemies":"Gremlin Nob","floor":7,"turns":6},{"damage":21,"enemies":"3 Sentries","floor":10,"turns":12},{"damage":0,"enemies":"2 Louse","floor":11,"turns":3},{"damage":16,"enemies":"Lagavulin","floor":13,"turns":8},{"damage":7,"enemies":"Exordium Wildlife","floor":14,"turns":5},{"damage":7,"enemies":"The Guardian","floor":16,"turns":11},{"damage":7,"enemies":"Chosen","floor":18,"turns":6},{"damage":2,"enemies":"Spheric Guardian","floor":24,"turns":4},{"damage":5,"enemies":"Shelled Parasite and Fungi","floor":25,"turns":7},{"damage":2,"enemies":"Snake Plant","floor":27,"turns":5},{"damage":2,"enemies":"3 Cultists","floor":31,"turns":6},{"damage":2,"enemies":"Champ","floor":33,"turns":18},{"damage":0,"enemies":"3 Shapes","floor":35,"turns":4},{"damage":1,"enemies":"3 Darklings","floor":38,"turns":4},{"damage":19,"enemies":"4 Shapes","floor":39,"turns":7},{"damage":22,"enemies":"Nemesis","floor":41,"turns":11},{"damage":9,"enemies":"Maw","floor":42,"turns":7},{"damage":1,"enemies":"Mind Bloom Boss Battle","floor":45,"turns":7},{"damage":9,"enemies":"Sphere and 2 Shapes","floor":46,"turns":5},{"damage":2,"enemies":"Donu and Deca","floor":50,"turns":14}],"seed_played":"7478249230134098527","potions_obtained":[{"floor":7,"key":"Block Potion"},{"floor":11,"key":"Poison Potion"},{"floor":13,"key":"Explosive Potion"},{"floor":14,"key":"Energy Potion"},{"floor":18,"key":"GamblersBrew"},{"floor":41,"key":"Dexterity Potion"}],"is_trial":false,"path_per_floor":["M","?","M","?","?","R","E","R","T","E","M","$","E","M","R","B",null,"M","$","?","$","$","R","M","M","T","M","R","?","$","M","R","B",null,"M","$","?","M","M","R","E","M","T","R","?","M","$","?","R","B",null],"character_chosen":"THE_SILENT","items_purchased":["Lee\u0027s Waffle","Footwork","Discovery","Dodge and Roll+1","Backflip+1","Swift Potion","Apotheosis+1","Frozen Eye"],"campfire_rested":3,"item_purchase_floors":[12,19,19,30,36,36,47,47],"current_hp_per_floor":[55,48,43,25,25,43,4,22,22,1,3,67,51,46,46,41,61,56,56,56,56,56,56,58,57,57,59,59,59,59,63,63,67,67,67,67,67,67,52,52,36,35,35,35,42,41,41,41,61,65],"gold":25,"neow_bonus":"ONE_RARE_RELIC","is_prod":false,"is_daily":false,"chose_seed":false,"campfire_upgraded":6,"win_rate":0,"timestamp":1556124046,"path_taken":["M","?","M","?","?","R","E","R","T","E","?","$","E","M","R","BOSS","M","$","?","?","$","R","M","?","T","M","R","?","$","M","R","BOSS","M","$","?","?","?","R","E","M","T","R","?","M","?","?","R","BOSS"],"build_version":"2019-01-23","purchased_purges":1,"victory":true,"max_hp_per_floor":[60,60,60,60,60,60,60,60,60,60,60,67,67,67,67,67,67,67,67,67,67,67,67,67,67,67,67,67,67,67,67,67,67,67,67,67,67,67,67,67,67,67,67,67,67,67,67,67,67,67],"card_choices":[{"not_picked":["All Out Attack","Setup"],"picked":"Quick Slash","floor":1},{"not_picked":["Deflect","Endless Agony"],"picked":"Tactician","floor":3},{"not_picked":["Well Laid Plans","Cloak And Dagger"],"picked":"Leg Sweep","floor":7},{"not_picked":["A Thousand Cuts","Well Laid Plans"],"picked":"Noxious Fumes","floor":10},{"not_picked":["Prepared","Outmaneuver","Acrobatics"],"picked":"SKIP","floor":11},{"not_picked":["Riddle With Holes","Backstab"],"picked":"Blur","floor":13},{"not_picked":["Dagger Spray","Tactician"],"picked":"Deadly Poison","floor":14},{"not_picked":["Die Die Die","After Image"],"picked":"Adrenaline","floor":16},{"not_picked":["Skewer","Dagger Throw"],"picked":"Dodge and Roll","floor":18},{"not_picked":["Sucker Punch+1","Cloak And Dagger","PiercingWail"],"picked":"SKIP","floor":24},{"not_picked":["Grand Finale","Cloak And Dagger"],"picked":"Dagger Throw","floor":25},{"not_picked":["Acrobatics+1","Prepared+1"],"picked":"Backflip+1","floor":27},{"not_picked":["Crippling Poison+1","Poisoned Stab"],"picked":"Acrobatics+1","floor":31},{"not_picked":["Phantasmal Killer+1","Bullet Time+1"],"picked":"Adrenaline+1","floor":33},{"not_picked":["Bane+1","Cloak And Dagger+1","Escape Plan+1"],"picked":"SKIP","floor":35},{"not_picked":["Bane+1","Escape Plan+1"],"picked":"Cloak And Dagger+1","floor":35},{"not_picked":["Slice+1","PiercingWail+1"],"picked":"Leg Sweep+1","floor":38},{"not_picked":["Setup+1","Heel Hook","Dagger Throw"],"picked":"SKIP","floor":39},{"not_picked":["Bane","Sucker Punch","Deadly Poison+1"],"picked":"SKIP","floor":41},{"not_picked":["Prepared+1","Blade Dance+1"],"picked":"Footwork","floor":42},{"not_picked":["Quick Slash","Accuracy"],"picked":"Reflex+1","floor":45},{"not_picked":["Outmaneuver+1","Finisher"],"picked":"Deflect+1","floor":46}],"player_experience":202834,"relics_obtained":[{"floor":7,"key":"Bird Faced Urn"},{"floor":9,"key":"Centennial Puzzle"},{"floor":10,"key":"MawBank"},{"floor":13,"key":"Sundial"},{"floor":26,"key":"Toxic Egg 2"},{"floor":41,"key":"Mummified Hand"},{"floor":43,"key":"Lantern"},{"floor":45,"key":"Du-Vu Doll"}],"event_choices":[{"cards_removed":["Strike_G"],"damage_healed":0,"gold_gain":0,"player_choice":"Card Removal","damage_taken":7,"max_hp_gain":0,"max_hp_loss":0,"event_name":"Golden Wing","floor":2,"gold_loss":0},{"damage_healed":0,"gold_gain":0,"player_choice":"Entered Light","damage_taken":18,"max_hp_gain":0,"max_hp_loss":0,"event_name":"Shining Light","floor":4,"gold_loss":0,"cards_upgraded":["Defend_G","Tactician"]},{"damage_healed":0,"gold_gain":0,"cards_transformed":["Strike_G"],"player_choice":"Change","damage_taken":0,"max_hp_gain":0,"max_hp_loss":0,"event_name":"Living Wall","floor":5,"gold_loss":0,"cards_obtained":["Flying Knee"]},{"damage_healed":0,"gold_gain":0,"player_choice":"Rummage","damage_taken":0,"relics_obtained":["WarpedTongs"],"max_hp_gain":0,"max_hp_loss":0,"event_name":"Accursed Blacksmith","floor":20,"gold_loss":0,"cards_obtained":["Pain"]},{"damage_healed":0,"gold_gain":0,"player_choice":"Read","damage_taken":0,"max_hp_gain":0,"max_hp_loss":0,"event_name":"The Library","floor":29,"gold_loss":0,"cards_obtained":["Expertise"]},{"damage_healed":0,"gold_gain":275,"player_choice":"Desecrate","damage_taken":0,"max_hp_gain":0,"max_hp_loss":0,"event_name":"Golden Shrine","floor":37,"gold_loss":0,"cards_obtained":["Regret"]},{"damage_healed":0,"gold_gain":0,"player_choice":"Fight","damage_taken":0,"max_hp_gain":0,"max_hp_loss":0,"event_name":"MindBloom","floor":45,"gold_loss":0},{"damage_healed":0,"gold_gain":0,"player_choice":"Upgraded","damage_taken":0,"max_hp_gain":0,"max_hp_loss":0,"event_name":"Upgrade Shrine","floor":48,"gold_loss":0,"cards_upgraded":["Adrenaline"]}],"is_beta":false,"boss_relics":[{"not_picked":["Cursed Key","Snecko Eye"],"picked":"HoveringKite"},{"not_picked":["Black Star","Fusion Hammer"],"picked":"Pandora\u0027s Box"}],"items_purged_floors":[47],"is_endless":false,"potions_floor_spawned":[7,11,13,14,18,25,33,38,41,42],"ascension_level":17}