{"gold_per_floor":[18,33,33,33,46,71,91,125,148,148,98,114,114,132,132,132],"floor_reached":16,"playtime":786,"items_purged":["Strike_R"],"score":218,"play_id":"2c960f92-c82d-4878-b5e1-e7a74029d0bd","local_time":"20180913161814","is_ascension_mode":true,"campfire_choices":[{"data":"Rampage","floor":10,"key":"SMITH"},{"floor":13,"key":"REST"},{"floor":15,"key":"REST"}],"neow_cost":"NO_GOLD","seed_source_timestamp":2512200736375434,"circlet_count":0,"master_deck":["Strike_R","Strike_R","Strike_R","Strike_R","Defend_R","Defend_R","Defend_R","Defend_R","Bash","AscendersBane","Ghostly Armor","Shrug It Off","Metallicize","Rampage+1","Shrug It Off","Impervious","Whirlwind"],"relics":["Burning Blood","Incense Burner","Happy Flower","Smiling Mask","Anchor"],"potions_floor_usage":[6,7,7,8],"damage_taken":[{"damage":1,"enemies":"Cultist","floor":1,"turns":3},{"damage":7,"enemies":"Small Slimes","floor":2,"turns":3},{"damage":6,"enemies":"2 Louse","floor":5,"turns":4},{"damage":46,"enemies":"Gremlin Nob","floor":6,"turns":6},{"damage":8,"enemies":"Exordium Thugs","floor":7,"turns":4},{"damage":19,"enemies":"Lagavulin","floor":8,"turns":8},{"damage":5,"enemies":"3 Louse","floor":12,"turns":4},{"damage":23,"enemies":"Gremlin Gang","floor":14,"turns":8},{"damage":78,"enemies":"Slime Boss","floor":16,"turns":12}],"seed_played":"8537605658103212535","potions_obtained":[{"floor":1,"key":"Block Potion"},{"floor":2,"key":"Block Potion"},{"floor":6,"key":"Strength Potion"},{"floor":7,"key":"PowerPotion"}],"is_trial":false,"path_per_floor":["M","M","$","T","M","E","M","E","T","R","$","M","R","M","R"],"character_chosen":"IRONCLAD","items_purchased":[],"campfire_rested":2,"item_purchase_floors":[],"current_hp_per_floor":[87,86,86,86,86,46,44,31,31,31,31,32,58,41,67,0],"gold":132,"neow_bonus":"TWENTY_PERCENT_HP_BONUS","is_prod":false,"is_daily":false,"chose_seed":false,"campfire_upgraded":1,"win_rate":0,"timestamp":1536851894,"path_taken":["M","?","$","?","M","E","M","E","T","R","$","?","R","M","R","BOSS"],"build_version":"2018-09-06","purchased_purges":1,"victory":false,"max_hp_per_floor":[89,89,89,89,89,89,89,89,89,89,89,89,89,89,89,89],"card_choices":[{"not_picked":["Spot Weakness","Sword Boomerang"],"picked":"Ghostly Armor","floor":1},{"not_picked":["Iron Wave","Havoc"],"picked":"Shrug It Off","floor":2},{"not_picked":["Shockwave","Evolve"],"picked":"Metallicize","floor":5},{"not_picked":["Cleave","Fiend Fire"],"picked":"Rampage","floor":6},{"not_picked":["Ghostly Armor","Infernal Blade"],"picked":"Shrug It Off","floor":7},{"not_picked":["Rampage","Power Through"],"picked":"Impervious","floor":8},{"not_picked":["Pommel Strike","Headbutt","Anger"],"picked":"SKIP","floor":12},{"not_picked":["Second Wind","Dark Embrace"],"picked":"Whirlwind","floor":14}],"player_experience":351156,"relics_obtained":[{"floor":4,"key":"Incense Burner"},{"floor":6,"key":"Happy Flower"},{"floor":8,"key":"Smiling Mask"},{"floor":9,"key":"Anchor"}],"event_choices":[],"is_beta":false,"boss_relics":[],"items_purged_floors":[11],"is_endless":false,"potions_floor_spawned":[1,2,6,7],"killed_by":"Slime Boss","ascension_level":19}