{"gold_per_floor":[18,29,49,49,3,33,33,33,33,44,72,89,99,132,132,233,233,233,233,148,148,12,12,12,12,12,12,12,12,12,12,12,12],"floor_reached":33,"playtime":1131,"items_purged":[],"score":520,"play_id":"6e93819f-67e0-4c7a-9307-b0eaa14179cf","local_time":"20190117145834","is_ascension_mode":true,"campfire_choices":[{"data":"Wild Strike","floor":7,"key":"SMITH"},{"data":"Whirlwind","floor":15,"key":"SMITH"},{"data":"Double Tap","floor":24,"key":"SMITH"},{"floor":32,"key":"REST"}],"neow_cost":"NO_GOLD","seed_source_timestamp":1978295103366891,"circlet_count":0,"master_deck":["AscendersBane","Strike_R","Strike_R","Strike_R+1","Strike_R","Strike_R","Defend_R","Defend_R","Defend_R","Defend_R+1","Bash+1","Shrug It Off","Wild Strike+1","Cleave","Shrug It Off","Perfected Strike","Shrug It Off","Whirlwind+1","Sword Boomerang","Double Tap+1","Thunderclap","Sword Boomerang","Swift Strike","Clash","Clash","Clash","J.A.X."],"relics":["Burning Blood","Incense Burner","Pocketwatch","Shuriken","Red Skull","Pear","Ectoplasm","Art of War","Frozen Egg 2","Darkstone Periapt","Kunai","Omamori"],"potions_floor_usage":[3,19,33,33],"damage_taken":[{"damage":5,"enemies":"Cultist","floor":1,"turns":4},{"damage":2,"enemies":"2 Louse","floor":2,"turns":3},{"damage":12,"enemies":"Jaw Worm","floor":3,"turns":3},{"damage":13,"enemies":"Gremlin Nob","floor":6,"turns":4},{"damage":4,"enemies":"Exordium Wildlife","floor":10,"turns":3},{"damage":15,"enemies":"3 Sentries","floor":11,"turns":6},{"damage":1,"enemies":"2 Fungi Beasts","floor":12,"turns":3},{"damage":3,"enemies":"Looter","floor":13,"turns":2},{"damage":12,"enemies":"Lagavulin","floor":14,"turns":4},{"damage":36,"enemies":"Hexaghost","floor":16,"turns":6},{"damage":4,"enemies":"Chosen","floor":18,"turns":3},{"damage":5,"enemies":"3 Byrds","floor":19,"turns":2},{"damage":18,"enemies":"Snecko","floor":21,"turns":3},{"damage":20,"enemies":"Book of Stabbing","floor":23,"turns":4},{"damage":15,"enemies":"Gremlin Leader","floor":27,"turns":3},{"damage":2,"enemies":"Chosen and Byrds","floor":28,"turns":3},{"damage":16,"enemies":"Book of Stabbing","floor":29,"turns":2},{"damage":76,"enemies":"Champ","floor":33,"turns":6}],"seed_played":"3974722257920359007","potions_obtained":[{"floor":2,"key":"Energy Potion"},{"floor":3,"key":"BloodPotion"},{"floor":10,"key":"Swift Potion"},{"floor":23,"key":"GamblersBrew"},{"floor":29,"key":"AttackPotion"}],"is_trial":false,"path_per_floor":["M","M","M","?","$","E","R","?","T","M","E","M","M","E","R","B",null,"M","M","?","M","$","E","R","?","T","E","M","E","$","?","R","B"],"character_chosen":"IRONCLAD","items_purchased":["Cleave","Swift Strike","Poison Potion"],"campfire_rested":1,"item_purchase_floors":[5,22,22],"current_hp_per_floor":[73,77,71,55,55,48,48,48,48,50,41,46,49,53,53,23,73,75,76,76,64,64,50,50,50,50,41,45,35,35,35,62,0],"gold":12,"neow_bonus":"ONE_RARE_RELIC","is_prod":false,"is_daily":false,"chose_seed":false,"campfire_upgraded":3,"win_rate":0,"timestamp":1547737114,"path_taken":["M","M","M","?","$","E","R","?","T","M","E","?","M","E","R","BOSS","M","M","?","M","$","E","R","?","T","E","M","E","$","?","R","BOSS"],"build_version":"2019-01-10","purchased_purges":0,"victory":false,"max_hp_per_floor":[80,80,80,80,80,80,80,80,80,80,80,80,80,90,90,90,90,90,90,90,90,90,90,90,90,90,90,90,90,90,90,90,90],"card_choices":[{"not_picked":["Heavy Blade","Pummel"],"picked":"Shrug It Off","floor":1},{"not_picked":["Clothesline","Burning Pact","Armaments"],"picked":"SKIP","floor":2},{"not_picked":["Clothesline","Fire Breathing"],"picked":"Wild Strike","floor":3},{"not_picked":["Juggernaut","Clothesline"],"picked":"Shrug It Off","floor":6},{"not_picked":["Iron Wave","Headbutt"],"picked":"Perfected Strike","floor":10},{"not_picked":["Sentinel","Dark Embrace"],"picked":"Shrug It Off","floor":11},{"not_picked":["Carnage","Wild Strike"],"picked":"Whirlwind","floor":12},{"not_picked":["Fire Breathing","Havoc","Burning Pact"],"picked":"SKIP","floor":13},{"not_picked":["Havoc","Combust"],"picked":"Sword Boomerang","floor":14},{"not_picked":["Reaper","Juggernaut"],"picked":"Double Tap","floor":16},{"not_picked":["Bloodletting","Ghostly Armor"],"picked":"Thunderclap","floor":18},{"not_picked":["Thunderclap","Burning Pact+1","Carnage"],"picked":"SKIP","floor":19},{"not_picked":["Rage","Second Wind"],"picked":"Sword Boomerang","floor":21},{"not_picked":["Heavy Blade","Thunderclap"],"picked":"Clash","floor":23},{"not_picked":["Evolve+1","Shrug It Off"],"picked":"Clash","floor":27},{"not_picked":["Searing Blow","Blood for Blood","Body Slam"],"picked":"SKIP","floor":28},{"not_picked":["Flame Barrier","Anger"],"picked":"Clash","floor":29}],"player_experience":383971,"relics_obtained":[{"floor":6,"key":"Pocketwatch"},{"floor":9,"key":"Shuriken"},{"floor":11,"key":"Red Skull"},{"floor":14,"key":"Pear"},{"floor":23,"key":"Frozen Egg 2"},{"floor":26,"key":"Darkstone Periapt"},{"floor":27,"key":"Kunai"},{"floor":29,"key":"Omamori"}],"event_choices":[{"damage_healed":0,"gold_gain":0,"player_choice":"Entered Light","damage_taken":16,"max_hp_gain":0,"max_hp_loss":0,"event_name":"Shining Light","floor":4,"gold_loss":0,"cards_upgraded":["Defend_R","Strike_R"]},{"damage_healed":0,"gold_gain":0,"player_choice":"Grow","damage_taken":0,"max_hp_gain":0,"max_hp_loss":0,"event_name":"Living Wall","floor":8,"gold_loss":0,"cards_upgraded":["Bash"]},{"damage_healed":0,"gold_gain":0,"player_choice":"Obtained Relic","damage_taken":0,"relics_obtained":["Art of War"],"max_hp_gain":0,"max_hp_loss":0,"event_name":"Addict","floor":20,"gold_loss":85},{"damage_healed":0,"gold_gain":0,"player_choice":"Ignored","damage_taken":0,"max_hp_gain":0,"max_hp_loss":0,"event_name":"Beggar","floor":25,"gold_loss":0},{"damage_healed":0,"gold_gain":0,"player_choice":"Obtain J.A.X.","damage_taken":0,"max_hp_gain":0,"max_hp_loss":0,"event_name":"Drug Dealer","floor":31,"gold_loss":0,"cards_obtained":["J.A.X."]}],"is_beta":false,"boss_relics":[{"not_picked":["Eternal Feather","Pandora\u0027s Box"],"picked":"Ectoplasm"}],"items_purged_floors":[],"is_endless":false,"potions_floor_spawned":[2,3,10,11,23,27,29],"killed_by":"Champ","ascension_level":12}