{"gold_per_floor":[119,136,153,153,172,199,199,233,233,233,249,249,122,149,149,244,244,256,104,104,121,136,136,136,161,161,161,176,209,209,219,219,320,320,336,336,347,360,372,372,188,188,188,148,159,187,121,139,139,139,139,139,62,62],"floor_reached":54,"playtime":5298,"items_purged":["Strike_G","Strike_G"],"score":1049,"play_id":"1fa3d487-1dac-4814-9b89-1647aec79e28","local_time":"20190315072307","is_ascension_mode":true,"campfire_choices":[{"floor":7,"key":"REST"},{"data":"Skewer","floor":10,"key":"SMITH"},{"data":"Footwork","floor":15,"key":"SMITH"},{"floor":23,"key":"REST"},{"floor":30,"key":"REST"},{"floor":32,"key":"REST"},{"floor":40,"key":"REST"},{"floor":42,"key":"RECALL"},{"floor":49,"key":"REST"},{"floor":52,"key":"REST"}],"neow_cost":"NONE","seed_source_timestamp":70168885735497,"circlet_count":0,"master_deck":["Defend_G","Defend_G","Defend_G","Defend_G+1","Defend_G","Survivor+1","Neutralize","Flying Knee","Skewer+1","Flying Knee","PiercingWail","Backflip","Dash","Noxious Fumes","Escape Plan","Footwork+1","Quick Slash","Corpse Explosion","Night Terror","Well Laid Plans","Sucker Punch","Dagger Throw","Blur","Deflect","Forethought","Secret Technique","Leg Sweep+1","Calculated Gamble","Dagger Spray","Adrenaline","Bouncing Flask"],"relics":["Orrery","Bronze Scales","War Paint","Snake Skull","Gremlin Horn","Eternal Feather","Strawberry","Letter Opener","Fusion Hammer","Vajra","Bag of Preparation","MawBank"],"potions_floor_usage":[6,8,21,33,48,50],"damage_taken":[{"damage":2,"enemies":"Small Slimes","floor":1,"turns":3},{"damage":6,"enemies":"Jaw Worm","floor":2,"turns":4},{"damage":0,"enemies":"Cultist","floor":3,"turns":5},{"damage":24,"enemies":"Exordium Wildlife","floor":5,"turns":7},{"damage":13,"enemies":"Gremlin Nob","floor":6,"turns":4},{"damage":0,"enemies":"Lagavulin","floor":8,"turns":8},{"damage":1,"enemies":"Looter","floor":11,"turns":4},{"damage":12,"enemies":"Gremlin Nob","floor":14,"turns":5},{"damage":19,"enemies":"The Guardian","floor":16,"turns":9},{"damage":0,"enemies":"3 Byrds","floor":18,"turns":3},{"damage":14,"enemies":"Spheric Guardian","floor":21,"turns":6},{"damage":24,"enemies":"Centurion and Healer","floor":22,"turns":6},{"damage":0,"enemies":"Gremlin Leader","floor":25,"turns":9},{"damage":19,"enemies":"3 Cultists","floor":28,"turns":4},{"damage":37,"enemies":"Book of Stabbing","floor":29,"turns":7},{"damage":18,"enemies":"Sentry and Sphere","floor":31,"turns":5},{"damage":58,"enemies":"Collector","floor":33,"turns":11},{"damage":1,"enemies":"3 Shapes","floor":35,"turns":3},{"damage":0,"enemies":"3 Darklings","floor":37,"turns":4},{"damage":25,"enemies":"Maw","floor":38,"turns":8},{"damage":8,"enemies":"Sphere and 2 Shapes","floor":39,"turns":5},{"damage":3,"enemies":"4 Shapes","floor":45,"turns":2},{"damage":32,"enemies":"Nemesis","floor":46,"turns":10},{"damage":17,"enemies":"Transient","floor":48,"turns":5},{"damage":69,"enemies":"Donu and Deca","floor":50,"turns":12},{"damage":83,"enemies":"Shield and Spear","floor":54,"turns":6}],"seed_played":"-2307696436969058405","potions_obtained":[{"floor":2,"key":"SteroidPotion"},{"floor":5,"key":"SpeedPotion"},{"floor":6,"key":"Strength Potion"},{"floor":11,"key":"LiquidBronze"},{"floor":25,"key":"Regen Potion"},{"floor":29,"key":"SteroidPotion"},{"floor":33,"key":"Swift Potion"},{"floor":44,"key":"Strength Potion"},{"floor":48,"key":"Regen Potion"}],"is_trial":false,"path_per_floor":["M","M","M","?","M","E","R","E","T","R","M","?","$","E","R","B",null,"M","$","?","M","M","R","T","E","T","?","M","E","R","M","R","B",null,"M","?","M","M","M","R","$","R","T","?","M","E","$","M","R","B",null,"R","$","E"],"character_chosen":"THE_SILENT","items_purchased":["Quick Slash","SkillPotion","Calculated Gamble","Vajra","Adrenaline","Bouncing Flask"],"campfire_rested":7,"item_purchase_floors":[13,19,41,41,47,53],"current_hp_per_floor":[61,55,55,48,24,11,32,32,32,32,31,54,54,42,42,23,58,58,58,58,44,20,53,53,60,60,60,41,4,39,21,56,13,61,60,50,50,25,17,55,55,70,70,70,67,35,35,18,59,5,59,77,77,0],"gold":62,"neow_bonus":"BOSS_RELIC","is_prod":false,"is_daily":false,"chose_seed":false,"campfire_upgraded":2,"win_rate":0,"timestamp":1552652587,"path_taken":["M","M","M","?","M","E","R","E","T","R","M","?","?","E","R","BOSS","M","$","?","M","M","R","?","E","T","?","?","E","R","M","R","BOSS","M","?","M","M","M","R","$","R","T","?","?","E","?","M","R","BOSS","R","$","E"],"build_version":"2019-01-23","purchased_purges":2,"victory":false,"max_hp_per_floor":[70,70,70,70,70,70,70,70,70,70,70,70,70,70,70,70,70,70,70,70,70,70,70,70,77,77,77,77,77,77,77,77,77,77,77,77,77,77,77,77,77,77,77,77,77,77,77,77,77,77,77,77,77,77],"card_choices":[{"not_picked":["Dodge and Roll","Heel Hook"],"picked":"Flying Knee","floor":0},{"not_picked":["Backflip","Sucker Punch"],"picked":"Skewer","floor":0},{"not_picked":["Catalyst","Masterful Stab"],"picked":"Flying Knee","floor":0},{"not_picked":["Quick Slash","Endless Agony"],"picked":"PiercingWail","floor":0},{"not_picked":["Escape Plan","Calculated Gamble"],"picked":"Backflip","floor":0},{"not_picked":["Backstab","Prepared"],"picked":"Dash","floor":1},{"not_picked":["Cloak And Dagger","Sucker Punch"],"picked":"Noxious Fumes","floor":2},{"not_picked":["Poisoned Stab","Tools of the Trade"],"picked":"Escape Plan","floor":3},{"not_picked":["Prepared","Flying Knee","Quick Slash"],"picked":"SKIP","floor":5},{"not_picked":["PiercingWail","Outmaneuver"],"picked":"Footwork","floor":6},{"not_picked":["Distraction","Riddle With Holes","Deflect"],"picked":"SKIP","floor":8},{"not_picked":["Prepared","Blade Dance","Choke"],"picked":"SKIP","floor":11},{"not_picked":["Blur","Calculated Gamble"],"picked":"Corpse Explosion","floor":14},{"not_picked":["Glass Knife","Doppelganger"],"picked":"Night Terror","floor":16},{"not_picked":["Setup","Quick Slash","Acrobatics"],"picked":"SKIP","floor":18},{"not_picked":["Dagger Throw","Flechettes","Deadly Poison"],"picked":"SKIP","floor":21},{"not_picked":["Flechettes","Deadly Poison"],"picked":"Well Laid Plans","floor":22},{"not_picked":["Sucker Punch+1","Predator","Quick Slash+1"],"picked":"SKIP","floor":25},{"not_picked":["Sucker Punch+1","Predator","Quick Slash+1"],"picked":"SKIP","floor":25},{"not_picked":["Bouncing Flask","Storm of Steel","Dagger Spray"],"picked":"SKIP","floor":28},{"not_picked":["Concentrate","Noxious Fumes"],"picked":"Blur","floor":29},{"not_picked":["Distraction","Setup+1"],"picked":"Deflect","floor":31},{"not_picked":["Distraction+1","Noxious Fumes","Well Laid Plans"],"picked":"SKIP","floor":35},{"not_picked":["Magnetism","Purity"],"picked":"Forethought","floor":36},{"not_picked":["Good Instincts","Mind Blast"],"picked":"Secret Technique","floor":36},{"not_picked":["Poisoned Stab","Slice","Well Laid Plans+1"],"picked":"SKIP","floor":37},{"not_picked":["Flying Knee","Cloak And Dagger+1"],"picked":"Leg Sweep+1","floor":38},{"not_picked":["Slice+1","Infinite Blades+1","Concentrate+1"],"picked":"SKIP","floor":39},{"not_picked":["Prepared","Quick Slash","Blade Dance"],"picked":"SKIP","floor":45},{"not_picked":["Dodge and Roll+1","Well Laid Plans+1"],"picked":"Dagger Spray","floor":46},{"not_picked":["Prepared","Quick Slash+1","Slice"],"picked":"SKIP","floor":48}],"player_experience":574960,"relics_obtained":[{"floor":6,"key":"Bronze Scales"},{"floor":8,"key":"War Paint"},{"floor":9,"key":"Snake Skull"},{"floor":14,"key":"Gremlin Horn"},{"floor":25,"key":"Strawberry"},{"floor":26,"key":"Letter Opener"},{"floor":43,"key":"Bag of Preparation"},{"floor":46,"key":"MawBank"}],"event_choices":[{"cards_removed":["Strike_G"],"damage_healed":0,"gold_gain":0,"player_choice":"Card Removal","damage_taken":7,"max_hp_gain":0,"max_hp_loss":0,"event_name":"Golden Wing","floor":4,"gold_loss":0},{"damage_healed":23,"gold_gain":0,"player_choice":"Banana","damage_taken":0,"max_hp_gain":0,"max_hp_loss":0,"event_name":"Big Fish","floor":12,"gold_loss":0},{"damage_healed":0,"gold_gain":0,"player_choice":"Ignored","damage_taken":0,"max_hp_gain":0,"max_hp_loss":0,"event_name":"Vampires","floor":20,"gold_loss":0},{"damage_healed":0,"gold_gain":0,"cards_transformed":["Strike_G","Strike_G"],"player_choice":"Became Test Subject","damage_taken":0,"max_hp_gain":0,"max_hp_loss":0,"event_name":"Drug Dealer","floor":27,"gold_loss":0,"cards_obtained":["Sucker Punch","Dagger Throw"]},{"damage_healed":0,"gold_gain":0,"player_choice":"Memory 3","damage_taken":10,"max_hp_gain":0,"max_hp_loss":0,"event_name":"SensoryStone","floor":36,"gold_loss":0},{"damage_healed":0,"gold_gain":0,"player_choice":"Bought 3 Potions","damage_taken":0,"max_hp_gain":0,"max_hp_loss":0,"event_name":"The Woman in Blue","floor":44,"gold_loss":0}],"is_beta":false,"boss_relics":[{"not_picked":["Lizard Tail","Ectoplasm"],"picked":"Eternal Feather"},{"not_picked":["Coffee Dripper","WristBlade"],"picked":"Fusion Hammer"}],"items_purged_floors":[13,19],"is_endless":false,"potions_floor_spawned":[2,5,6,11,25,29,33,35,45,48],"killed_by":"Shield and Spear","ascension_level":7}