{"gold_per_floor":[115,115,115,135,158,158,189,189,189,209,209,248,248,323,323,451,451,467,148,173,173,88,288,288,312,337,381,47,47,72,95,95,95],"floor_reached":33,"playtime":1674,"items_purged":["Poisoned Stab"],"score":396,"play_id":"be4da6b7-2299-4cd1-be18-111830856af5","local_time":"20190113204225","is_ascension_mode":true,"campfire_choices":[{"data":"Metamorphosis","floor":6,"key":"SMITH"},{"floor":11,"key":"REST"},{"data":"Glass Knife","floor":13,"key":"SMITH"},{"floor":15,"key":"REST"},{"floor":29,"key":"REST"},{"floor":32,"key":"REST"}],"neow_cost":"TEN_PERCENT_HP_LOSS","seed_source_timestamp":1652768676178226,"circlet_count":0,"master_deck":["Defend_G","Defend_G","Defend_G","Defend_G","Defend_G","Survivor","Neutralize","Bandage Up","Metamorphosis+1","Poisoned Stab","Dagger Throw","Dagger Throw","Acrobatics","Glass Knife+1","Finisher","Backstab","All Out Attack","Bite","Bite","Bite","Bite","Bite","Sucker Punch+1","Flying Knee"],"relics":["Ring of the Serpent","Golden Idol","Dead Branch","Pocketwatch","Pantograph","Dodecahedron","Bag of Preparation","Frozen Egg 2","Bag of Marbles","Juzu Bracelet","Ornamental Fan"],"potions_floor_usage":[7,10,12,20,24,27,31,31],"damage_taken":[{"damage":11,"enemies":"Small Slimes","floor":1,"turns":3},{"damage":0,"enemies":"Cultist","floor":4,"turns":4},{"damage":7,"enemies":"Jaw Worm","floor":5,"turns":3},{"damage":22,"enemies":"3 Sentries","floor":7,"turns":8},{"damage":0,"enemies":"2 Fungi Beasts","floor":10,"turns":2},{"damage":8,"enemies":"Gremlin Nob","floor":12,"turns":3},{"damage":16,"enemies":"Slime Boss","floor":16,"turns":8},{"damage":2,"enemies":"Chosen","floor":18,"turns":3},{"damage":17,"enemies":"3 Byrds","floor":20,"turns":4},{"damage":0,"enemies":"Centurion and Healer","floor":24,"turns":1},{"damage":13,"enemies":"Snecko","floor":25,"turns":3},{"damage":42,"enemies":"Slavers","floor":27,"turns":5},{"damage":17,"enemies":"Sentry and Sphere","floor":30,"turns":4},{"damage":36,"enemies":"Shelled Parasite and Fungi","floor":31,"turns":10},{"damage":59,"enemies":"Collector","floor":33,"turns":7}],"seed_played":"6869663551643700566","potions_obtained":[{"floor":3,"key":"AttackPotion"},{"floor":3,"key":"SmokeBomb"},{"floor":3,"key":"Energy Potion"},{"floor":7,"key":"SkillPotion"},{"floor":12,"key":"Weak Potion"},{"floor":16,"key":"Ancient Potion"},{"floor":18,"key":"FairyPotion"},{"floor":25,"key":"Swift Potion"},{"floor":27,"key":"SpeedPotion"},{"floor":30,"key":"Swift Potion"}],"is_trial":false,"path_per_floor":["M","?","?","M","M","R","E","T","T","M","R","E","R","?","R","B",null,"M","$","M","?","?","?","M","M","T","E","$","R","M","M","R","B"],"character_chosen":"THE_SILENT","items_purchased":["Bag of Preparation","Backstab","All Out Attack","Ornamental Fan"],"campfire_rested":4,"item_purchase_floors":[19,19,19,28],"current_hp_per_floor":[52,37,37,41,38,38,20,20,20,24,42,38,38,27,45,47,59,61,61,46,44,44,44,44,35,35,9,9,22,19,10,23,0],"gold":95,"neow_bonus":"RANDOM_COLORLESS_2","is_prod":false,"is_daily":false,"chose_seed":false,"campfire_upgraded":2,"win_rate":0,"timestamp":1547412145,"path_taken":["M","?","?","?","M","R","E","?","T","M","R","E","R","?","R","BOSS","M","$","M","?","?","?","?","M","T","E","$","R","M","M","R","BOSS"],"build_version":"2019-01-10","purchased_purges":1,"victory":false,"max_hp_per_floor":[63,63,63,63,63,63,63,63,63,63,63,63,63,63,63,63,63,63,63,63,44,44,44,44,44,44,44,44,44,44,44,44,44],"card_choices":[{"not_picked":["Deadly Poison","Caltrops"],"picked":"Poisoned Stab","floor":1},{"not_picked":["Underhanded Strike","Dagger Spray"],"picked":"Dagger Throw","floor":4},{"not_picked":["Underhanded Strike","Eviscerate"],"picked":"Dagger Throw","floor":5},{"not_picked":["Bouncing Flask","Finisher"],"picked":"Acrobatics","floor":7},{"not_picked":["Masterful Stab","Outmaneuver"],"picked":"Poisoned Stab","floor":10},{"not_picked":["Prepared","Deadly Poison"],"picked":"Glass Knife","floor":12},{"not_picked":["Underhanded Strike","Noxious Fumes"],"picked":"Finisher","floor":18},{"not_picked":["Distraction+1","Underhanded Strike","Slice"],"picked":"SKIP","floor":20},{"not_picked":["Riddle With Holes","Storm of Steel","Masterful Stab"],"picked":"SKIP","floor":25},{"not_picked":["Venomology","Blade Dance"],"picked":"Sucker Punch+1","floor":27},{"not_picked":["Prepared","Tactician"],"picked":"Flying Knee","floor":30},{"not_picked":["Flying Knee+1","Eviscerate+1","Bane+1"],"picked":"SKIP","floor":31}],"player_experience":259648,"relics_obtained":[{"floor":7,"key":"Dead Branch"},{"floor":8,"key":"Pocketwatch"},{"floor":9,"key":"Pantograph"},{"floor":12,"key":"Dodecahedron"},{"floor":26,"key":"Bag of Marbles"},{"floor":27,"key":"Juzu Bracelet"}],"event_choices":[{"damage_healed":0,"gold_gain":0,"player_choice":"Take Damage","damage_taken":15,"relics_obtained":["Golden Idol"],"max_hp_gain":0,"max_hp_loss":0,"event_name":"Golden Idol","floor":2,"gold_loss":0},{"damage_healed":0,"gold_gain":0,"player_choice":"Got Potions","damage_taken":0,"max_hp_gain":0,"max_hp_loss":0,"event_name":"Lab","floor":3,"gold_loss":0},{"damage_healed":0,"gold_gain":75,"player_choice":"Gather Gold","damage_taken":11,"max_hp_gain":0,"max_hp_loss":0,"event_name":"World of Goop","floor":14,"gold_loss":0},{"damage_healed":0,"gold_gain":0,"player_choice":"Became a vampire","damage_taken":0,"max_hp_gain":0,"max_hp_loss":19,"event_name":"Vampires","floor":21,"gold_loss":0,"cards_obtained":["Bite","Bite","Bite","Bite","Bite"]},{"damage_healed":0,"gold_gain":0,"player_choice":"Obtained Relic","damage_taken":0,"relics_obtained":["Frozen Egg 2"],"max_hp_gain":0,"max_hp_loss":0,"event_name":"Addict","floor":22,"gold_loss":85},{"damage_healed":0,"gold_gain":250,"player_choice":"Bet on Owner","damage_taken":0,"max_hp_gain":0,"max_hp_loss":0,"event_name":"The Joust","floor":23,"gold_loss":50}],"is_beta":false,"boss_relics":[{"not_picked":["Philosopher\u0027s Stone","Runic Dome"],"picked":"Ring of the Serpent"}],"items_purged_floors":[28],"is_endless":false,"potions_floor_spawned":[7,12,16,18,25,27,30],"killed_by":"Collector","ascension_level":7}