{"gold_per_floor":[111,111,128,139,214,214,247,247,274,285,297,54,54,82,82,156,156,173,183,183,4,0,0],"floor_reached":23,"playtime":3055,"items_purged":["Strike_R","Strike_R"],"score":378,"play_id":"31b01f7d-ac6f-4f6c-a4ec-9ceb4e51e4a2","local_time":"20180909192216","is_ascension_mode":true,"campfire_choices":[{"data":"Blood for Blood","floor":6,"key":"SMITH"},{"floor":8,"key":"REST"},{"floor":15,"key":"REST"}],"neow_cost":"TEN_PERCENT_HP_LOSS","seed_source_timestamp":2175330906409950,"circlet_count":0,"master_deck":["Strike_R","Strike_R","Defend_R","Defend_R","Defend_R","Defend_R","Bash","AscendersBane","Sever Soul","Sentinel","Blood for Blood+1","Berserk","Whirlwind+1","Bloodletting","Brutality","Fiend Fire","Infernal Blade","Havoc","Ghostly Armor","Seeing Red","Corruption"],"relics":["Burning Blood","Dead Branch","Ancient Tea Set","Anchor","Regal Pillow","Bronze Scales","Orrery"],"potions_floor_usage":[7,11,16,20],"damage_taken":[{"damage":11,"enemies":"2 Louse","floor":1,"turns":3},{"damage":9,"enemies":"Jaw Worm","floor":3,"turns":5},{"damage":5,"enemies":"Small Slimes","floor":4,"turns":4},{"damage":20,"enemies":"3 Sentries","floor":7,"turns":5},{"damage":0,"enemies":"3 Louse","floor":10,"turns":3},{"damage":4,"enemies":"Red Slaver","floor":11,"turns":4},{"damage":45,"enemies":"Lagavulin","floor":14,"turns":6},{"damage":59,"enemies":"Hexaghost","floor":16,"turns":7},{"damage":43,"enemies":"Chosen","floor":18,"turns":4},{"damage":3,"enemies":"2 Thieves","floor":19,"turns":2},{"damage":22,"enemies":"Colosseum Slavers","floor":20,"turns":4},{"damage":19,"enemies":"Slavers","floor":23,"turns":1}],"seed_played":"-110938966034740348","potions_obtained":[{"floor":3,"key":"GamblersBrew"},{"floor":4,"key":"Explosive Potion"},{"floor":10,"key":"FairyPotion"},{"floor":14,"key":"SkillPotion"},{"floor":19,"key":"Fire Potion"}],"is_trial":false,"path_per_floor":["M","?","M","M","?","R","E","R","T","M","M","$","?","E","R","B",null,"M","M","?","$","?"],"character_chosen":"IRONCLAD","items_purchased":["Regal Pillow","Corruption"],"campfire_rested":2,"item_purchase_floors":[12,21],"current_hp_per_floor":[63,56,53,54,43,43,29,49,49,55,57,57,57,18,53,13,57,20,23,7,7,7,0],"gold":0,"neow_bonus":"ONE_RARE_RELIC","is_prod":false,"is_daily":false,"chose_seed":false,"campfire_upgraded":1,"win_rate":0,"timestamp":1536517336,"path_taken":["M","?","M","M","?","R","E","R","T","?","M","$","?","E","R","BOSS","M","M","?","$","?","E"],"build_version":"2018-09-06","purchased_purges":2,"victory":false,"max_hp_per_floor":[68,68,68,68,68,68,68,68,68,68,68,68,68,68,68,71,71,71,71,71,71,71,71],"card_choices":[{"not_picked":["True Grit","Twin Strike"],"picked":"Sever Soul","floor":1},{"not_picked":["Clothesline","Cleave"],"picked":"Sentinel","floor":3},{"not_picked":["Pommel Strike","Anger"],"picked":"Blood for Blood","floor":4},{"not_picked":["Feed","Pommel Strike"],"picked":"Berserk","floor":7},{"not_picked":["Iron Wave","Sword Boomerang"],"picked":"Whirlwind","floor":10},{"not_picked":["Clothesline","Heavy Blade"],"picked":"Bloodletting","floor":11},{"not_picked":["Clash","Sever Soul"],"picked":"Brutality","floor":14},{"not_picked":["Barricade","Juggernaut"],"picked":"Fiend Fire","floor":16},{"not_picked":["Cleave","Searing Blow"],"picked":"Infernal Blade","floor":17},{"not_picked":["Fire Breathing","Warcry"],"picked":"Havoc","floor":17},{"not_picked":["Body Slam","Fire Breathing"],"picked":"Ghostly Armor","floor":17},{"not_picked":["Demon Form","Iron Wave"],"picked":"Seeing Red","floor":18},{"not_picked":["Flex","Headbutt","Twin Strike"],"picked":"SKIP","floor":19}],"player_experience":327276,"relics_obtained":[{"floor":7,"key":"Ancient Tea Set"},{"floor":9,"key":"Anchor"},{"floor":14,"key":"Bronze Scales"}],"event_choices":[{"event_name":"Golden Wing","player_choice":"Card Removal","floor":2,"damage_taken":0},{"event_name":"World of Goop","player_choice":"Gather Gold","floor":5,"damage_taken":0},{"event_name":"Upgrade Shrine","player_choice":"Upgraded","floor":13,"damage_taken":0},{"event_name":"Colosseum","player_choice":"Fight","floor":20,"damage_taken":0},{"event_name":"Colosseum","player_choice":"Fled From Nobs","floor":20,"damage_taken":0},{"event_name":"Masked Bandits","player_choice":"Paid Fearfully","floor":22,"damage_taken":0}],"is_beta":false,"boss_relics":[{"not_picked":["Black Star","Snecko Eye"],"picked":"Orrery"}],"items_purged_floors":[12,21],"is_endless":false,"potions_floor_spawned":[3,4,10,14,19,20],"killed_by":"Slavers","ascension_level":18}