{"gold_per_floor":[109,109,119,269,1,36,36,46,46,46,46,77,77,0,0,74,74,88,101,101,101,101,101,114,114,137,149,161],"floor_reached":28,"playtime":1715,"items_purged":["Doubt","Strike_R"],"score":522,"play_id":"931e17b3-284f-409d-9a72-f39e5d3f94bb","local_time":"20190426141042","is_ascension_mode":true,"campfire_choices":[{"floor":7,"key":"REST"},{"data":"Whirlwind","floor":10,"key":"SMITH"},{"floor":13,"key":"REST"},{"data":"Berserk","floor":15,"key":"SMITH"},{"data":"J.A.X.","floor":23,"key":"SMITH"},{"floor":25,"key":"REST"},{"floor":27,"key":"REST"}],"neow_cost":"NONE","seed_source_timestamp":2908631530212054,"circlet_count":0,"master_deck":["AscendersBane","Strike_R","Strike_R","Strike_R+1","Defend_R+1","Defend_R","Defend_R","Defend_R","Bash","Berserk+1","Iron Wave","Cleave","Whirlwind+1","Double Tap","Shame","Normality","Doubt","Pommel Strike","Pommel Strike","Decay","J.A.X.+1","Whirlwind+1","Shrug It Off+1"],"relics":["Burning Blood","Membership Card","Blue Candle","Letter Opener","Bag of Preparation","Calling Bell","Lantern","Matryoshka","Torii","Omamori","MawBank"],"potions_floor_usage":[12,19,19,24],"damage_taken":[{"damage":14,"enemies":"2 Louse","floor":1,"turns":3},{"damage":0,"enemies":"Cultist","floor":3,"turns":3},{"damage":36,"enemies":"Gremlin Nob","floor":6,"turns":4},{"damage":4,"enemies":"Jaw Worm","floor":8,"turns":4},{"damage":12,"enemies":"3 Sentries","floor":12,"turns":6},{"damage":41,"enemies":"Slime Boss","floor":16,"turns":9},{"damage":12,"enemies":"3 Byrds","floor":18,"turns":5},{"damage":29,"enemies":"Shell Parasite","floor":19,"turns":4},{"damage":28,"enemies":"Centurion and Healer","floor":24,"turns":3},{"damage":56,"enemies":"Shelled Parasite and Fungi","floor":28,"turns":3}],"seed_played":"3356954096648138114","potions_obtained":[{"floor":6,"key":"Fire Potion"},{"floor":12,"key":"Regen Potion"},{"floor":18,"key":"Energy Potion"},{"floor":19,"key":"SkillPotion"}],"is_trial":false,"path_per_floor":["M","?","M","?","$","E","R","M","T","R","?","E","R","$","R","B",null,"M","M","?","?","?","R","M","R","T","R","M"],"character_chosen":"IRONCLAD","items_purchased":["Membership Card","SteroidPotion"],"campfire_rested":4,"item_purchase_floors":[5,14],"current_hp_per_floor":[60,37,43,43,43,13,35,37,37,37,37,31,53,53,53,18,61,55,32,32,32,32,32,10,32,32,54,0],"gold":161,"neow_bonus":"ONE_RANDOM_RARE_CARD","is_prod":false,"is_daily":false,"chose_seed":false,"campfire_upgraded":3,"win_rate":0,"timestamp":1556284242,"path_taken":["M","?","M","?","$","E","R","M","T","R","?","E","R","$","R","BOSS","M","M","?","?","?","R","?","R","T","R","?"],"build_version":"2019-01-23","purchased_purges":2,"victory":false,"max_hp_per_floor":[75,75,75,75,75,75,75,75,75,75,75,75,75,75,75,75,75,75,75,75,75,75,75,75,75,75,75,75],"card_choices":[{"not_picked":["Bloodletting","Disarm"],"picked":"Iron Wave","floor":1},{"not_picked":["Body Slam","Flex"],"picked":"Cleave","floor":3},{"not_picked":["Headbutt","Cleave"],"picked":"Whirlwind","floor":8},{"not_picked":["Cleave","Intimidate","Infernal Blade"],"picked":"SKIP","floor":12},{"not_picked":["Fiend Fire","Berserk"],"picked":"Double Tap","floor":16},{"not_picked":["Hemokinesis+1","Pummel"],"picked":"Pommel Strike","floor":18},{"not_picked":["Searing Blow","Bloodletting"],"picked":"Pommel Strike","floor":19},{"not_picked":["Clash+1","Perfected Strike"],"picked":"Shrug It Off+1","floor":24}],"player_experience":205833,"relics_obtained":[{"floor":6,"key":"Blue Candle"},{"floor":9,"key":"Letter Opener"},{"floor":12,"key":"Bag of Preparation"},{"floor":17,"key":"Lantern"},{"floor":17,"key":"Matryoshka"},{"floor":17,"key":"Torii"},{"floor":26,"key":"Omamori"},{"floor":26,"key":"MawBank"}],"event_choices":[{"damage_healed":0,"gold_gain":0,"player_choice":"Entered Light","damage_taken":23,"max_hp_gain":0,"max_hp_loss":0,"event_name":"Shining Light","floor":2,"gold_loss":0,"cards_upgraded":["Strike_R","Defend_R"]},{"damage_healed":0,"gold_gain":150,"player_choice":"AGREE","damage_taken":0,"max_hp_gain":0,"max_hp_loss":0,"event_name":"Liars Game","floor":4,"gold_loss":0,"cards_obtained":["Doubt"]},{"cards_removed":["Strike_R"],"damage_healed":0,"gold_gain":0,"player_choice":"Card Removal","damage_taken":0,"max_hp_gain":0,"max_hp_loss":0,"event_name":"Wheel of Change","floor":11,"gold_loss":0},{"damage_healed":0,"gold_gain":0,"player_choice":"Smashed Altar","damage_taken":0,"max_hp_gain":0,"max_hp_loss":0,"event_name":"Forgotten Altar","floor":20,"gold_loss":0,"cards_obtained":["Decay"]},{"damage_healed":0,"gold_gain":0,"player_choice":"Obtain J.A.X.","damage_taken":0,"max_hp_gain":0,"max_hp_loss":0,"event_name":"Drug Dealer","floor":21,"gold_loss":0,"cards_obtained":["J.A.X."]},{"damage_healed":0,"gold_gain":0,"player_choice":"Copied","damage_taken":0,"max_hp_gain":0,"max_hp_loss":0,"event_name":"Duplicator","floor":22,"gold_loss":0,"cards_obtained":["Whirlwind"]}],"is_beta":false,"boss_relics":[{"not_picked":["Lizard Tail","Busted Crown"],"picked":"Calling Bell"}],"items_purged_floors":[5,14],"is_endless":false,"potions_floor_spawned":[6,12,16,18,19],"killed_by":"Shelled Parasite and Fungi","ascension_level":18}