{"gold_per_floor":[119,194,206,155,171,200,200,222,276,276,307,319,299,317,317,317],"floor_reached":16,"playtime":591,"items_purged":[],"score":165,"play_id":"780116b9-18b8-4dde-948d-8a25f21a45fb","local_time":"20190114200429","is_ascension_mode":true,"campfire_choices":[{"floor":10,"key":"REST"},{"data":"Iron Wave","floor":15,"key":"SMITH"}],"neow_cost":"NONE","seed_source_timestamp":1737978348393514,"circlet_count":0,"master_deck":["AscendersBane","Strike_R","Strike_R","Strike_R","Strike_R","Strike_R","Defend_R","Defend_R","Defend_R+1","Defend_R+1","Bash","Sword Boomerang","Pommel Strike","Shrug It Off","Cleave","Iron Wave+1"],"relics":["Burning Blood","War Paint","Odd Mushroom","Regal Pillow","Omamori"],"potions_floor_usage":[6,11,14,16,16,16],"damage_taken":[{"damage":14,"enemies":"Jaw Worm","floor":1,"turns":4},{"damage":1,"enemies":"2 Louse","floor":3,"turns":3},{"damage":0,"enemies":"Cultist","floor":5,"turns":3},{"damage":32,"enemies":"Lagavulin","floor":6,"turns":5},{"damage":22,"enemies":"The Mushroom Lair","floor":8,"turns":4},{"damage":40,"enemies":"Gremlin Nob","floor":11,"turns":5},{"damage":9,"enemies":"Looter","floor":12,"turns":3},{"damage":0,"enemies":"3 Louse","floor":14,"turns":2},{"damage":51,"enemies":"Slime Boss","floor":16,"turns":13}],"seed_played":"2707991824844884868","potions_obtained":[{"floor":1,"key":"Swift Potion"},{"floor":3,"key":"Explosive Potion"},{"floor":6,"key":"LiquidBronze"},{"floor":8,"key":"Block Potion"},{"floor":13,"key":"Explosive Potion"},{"floor":14,"key":"Block Potion"}],"is_trial":false,"path_per_floor":["M","?","M","$","M","E","?","?","T","R","E","M","?","M","R","B"],"character_chosen":"IRONCLAD","items_purchased":["Shrug It Off"],"campfire_rested":1,"item_purchase_floors":[4],"current_hp_per_floor":[72,61,66,66,72,46,46,30,30,71,37,34,34,40,40,0],"gold":317,"neow_bonus":"TEN_PERCENT_HP_BONUS","is_prod":false,"is_daily":false,"chose_seed":false,"campfire_upgraded":1,"win_rate":0,"timestamp":1547496269,"path_taken":["M","?","M","$","M","E","?","?","T","R","E","M","?","M","R","BOSS"],"build_version":"2019-01-10","purchased_purges":0,"victory":false,"max_hp_per_floor":[88,88,88,88,88,88,88,88,88,88,88,88,88,88,88,88],"card_choices":[{"not_picked":["Pummel","Body Slam"],"picked":"Sword Boomerang","floor":1},{"not_picked":["Heavy Blade","Second Wind"],"picked":"Pommel Strike","floor":3},{"not_picked":["Clothesline","Bloodletting"],"picked":"Cleave","floor":5},{"not_picked":["Fire Breathing","Intimidate","Rampage"],"picked":"SKIP","floor":6},{"not_picked":["Thunderclap","Bloodletting","Offering"],"picked":"SKIP","floor":11},{"not_picked":["Seeing Red","Carnage"],"picked":"Iron Wave","floor":12},{"not_picked":["Perfected Strike","Thunderclap","Fire Breathing"],"picked":"SKIP","floor":14}],"player_experience":302927,"relics_obtained":[{"floor":6,"key":"War Paint"},{"floor":8,"key":"Odd Mushroom"},{"floor":9,"key":"Regal Pillow"},{"floor":11,"key":"Omamori"}],"event_choices":[{"damage_healed":0,"gold_gain":75,"player_choice":"Gather Gold","damage_taken":11,"max_hp_gain":0,"max_hp_loss":0,"event_name":"World of Goop","floor":2,"gold_loss":0},{"damage_healed":0,"gold_gain":0,"player_choice":"Ignored","damage_taken":0,"max_hp_gain":0,"max_hp_loss":0,"event_name":"Liars Game","floor":7,"gold_loss":0},{"damage_healed":0,"gold_gain":0,"player_choice":"Fought Mushrooms","damage_taken":0,"max_hp_gain":0,"max_hp_loss":0,"event_name":"Mushrooms","floor":8,"gold_loss":0},{"damage_healed":0,"gold_gain":0,"player_choice":"Bought 1 Potion","damage_taken":0,"max_hp_gain":0,"max_hp_loss":0,"event_name":"The Woman in Blue","floor":13,"gold_loss":0}],"is_beta":false,"boss_relics":[],"items_purged_floors":[],"is_endless":false,"potions_floor_spawned":[1,3,6,8,14],"killed_by":"Slime Boss","ascension_level":10}