{"path_per_floor":["M","M","M","?","?","E","?","M","T","?","E","M","M","M","R","B",null,"M","?","?","$","?","E","R","M","T","?","M","$","M","E","R"],"character_chosen":"DEFECT","items_purchased":["Mango"],"gold_per_floor":[118,136,148,148,148,179,179,198,198,253,287,305,316,331,331,430,430,440,363,363,23,23,57,57,67,139,64,74,24,40,70,70,70],"floor_reached":33,"campfire_rested":3,"playtime":1783,"item_purchase_floors":[21],"current_hp_per_floor":[68,68,66,60,60,51,51,41,41,28,8,8,8,8,28,43,68,54,54,54,68,68,35,59,51,51,51,33,33,21,6,30,0],"items_purged":["Strike_B","Defend_B"],"gold":70,"score":399,"play_id":"2c7f9ee5-cc1b-46f6-a343-b0419971ba1e","local_time":"20180607222323","is_prod":false,"is_daily":false,"chose_seed":false,"is_ascension_mode":true,"campfire_upgraded":0,"win_rate":0,"timestamp":1528406603,"campfire_choices":[{"floor":15,"key":"REST"},{"floor":24,"key":"REST"},{"floor":32,"key":"REST"}],"path_taken":["M","?","M","?","?","E","?","?","T","?","E","?","M","M","R","BOSS","M","?","?","$","?","E","R","M","T","?","M","?","M","E","R","BOSS"],"build_version":"2018-05-31","seed_source_timestamp":11615980136436,"purchased_purges":2,"victory":false,"master_deck":["Defend_B","Melter","Hyperbeam","Rebound","Beam Cell","Leap","Machine Learning","All For One","Beam Cell+1","J.A.X.","FTL","Turbo+1"],"max_hp_per_floor":[68,68,68,68,68,68,68,68,68,68,68,68,68,68,68,68,68,68,68,68,82,82,82,82,82,82,82,82,82,82,82,82,82],"relics":["Cracked Core","Smiling Mask","Question Card","Centennial Puzzle","Bottled Lightning","Nuclear Battery","Mango","Ice Cream","Bottled Flame","Happy Flower"],"card_choices":[{"not_picked":["Rebound","Compile Driver"],"picked":"Melter","floor":1},{"not_picked":["Hologram","Coolheaded","Go for the Eyes"],"picked":"SKIP","floor":2},{"not_picked":["Conserve Battery","Sunder"],"picked":"Hyperbeam","floor":3},{"not_picked":["Storm","Coolheaded"],"picked":"Rebound","floor":6},{"not_picked":["Compile Driver","Aggregate"],"picked":"Beam Cell","floor":8},{"not_picked":["Compile Driver","Fusion","Blizzard"],"picked":"Leap","floor":11},{"not_picked":["Leap","Lockon","BootSequence","Turbo"],"picked":"SKIP","floor":12},{"not_picked":["Go for the Eyes","Heatsinks","Steam"],"picked":"Machine Learning","floor":13},{"not_picked":["Go for the Eyes","Compile Driver","Redo","Sweeping Beam"],"picked":"SKIP","floor":14},{"not_picked":["Electrodynamics","Biased Cognition","Buffer"],"picked":"All For One","floor":16},{"not_picked":["Sunder","Stack","Self Repair"],"picked":"Beam Cell+1","floor":18},{"not_picked":["Doom and Gloom","Leap","Rebound"],"picked":"Turbo+1","floor":23},{"not_picked":["Coolheaded","Ball Lightning","Genetic Algorithm+1","Fusion+1"],"picked":"SKIP","floor":25},{"not_picked":["Leap","Reinforced Body","Sweeping Beam","Rebound"],"picked":"SKIP","floor":28},{"not_picked":["Blizzard","Force Field","Sweeping Beam","Steam"],"picked":"SKIP","floor":30},{"not_picked":["Rebound+1","Double Energy","Tempest","Beam Cell+1"],"picked":"SKIP","floor":31}],"player_experience":273820,"potions_floor_usage":[11,11,14,16,16,31,31,33,33],"damage_taken":[{"damage":0,"enemies":"Cultist","floor":1,"turns":3},{"damage":0,"enemies":"Small Slimes","floor":2,"turns":2},{"damage":2,"enemies":"Jaw Worm","floor":3,"turns":3},{"damage":9,"enemies":"3 Sentries","floor":6,"turns":4},{"damage":10,"enemies":"3 Louse","floor":8,"turns":2},{"damage":13,"enemies":"Gremlin Nob","floor":10,"turns":3},{"damage":20,"enemies":"Lagavulin","floor":11,"turns":4},{"damage":0,"enemies":"Large Slime","floor":12,"turns":2},{"damage":0,"enemies":"Gremlin Gang","floor":13,"turns":3},{"damage":0,"enemies":"Looter","floor":14,"turns":2},{"damage":0,"enemies":"Slime Boss","floor":16,"turns":8},{"damage":14,"enemies":"Shell Parasite","floor":18,"turns":4},{"damage":33,"enemies":"Gremlin Leader","floor":23,"turns":4},{"damage":8,"enemies":"2 Thieves","floor":25,"turns":2},{"damage":18,"enemies":"Snecko","floor":28,"turns":3},{"damage":12,"enemies":"Centurion and Healer","floor":30,"turns":3},{"damage":15,"enemies":"Slavers","floor":31,"turns":3},{"damage":42,"enemies":"Champ","floor":33,"turns":5}],"relics_obtained":[{"floor":6,"key":"Smiling Mask"},{"floor":9,"key":"Question Card"},{"floor":10,"key":"Centennial Puzzle"},{"floor":11,"key":"Bottled Lightning"},{"floor":23,"key":"Ice Cream"},{"floor":26,"key":"Bottled Flame"},{"floor":31,"key":"Happy Flower"}],"event_choices":[{"event_name":"Wheel of Change","player_choice":"Damage","floor":4,"damage_taken":0},{"event_name":"Purifier","player_choice":"One Purge","floor":5,"damage_taken":0},{"event_name":"Bonfire Elementals","player_choice":"BASIC","floor":7,"damage_taken":0},{"event_name":"Dead Adventurer","player_choice":"Searched \u00271\u0027 times","floor":10,"damage_taken":0},{"event_name":"Drug Dealer","player_choice":"Got JAXXED","floor":19,"damage_taken":0},{"event_name":"Transmorgrifier","player_choice":"Transform","floor":20,"damage_taken":0},{"event_name":"Back to Basics","player_choice":"Elegance","floor":22,"damage_taken":0},{"event_name":"Beggar","player_choice":"Gave Gold","floor":27,"damage_taken":0}],"boss_relics":[{"not_picked":["Astrolabe","Calling Bell"],"picked":"Nuclear Battery"}],"items_purged_floors":[21,29],"potions_floor_spawned":[2,8,11,12,14,18,25,30,31],"seed_played":"-1637153156838338246","killed_by":"Champ","ascension_level":3,"potions_obtained":[{"floor":2,"key":"SkillPotion"},{"floor":8,"key":"Swift Potion"},{"floor":11,"key":"FocusPotion"},{"floor":12,"key":"Regen Potion"},{"floor":14,"key":"SpeedPotion"},{"floor":18,"key":"PowerPotion"},{"floor":25,"key":"Fire Potion"},{"floor":30,"key":"Ancient Potion"},{"floor":31,"key":"PowerPotion"}],"is_trial":false}