{"gold_per_floor":[119,136,151,163,173,199,199,229,229,26,43,43,54,21,21,117,117,132,150,150,176,176],"floor_reached":22,"playtime":2388,"items_purged":[],"score":228,"play_id":"23dbd54d-329e-438e-9184-fb70f73d8101","local_time":"20181218124350","is_ascension_mode":true,"campfire_choices":[{"floor":7,"key":"RECALL"},{"floor":12,"key":"REST"},{"floor":15,"key":"REST"}],"neow_cost":"TEN_PERCENT_HP_LOSS","seed_source_timestamp":2903553715340189,"circlet_count":0,"master_deck":["Strike_R","Strike_R","Strike_R","Strike_R","Strike_R","Defend_R","Defend_R","Defend_R","Defend_R","Bash","Shrug It Off","Anger","Cleave","Pommel Strike","Battle Trance","Iron Wave","Armaments","Double Tap"],"relics":["Burning Blood","Shovel","Oddly Smooth Stone","Ice Cream","Frozen Eye","Cursed Key","MutagenicStrength","Red Mask"],"potions_floor_usage":[5,16,16],"damage_taken":[{"damage":2,"enemies":"Jaw Worm","floor":1,"turns":3},{"damage":2,"enemies":"2 Louse","floor":2,"turns":5},{"damage":1,"enemies":"Cultist","floor":3,"turns":3},{"damage":8,"enemies":"Looter","floor":4,"turns":4},{"damage":2,"enemies":"Exordium Wildlife","floor":5,"turns":2},{"damage":43,"enemies":"Lagavulin","floor":6,"turns":7},{"damage":30,"enemies":"3 Sentries","floor":8,"turns":7},{"damage":8,"enemies":"Large Slime","floor":11,"turns":5},{"damage":0,"enemies":"Looter","floor":13,"turns":3},{"damage":39,"enemies":"Slime Boss","floor":16,"turns":11},{"damage":5,"enemies":"Spheric Guardian","floor":18,"turns":4},{"damage":23,"enemies":"Shell Parasite","floor":19,"turns":7},{"damage":31,"enemies":"Masked Bandits","floor":21,"turns":5},{"damage":52,"enemies":"Snecko","floor":22,"turns":6}],"seed_played":"-7027219321233296638","potions_obtained":[{"floor":1,"key":"Fire Potion"},{"floor":3,"key":"LiquidBronze"},{"floor":8,"key":"Dexterity Potion"},{"floor":11,"key":"Dexterity Potion"},{"floor":13,"key":"EssenceOfSteel"},{"floor":19,"key":"Strength Potion"},{"floor":21,"key":"Regen Potion"}],"is_trial":false,"path_per_floor":["M","M","M","M","M","E","R","E","T","$","M","R","M","?","R","B",null,"M","M","?","?","M"],"character_chosen":"IRONCLAD","items_purchased":["Frozen Eye"],"campfire_rested":2,"item_purchase_floors":[10],"current_hp_per_floor":[72,72,72,70,72,35,35,11,11,11,9,30,36,36,57,24,72,72,55,55,30,0],"gold":176,"neow_bonus":"ONE_RARE_RELIC","is_prod":false,"is_daily":false,"chose_seed":false,"campfire_upgraded":0,"win_rate":0,"timestamp":1545158630,"path_taken":["M","M","M","M","M","E","R","E","T","$","M","R","M","?","R","BOSS","M","M","?","?","M"],"build_version":"2018-12-13","purchased_purges":0,"victory":false,"max_hp_per_floor":[72,72,72,72,72,72,72,72,72,72,72,72,72,72,72,72,72,72,72,72,72,72],"card_choices":[{"not_picked":["Infernal Blade","Sword Boomerang"],"picked":"Shrug It Off","floor":1},{"not_picked":["Shrug It Off","Perfected Strike"],"picked":"Anger","floor":2},{"not_picked":["Anger","Iron Wave"],"picked":"Cleave","floor":3},{"not_picked":["Flex","Clothesline"],"picked":"Pommel Strike","floor":4},{"not_picked":["Whirlwind","Feel No Pain"],"picked":"Battle Trance","floor":5},{"not_picked":["Cleave","Armaments","Shrug It Off"],"picked":"SKIP","floor":6},{"not_picked":["Twin Strike","Limit Break","Sword Boomerang"],"picked":"SKIP","floor":8},{"not_picked":["Thunderclap","Sever Soul"],"picked":"Iron Wave","floor":11},{"not_picked":["Thunderclap","Dual Wield"],"picked":"Armaments","floor":13},{"not_picked":["Dark Embrace","Brutality"],"picked":"Double Tap","floor":16},{"not_picked":["Clothesline","Anger+1","True Grit"],"picked":"SKIP","floor":18},{"not_picked":["Anger","Perfected Strike+1","Reckless Charge"],"picked":"SKIP","floor":19}],"player_experience":230881,"relics_obtained":[{"floor":6,"key":"Oddly Smooth Stone"},{"floor":8,"key":"Ice Cream"},{"floor":21,"key":"Red Mask"}],"event_choices":[{"damage_healed":0,"gold_gain":0,"player_choice":"Left Gold","damage_taken":0,"max_hp_gain":0,"max_hp_loss":0,"event_name":"World of Goop","floor":14,"gold_loss":33},{"damage_healed":0,"gold_gain":0,"player_choice":"Inject Mutagens","damage_taken":0,"relics_obtained":["MutagenicStrength"],"max_hp_gain":0,"max_hp_loss":0,"event_name":"Drug Dealer","floor":20,"gold_loss":0},{"damage_healed":0,"gold_gain":0,"player_choice":"Fought Bandits","damage_taken":0,"max_hp_gain":0,"max_hp_loss":0,"event_name":"Masked Bandits","floor":21,"gold_loss":0}],"is_beta":false,"boss_relics":[{"not_picked":["Eternal Feather","Sozu"],"picked":"Cursed Key"}],"items_purged_floors":[],"is_endless":false,"potions_floor_spawned":[1,3,8,11,13,19,21],"killed_by":"Snecko","ascension_level":3}