{"path_per_floor":["M","M","M","M","$","R","E","?","T","M","M","M","M","E","R","B",null,"M","$","M","?","?","E"],"character_chosen":"IRONCLAD","items_purchased":["Toxic Egg 2","Molten Egg 2","Twin Strike","Armaments"],"gold_per_floor":[144,189,234,204,129,129,219,283,283,328,373,418,463,553,553,853,853,898,203,248,248,148,238],"floor_reached":24,"campfire_rested":2,"playtime":1751,"current_hp_per_floor":[80,80,80,80,80,75,36,36,36,38,44,47,28,18,70,18,70,69,69,60,60,60,15],"items_purged":["Strike_R","Strike_R"],"gold":238,"score":253,"play_id":"f8a3c848-003c-4f8a-8bd9-e0260d664a86","local_time":"20180310104315","daily_mods":["Allstar","Midas","Night Terrors"],"is_prod":false,"is_daily":true,"is_ascension_mode":false,"campfire_upgraded":0,"timestamp":1520700195,"path_taken":["M","M","M","M","$","R","E","?","T","M","M","M","M","E","R","BOSS","M","$","M","?","?","E","M"],"build_version":"2018-03-08-BETA","purchased_purges":3,"victory":false,"master_deck":["Strike_R","Strike_R","Strike_R","Defend_R","Defend_R","Defend_R","Bash","Purity","Thinking Ahead","Havoc","Uppercut","Headbutt","Clothesline","Warcry","Cleave","Fiend Fire","Parasite","Normality","Regret","Perfected Strike","Twin Strike+1","Armaments+1","Pommel Strike+1","J.A.X.+1"],"max_hp_per_floor":[80,80,80,80,80,75,75,75,75,75,75,75,75,75,70,70,70,70,70,70,70,70,77],"relics":["Burning Blood","Matryoshka","Vajra","Prayer Wheel","Blue Candle","Calling Bell","Mercury Hourglass","Self Forming Clay","Bag of Preparation","Toxic Egg 2","Molten Egg 2","Strawberry"],"card_choices":[{"not_picked":["Carnage","Twin Strike"],"picked":"Havoc"},{"not_picked":["Searing Blow","Sentinel"],"picked":"Uppercut"},{"not_picked":["Warcry","Pommel Strike"],"picked":"Headbutt"},{"not_picked":["Flame Barrier","Searing Blow"],"picked":"Clothesline"},{"not_picked":["Pommel Strike","Searing Blow"],"picked":"Warcry"},{"not_picked":["Havoc","True Grit"],"picked":"Cleave"},{"not_picked":["Dark Embrace","Brutality"],"picked":"Fiend Fire"},{"not_picked":["Hemokinesis","Intimidate"],"picked":"Perfected Strike"},{"not_picked":["Thunderclap","Pummel"],"picked":"Pommel Strike"}],"player_experience":195422,"potions_floor_usage":[10,12,14,16],"damage_taken":[{"damage":4,"enemies":"Small Slimes","floor":1,"turns":4},{"damage":6,"enemies":"Jaw Worm","floor":2,"turns":4},{"damage":1,"enemies":"Cultist","floor":3,"turns":3},{"damage":0,"enemies":"Looter","floor":4,"turns":4},{"damage":45,"enemies":"Lagavulin","floor":7,"turns":6},{"damage":4,"enemies":"2 Fungi Beasts","floor":10,"turns":3},{"damage":0,"enemies":"Large Slime","floor":11,"turns":4},{"damage":3,"enemies":"Red Slaver","floor":12,"turns":4},{"damage":25,"enemies":"Exordium Wildlife","floor":13,"turns":4},{"damage":16,"enemies":"Gremlin Nob","floor":14,"turns":3},{"damage":73,"enemies":"The Guardian","floor":16,"turns":17},{"damage":7,"enemies":"Chosen","floor":18,"turns":3},{"damage":15,"enemies":"Shell Parasite","floor":20,"turns":4},{"damage":58,"enemies":"Gremlin Leader","floor":23,"turns":5},{"damage":37,"enemies":"Cultist and Chosen","floor":24,"turns":4}],"event_choices":[{"event_name":"Golden Wing","player_choice":"Gained Gold","floor":8,"damage_taken":0},{"event_name":"Purifier","player_choice":"One Purge","floor":21,"damage_taken":0},{"event_name":"Drug Dealer","player_choice":"Got JAXXED","floor":22,"damage_taken":0}],"boss_relics":[{"not_picked":["Question Card","Orrery"],"picked":"Calling Bell"}],"potions_floor_spawned":[7,10,11,12,13],"seed_played":"-2228362409843830943","killed_by":"Cultist and Chosen","ascension_level":0,"is_trial":false}