{"gold_per_floor":[111,81,7,21,32,107,120,120,143,143,0,17,29,102,102,205,205,217,217,231,11,29,29,49,49,349,360,380,380,380,409,409,409],"floor_reached":33,"playtime":992,"items_purged":[],"score":407,"play_id":"a8f9a6b7-495c-4408-8920-d20f8d208f9c","local_time":"20190117211409","is_ascension_mode":true,"campfire_choices":[{"data":"Feed","floor":10,"key":"SMITH"},{"data":"Whirlwind","floor":15,"key":"SMITH"},{"floor":23,"key":"REST"},{"floor":29,"key":"REST"},{"floor":32,"key":"REST"}],"neow_cost":"PERCENT_DAMAGE","seed_source_timestamp":2000968816857738,"circlet_count":0,"master_deck":["AscendersBane","Defend_R","Defend_R","Defend_R","Defend_R","Bash","Whirlwind+1","Metallicize","Sentinel","Twin Strike","Feed+1","Barricade","Iron Wave","Shockwave","Spot Weakness","Bite","Bite","Bite","Bite","Bite","Immolate"],"relics":["Burning Blood","Nunchaku","Regal Pillow","Bronze Scales","Potion Belt","Bottled Lightning","Runic Dome","Membership Card","Old Coin","Red Mask"],"potions_floor_usage":[2,16,16,16,16,16,18,18,20,22,25,27,28],"damage_taken":[{"damage":14,"enemies":"Jaw Worm","floor":1,"turns":3},{"damage":0,"enemies":"Cultist","floor":4,"turns":3},{"damage":0,"enemies":"2 Louse","floor":5,"turns":1},{"damage":13,"enemies":"Blue Slaver","floor":7,"turns":5},{"damage":7,"enemies":"Exordium Thugs","floor":12,"turns":5},{"damage":6,"enemies":"Exordium Wildlife","floor":13,"turns":2},{"damage":41,"enemies":"The Guardian","floor":16,"turns":11},{"damage":34,"enemies":"2 Thieves","floor":18,"turns":4},{"damage":12,"enemies":"3 Byrds","floor":20,"turns":3},{"damage":28,"enemies":"3 Cultists","floor":22,"turns":5},{"damage":28,"enemies":"Snecko","floor":24,"turns":5},{"damage":24,"enemies":"Colosseum Slavers","floor":25,"turns":7},{"damage":2,"enemies":"Cultist and Chosen","floor":27,"turns":7},{"damage":11,"enemies":"Centurion and Healer","floor":28,"turns":3},{"damage":70,"enemies":"Masked Bandits","floor":31,"turns":6},{"damage":68,"enemies":"Automaton","floor":33,"turns":6}],"seed_played":"4119395593052015994","potions_obtained":[{"floor":2,"key":"FearPotion"},{"floor":2,"key":"Fruit Juice"},{"floor":5,"key":"EntropicBrew"},{"floor":12,"key":"SneckoOil"},{"floor":13,"key":"Dexterity Potion"},{"floor":16,"key":"Explosive Potion"},{"floor":22,"key":"Weak Potion"},{"floor":24,"key":"Poison Potion"},{"floor":27,"key":"AttackPotion"},{"floor":28,"key":"GamblersBrew"},{"floor":31,"key":"Poison Potion"}],"is_trial":false,"path_per_floor":["M","?","$","M","M","?","M","?","T","R","$","M","M","T","R","B",null,"M","?","M","$","M","R","M","?","T","M","M","R","?","?","R","B"],"character_chosen":"IRONCLAD","items_purchased":["Metallicize","Potion Belt","Membership Card","Swift Potion"],"campfire_rested":3,"item_purchase_floors":[3,11,21,21],"current_hp_per_floor":[43,48,48,54,60,49,42,42,42,42,42,45,49,49,49,14,73,45,45,39,39,17,59,37,23,23,27,22,66,66,21,57,0],"gold":409,"neow_bonus":"ONE_RARE_RELIC","is_prod":false,"is_daily":false,"chose_seed":false,"campfire_upgraded":2,"win_rate":0,"timestamp":1547759649,"path_taken":["M","?","$","?","M","?","M","?","T","R","$","M","M","?","R","BOSS","M","?","M","$","M","R","?","?","T","M","M","R","?","?","R","BOSS"],"build_version":"2019-01-10","purchased_purges":0,"victory":false,"max_hp_per_floor":[80,85,85,85,85,85,85,85,85,85,85,89,93,93,93,93,93,93,93,93,93,93,93,93,97,97,97,97,97,67,71,71,71],"card_choices":[{"not_picked":["Clothesline","Sentinel"],"picked":"Whirlwind","floor":1},{"not_picked":["Headbutt","Heavy Blade"],"picked":"Sentinel","floor":4},{"not_picked":["Havoc","Evolve"],"picked":"Twin Strike","floor":5},{"not_picked":["Searing Blow","Rampage"],"picked":"Feed","floor":7},{"not_picked":["Rampage","Pummel","Intimidate"],"picked":"SKIP","floor":12},{"not_picked":["Pommel Strike","Cleave","Anger"],"picked":"SKIP","floor":13},{"not_picked":["Double Tap","Reaper"],"picked":"Barricade","floor":16},{"not_picked":["Anger","Perfected Strike","Rampage"],"picked":"SKIP","floor":18},{"not_picked":["Infernal Blade","Rampage","Inflame"],"picked":"SKIP","floor":20},{"not_picked":["Pommel Strike","Headbutt"],"picked":"Shockwave","floor":22},{"not_picked":["Headbutt","Havoc"],"picked":"Spot Weakness","floor":24},{"not_picked":["Sword Boomerang","Rampage","Corruption+1"],"picked":"SKIP","floor":27},{"not_picked":["Feel No Pain","Clash","Intimidate"],"picked":"SKIP","floor":28},{"not_picked":["Feel No Pain+1","Battle Trance"],"picked":"Immolate","floor":31}],"player_experience":401039,"relics_obtained":[{"floor":9,"key":"Bronze Scales"},{"floor":14,"key":"Bottled Lightning"},{"floor":26,"key":"Old Coin"},{"floor":31,"key":"Red Mask"}],"event_choices":[{"damage_healed":0,"gold_gain":0,"player_choice":"Bought 2 Potions","damage_taken":0,"max_hp_gain":0,"max_hp_loss":0,"event_name":"The Woman in Blue","floor":2,"gold_loss":0},{"damage_healed":0,"gold_gain":75,"player_choice":"Gather Gold","damage_taken":11,"max_hp_gain":0,"max_hp_loss":0,"event_name":"World of Goop","floor":6,"gold_loss":0},{"damage_healed":0,"gold_gain":0,"player_choice":"Searched \u00271\u0027 times","damage_taken":0,"relics_obtained":["Regal Pillow"],"max_hp_gain":0,"max_hp_loss":0,"event_name":"Dead Adventurer","floor":8,"gold_loss":0},{"damage_healed":0,"gold_gain":0,"cards_transformed":["Strike_R"],"player_choice":"Transformed","damage_taken":0,"max_hp_gain":0,"max_hp_loss":0,"event_name":"Transmorgrifier","floor":19,"gold_loss":0,"cards_obtained":["Iron Wave"]},{"damage_healed":0,"gold_gain":0,"player_choice":"Fight","damage_taken":0,"max_hp_gain":0,"max_hp_loss":0,"event_name":"Colosseum","floor":25,"gold_loss":0},{"damage_healed":0,"gold_gain":0,"player_choice":"Fled From Nobs","damage_taken":0,"max_hp_gain":0,"max_hp_loss":0,"event_name":"Colosseum","floor":25,"gold_loss":0},{"damage_healed":0,"gold_gain":0,"player_choice":"Became a vampire","damage_taken":0,"max_hp_gain":0,"max_hp_loss":30,"event_name":"Vampires","floor":30,"gold_loss":0,"cards_obtained":["Bite","Bite","Bite","Bite","Bite"]},{"damage_healed":0,"gold_gain":0,"player_choice":"Fought Bandits","damage_taken":0,"max_hp_gain":0,"max_hp_loss":0,"event_name":"Masked Bandits","floor":31,"gold_loss":0}],"is_beta":false,"boss_relics":[{"not_picked":["Runic Pyramid","Pandora\u0027s Box"],"picked":"Runic Dome"}],"items_purged_floors":[],"is_endless":false,"potions_floor_spawned":[5,12,13,16,22,24,27,28,31],"killed_by":"Automaton","ascension_level":12}