{"gold_per_floor":[112,112,112,123,139,139,166,166,191,211,17,45,105,28,28,130,130,144,162,16,16,36,36,55,86,109,62,62,62,93,93,93,198,198,212,228,244,264,264,264,275,275,275,275,285,285,285,303,303,303],"floor_reached":51,"playtime":2932,"items_purged":["Pain"],"score":960,"play_id":"9c366753-d1b9-433d-a71a-05e95f2fb28f","local_time":"20190114210049","is_ascension_mode":true,"campfire_choices":[{"floor":6.0,"key":"REST"},{"data":"Noxious Fumes","floor":15.0,"key":"SMITH"},{"data":"Well Laid Plans","floor":23.0,"key":"SMITH"},{"data":"Backflip","floor":28.0,"key":"SMITH"},{"data":"Footwork","floor":32.0,"key":"SMITH"},{"data":"Well Laid Plans","floor":40,"key":"SMITH"},{"floor":42,"key":"RECALL"},{"data":"Neutralize","floor":44,"key":"SMITH"},{"data":"Deadly Poison","floor":46,"key":"SMITH"},{"data":"Survivor","floor":49,"key":"SMITH"}],"neow_cost":"PERCENT_DAMAGE","seed_source_timestamp":778882409687595,"circlet_count":0,"master_deck":["Defend_G","Defend_G","Defend_G","Defend_G","Defend_G","Strike_G","Strike_G","Strike_G+1","Strike_G","Survivor+1","Neutralize+1","Bouncing Flask","Deadly Poison+1","Slice","Noxious Fumes+1","PiercingWail","Backflip+1","Well Laid Plans+1","Infinite Blades+1","Backflip+1","Footwork+1","Night Terror+1","Deflect+1","Deflect+1","Well Laid Plans+1","Cloak And Dagger+1","Deflect+1","Dodge and Roll+1"],"special_seed":0,"relics":["Ring of the Snake","Nunchaku","Pen Nib","WarpedTongs","Gambling Chip","PreservedInsect","Bronze Scales","Sozu","Lantern","Strawberry","Happy Flower","Orichalcum","Coffee Dripper","Paper Crane"],"potions_floor_usage":[],"damage_taken":[{"damage":4.0,"enemies":"Jaw Worm","floor":1.0,"turns":6.0},{"damage":3.0,"enemies":"Small Slimes","floor":4.0,"turns":3.0},{"damage":3.0,"enemies":"Cultist","floor":5.0,"turns":4.0},{"damage":16.0,"enemies":"Lagavulin","floor":7.0,"turns":5.0},{"damage":0.0,"enemies":"Blue Slaver","floor":10.0,"turns":2.0},{"damage":3.0,"enemies":"Gremlin Nob","floor":12.0,"turns":3.0},{"damage":2.0,"enemies":"The Guardian","floor":16.0,"turns":7.0},{"damage":0.0,"enemies":"3 Byrds","floor":18.0,"turns":3.0},{"damage":0.0,"enemies":"Chosen","floor":19.0,"turns":3.0},{"damage":2.0,"enemies":"3 Cultists","floor":22.0,"turns":5.0},{"damage":11.0,"enemies":"Centurion and Healer","floor":24.0,"turns":5.0},{"damage":6.0,"enemies":"Slavers","floor":25.0,"turns":5.0},{"damage":7.0,"enemies":"Colosseum Slavers","floor":29.0,"turns":4.0},{"damage":2.0,"enemies":"Gremlin Leader","floor":30.0,"turns":6.0},{"damage":12.0,"enemies":"Collector","floor":33.0,"turns":9.0},{"damage":0,"enemies":"3 Shapes","floor":35,"turns":5},{"damage":1,"enemies":"3 Darklings","floor":36,"turns":6},{"damage":5,"enemies":"Jaw Worm Horde","floor":37,"turns":5},{"damage":9,"enemies":"4 Shapes","floor":38,"turns":6},{"damage":0,"enemies":"Maw","floor":41,"turns":7},{"damage":0,"enemies":"Sphere and 2 Shapes","floor":45,"turns":6},{"damage":0,"enemies":"3 Darklings","floor":48,"turns":5},{"damage":40,"enemies":"Time Eater","floor":50,"turns":18}],"seed_played":"-8878213037311942364","potions_obtained":[{"floor":5.0,"key":"Strength Potion"},{"floor":10.0,"key":"Energy Potion"},{"floor":12.0,"key":"Explosive Potion"}],"is_trial":false,"path_per_floor":["M","?","?","M","M","R","E","?","T","M","$","E","?","$","R","B",null,"M","M","$","?","M","R","M","E","T","$","R","?","E","?","R","B",null,"M","M","M","M","?","R","M","R","T","R","M","R","?","M","R","B",null],"character_chosen":"THE_SILENT","items_purchased":["Noxious Fumes","PiercingWail","GhostInAJar","Lantern","Backflip"],"campfire_rested":1,"item_purchase_floors":[11,11,14,20,27],"current_hp_per_floor":[41,34,34,31,28,49,33,19,19,19,19,16,16,16,16,14,56,56,56,56,70,68,68,57,58,58,58,58,51,49,35,35,23,67,67,66,61,52,52,52,52,52,52,52,52,52,52,52,52,12],"gold":303,"neow_bonus":"ONE_RARE_RELIC","is_prod":false,"is_daily":false,"chose_seed":false,"campfire_upgraded":8,"win_rate":0,"timestamp":1547499649,"path_taken":["M","?","?","M","?","R","E","?","T","M","?","E","?","?","R","BOSS","M","M","$","?","M","R","M","E","T","?","R","?","E","?","R","BOSS","M","M","M","M","?","R","M","R","T","R","?","R","?","M","R","BOSS"],"build_version":"2019-01-10","purchased_purges":1,"victory":true,"max_hp_per_floor":[70,70,70,70,70,70,70,70,70,70,70,70,70,70,70,70,70,70,70,70,70,70,70,70,77,77,77,77,77,77,82,82,82,82,82,82,82,82,82,82,82,82,82,82,82,82,82,82,82,82],"card_choices":[{"not_picked":["Slice","Caltrops"],"picked":"Bouncing Flask","floor":1.0},{"not_picked":["Distraction","Reflex","Caltrops"],"picked":"SKIP","floor":4.0},{"not_picked":["Heel Hook","Prepared"],"picked":"Deadly Poison","floor":5.0},{"not_picked":["Finisher","Crippling Poison"],"picked":"Backstab","floor":7.0},{"not_picked":["Quick Slash","Riddle With Holes"],"picked":"Slice","floor":10.0},{"not_picked":["Flying Knee","Expertise","Underhanded Strike"],"picked":"SKIP","floor":12.0},{"not_picked":["Blade Dance","Blur"],"picked":"Backflip+1","floor":18.0},{"not_picked":["Dodge and Roll","Acrobatics","Endless Agony"],"picked":"SKIP","floor":19.0},{"not_picked":["Outmaneuver","Poisoned Stab+1"],"picked":"Well Laid Plans","floor":22.0},{"not_picked":["Flechettes","Sucker Punch+1","Terror"],"picked":"SKIP","floor":24.0},{"not_picked":["Backflip","Quick Slash+1"],"picked":"Infinite Blades+1","floor":25.0},{"not_picked":["Malaise","Dagger Throw"],"picked":"Footwork","floor":30.0},{"not_picked":["Unload","After Image"],"picked":"Night Terror","floor":33.0},{"not_picked":["Distraction","Quick Slash"],"picked":"Deflect+1","floor":35},{"not_picked":["Accuracy","Riddle With Holes+1"],"picked":"Deflect+1","floor":36},{"not_picked":["Underhanded Strike+1","Setup+1"],"picked":"Well Laid Plans","floor":37},{"not_picked":["Dagger Throw","Flying Knee"],"picked":"Cloak And Dagger+1","floor":38},{"not_picked":["Sucker Punch","Slice"],"picked":"Deflect+1","floor":41},{"not_picked":["Concentrate","Dagger Throw"],"picked":"Dodge and Roll+1","floor":45},{"not_picked":["Deadly Poison","Acrobatics+1","Choke+1"],"picked":"SKIP","floor":48}],"player_experience":94853,"relics_obtained":[{"floor":7.0,"key":"Gambling Chip"},{"floor":9.0,"key":"PreservedInsect"},{"floor":12.0,"key":"Bronze Scales"},{"floor":25.0,"key":"Strawberry"},{"floor":26.0,"key":"Happy Flower"},{"floor":30.0,"key":"Orichalcum"},{"floor":43,"key":"Paper Crane"}],"event_choices":[{"damage_healed":0.0,"max_hp_gain":0.0,"max_hp_loss":0.0,"gold_gain":0.0,"event_name":"Scrap Ooze","player_choice":"Success","floor":2.0,"gold_loss":0.0,"damage_taken":7.0,"relics_obtained":["Pen Nib"]},{"damage_healed":0.0,"max_hp_gain":0.0,"max_hp_loss":0.0,"gold_gain":0.0,"event_name":"Accursed Blacksmith","player_choice":"Rummage","floor":3.0,"gold_loss":0.0,"damage_taken":0.0,"relics_obtained":["WarpedTongs"],"cards_obtained":["Pain"]},{"damage_healed":0.0,"max_hp_gain":0.0,"max_hp_loss":0.0,"gold_gain":0.0,"event_name":"Shining Light","player_choice":"Entered Light","floor":8.0,"gold_loss":0.0,"damage_taken":14.0,"cards_upgraded":["Strike_G","Strike_G"]},{"damage_healed":0.0,"max_hp_gain":0.0,"max_hp_loss":0.0,"gold_gain":60.0,"event_name":"Golden Wing","player_choice":"Gained Gold","floor":13.0,"gold_loss":0.0,"damage_taken":0.0},{"cards_removed":["Backstab"],"damage_healed":14.0,"max_hp_gain":0.0,"max_hp_loss":0.0,"gold_gain":0.0,"event_name":"Bonfire Elementals","player_choice":"Offered Uncommon","floor":21.0,"gold_loss":0.0,"damage_taken":0.0},{"damage_healed":0.0,"max_hp_gain":0.0,"max_hp_loss":0.0,"gold_gain":0.0,"event_name":"Colosseum","player_choice":"Fight","floor":29.0,"gold_loss":0.0,"damage_taken":0.0},{"damage_healed":0.0,"max_hp_gain":0.0,"max_hp_loss":0.0,"gold_gain":0.0,"event_name":"Colosseum","player_choice":"Fled From Nobs","floor":29.0,"gold_loss":0.0,"damage_taken":0.0},{"damage_healed":0.0,"max_hp_gain":5.0,"max_hp_loss":0.0,"gold_gain":0.0,"event_name":"Forgotten Altar","player_choice":"Shed Blood","floor":31.0,"gold_loss":0.0,"damage_taken":19.0},{"damage_healed":0,"gold_gain":0,"player_choice":"Upgraded","damage_taken":0,"max_hp_gain":0,"max_hp_loss":0,"event_name":"Upgrade Shrine","floor":39,"gold_loss":0,"cards_upgraded":["Night Terror"]},{"cards_removed":["Strike_G"],"damage_healed":0,"gold_gain":0,"player_choice":"Removed Attack","damage_taken":0,"max_hp_gain":0,"max_hp_loss":0,"event_name":"Falling","floor":47,"gold_loss":0}],"is_beta":false,"boss_relics":[{"not_picked":["Pandora\u0027s Box","Tiny House"],"picked":"Sozu"},{"not_picked":["Eternal Feather","Velvet Choker"],"picked":"Coffee Dripper"}],"items_purged_floors":[11],"is_endless":false,"potions_floor_spawned":[5,10,12,22,25,29,30,35,45],"ascension_level":9}