{"path_per_floor":["M","?","?","M","$","R","M","M","T","R","?","M","?","M","R","B",null,"M","$","?","?","M","R","E","$","T","?","M","M","R","T","R","B",null,"M","M","?","M","$","R","M","M","T","$","?","?","R","M","R","B"],"character_chosen":"IRONCLAD","items_purchased":["Metallicize","Sever Soul","Rampage","Feel No Pain","Thinking Ahead"],"gold_per_floor":[116,116,116,131,20,20,32,49,49,49,49,60,60,73,73,174,174,194,7,7,7,22,22,54,54,125,125,141,158,158,158,158,260,260,279,290,290,300,89,89,107,117,117,17,370,370,370,385,385,385],"floor_reached":51,"campfire_rested":5,"playtime":6772,"current_hp_per_floor":[80,80,73,74,74,74,78,70,70,70,70,52,52,48,72,26,80,68,68,68,52,50,50,31,31,31,31,26,31,55,55,79,31,80,66,66,56,20,20,44,49,48,55,55,38,38,64,69,69,19],"items_purged":["Writhe","Strike_R"],"gold":385,"play_id":"e6931441-9316-4718-8de4-7faaeaaa8c20","is_prod":false,"is_daily":false,"is_ascension_mode":false,"campfire_upgraded":4,"path_taken":["M","?","?","M","$","R","?","M","T","R","?","M","?","M","R","BOSS","M","$","?","?","?","R","E","?","T","?","M","M","R","?","R","BOSS","M","M","?","M","$","R","M","M","T","$","?","?","R","M","R","BOSS"],"build_version":"2018-02-01-PROD3","purchased_purges":2,"victory":true,"master_deck":["Strike_R","Strike_R","Strike_R","Defend_R","Defend_R","Defend_R","Defend_R","Bash+1","Armaments+1","Body Slam","Metallicize","Sever Soul","Headbutt","Power Through","Thunderclap","Impervious+1","Injury","Doubt","Shrug It Off+1","Rampage","Feel No Pain","Necronomicurse","Intimidate+1","Iron Wave","Offering+1","Shrug It Off","Berserk","Juggernaut","Burning Pact+1","Body Slam","Madness","Madness","Thinking Ahead","Dual Wield+1","Battle Trance+1","True Grit+1","Body Slam","Shrug It Off+1","Warcry+1"],"max_hp_per_floor":[80,80,80,80,80,80,80,80,80,80,80,80,80,80,80,80,80,80,80,80,80,80,80,80,80,80,80,80,80,80,80,80,80,80,80,80,80,80,80,80,80,80,87,87,87,87,87,87,87,87],"relics":["Burning Blood","Calipers","Champion Belt","Calling Bell","Dream Catcher","Mummified Hand","Bronze Scales","Necronomicon","Lantern","Letter Opener","Magic Flower","Ice Cream","Sozu","Strawberry","Old Coin"],"card_choices":[{"not_picked":["Headbutt","Warcry"],"picked":"Armaments"},{"not_picked":["Rupture","Brutality"],"picked":"Body Slam"},{"not_picked":["Body Slam","Sever Soul"],"picked":"Headbutt"},{"not_picked":["Clash","Cleave"],"picked":"Power Through"},{"not_picked":["Blood for Blood","Body Slam"],"picked":"Thunderclap"},{"not_picked":["Offering","Reaper"],"picked":"Impervious"},{"not_picked":["Twin Strike","Body Slam"],"picked":"Shrug It Off"},{"not_picked":["Combust","Thunderclap"],"picked":"Intimidate"},{"not_picked":["Perfected Strike","Body Slam"],"picked":"Iron Wave"},{"not_picked":["Clash","Armaments"],"picked":"Offering"},{"not_picked":["Flex","Burning Pact"],"picked":"Shrug It Off"},{"not_picked":["True Grit","Anger"],"picked":"Berserk"},{"not_picked":["Fiend Fire","Bludgeon"],"picked":"Juggernaut"},{"not_picked":["True Grit","Blood for Blood"],"picked":"Burning Pact"},{"not_picked":["Reckless Charge","Bloodletting"],"picked":"Body Slam"},{"not_picked":["Cleave","Searing Blow"],"picked":"Dual Wield"},{"not_picked":["Rampage","Corruption"],"picked":"Battle Trance"},{"not_picked":["Flex","Clothesline"],"picked":"True Grit"},{"not_picked":["Sword Boomerang","Warcry"],"picked":"Body Slam"},{"not_picked":["Body Slam","Cleave"],"picked":"Shrug It Off"},{"not_picked":["Cleave","Feed"],"picked":"Warcry"}],"player_experience":0,"potions_floor_usage":[16],"damage_taken":[{"damage":6,"enemies":"Jaw Worm","floor":1,"turns":3},{"damage":5,"enemies":"Cultist","floor":4,"turns":4},{"damage":2,"enemies":"Small Slimes","floor":7,"turns":3},{"damage":14,"enemies":"Looter","floor":8,"turns":3},{"damage":24,"enemies":"Lots of Slimes","floor":12,"turns":4},{"damage":10,"enemies":"Exordium Thugs","floor":14,"turns":7},{"damage":52,"enemies":"The Guardian","floor":16,"turns":15},{"damage":18,"enemies":"Shell Parasite","floor":18,"turns":7},{"damage":8,"enemies":"Spheric Guardian","floor":22,"turns":5},{"damage":25,"enemies":"Book of Stabbing","floor":24,"turns":8},{"damage":14,"enemies":"Centurion and Healer","floor":28,"turns":6},{"damage":4,"enemies":"3 Cultists","floor":29,"turns":5},{"damage":57,"enemies":"Champ","floor":33,"turns":14},{"damage":23,"enemies":"3 Shapes","floor":35,"turns":4},{"damage":9,"enemies":"3 Darklings","floor":36,"turns":5},{"damage":45,"enemies":"Sphere and 2 Shapes","floor":38,"turns":6},{"damage":4,"enemies":"Maw","floor":41,"turns":6},{"damage":10,"enemies":"3 Darklings","floor":42,"turns":4},{"damage":26,"enemies":"Mysterious Sphere","floor":45,"turns":3},{"damage":4,"enemies":"Sphere and 2 Shapes","floor":48,"turns":2},{"damage":59,"enemies":"Awakened One","floor":50,"turns":14}],"event_choices":[{"event_name":"Big Fish","player_choice":"Box","floor":2,"damage_taken":0},{"event_name":"Golden Wing","player_choice":"Card Removal","floor":3,"damage_taken":0},{"event_name":"Golden Idol","player_choice":"Ignored","floor":11,"damage_taken":0},{"event_name":"Living Wall","player_choice":"Forget","floor":13,"damage_taken":0},{"event_name":"Addict","player_choice":"Ignored","floor":20,"damage_taken":0},{"event_name":"Cursed Tome","player_choice":"Obtained Book","floor":21,"damage_taken":0},{"event_name":"The Mausoleum","player_choice":"Yes","floor":27,"damage_taken":0},{"event_name":"Winding Halls","player_choice":"Embrace Madness","floor":37,"damage_taken":0},{"event_name":"Mysterious Sphere","player_choice":"Fight","floor":45,"damage_taken":0},{"event_name":"The Moai Head","player_choice":"Ignored","floor":46,"damage_taken":0}],"boss_relics":[{"not_picked":["Cursed Key","Tiny House"],"picked":"Calling Bell"},{"not_picked":["Orrery","Runic Cube"],"picked":"Sozu"}],"potions_floor_spawned":[8,12,22,28,33,35,36,42,48],"seed_played":"-5343142106179548463","ascension_level":0,"is_trial":false}