{"gold_per_floor":[113,132,132,132,150,150,181,181,251,279,279,104,124,137,137,236,236,248,97,109,28,38,38,38,65,89,89,99,73,73,90,90,90],"floor_reached":33,"playtime":2884,"items_purged":["Defend_R","Strike_R"],"score":275,"play_id":"69f1c7dd-ab29-4072-9e49-39c8ee2f14b6","local_time":"20180705162241","is_ascension_mode":false,"campfire_choices":[{"data":"Iron Wave","floor":6,"key":"SMITH"},{"data":"Pommel Strike","floor":8,"key":"SMITH"},{"data":"Bash","floor":15,"key":"SMITH"},{"data":"Fire Breathing","floor":23,"key":"SMITH"},{"floor":32,"key":"REST"}],"neow_cost":"TEN_PERCENT_HP_LOSS","seed_source_timestamp":1566029444998386,"circlet_count":0,"master_deck":["Strike_R","Strike_R","Defend_R","Defend_R","Defend_R","Bash+1","Iron Wave+1","Fire Breathing","Fire Breathing","Pommel Strike+1","Bandage Up","Infernal Blade","Offering","Inflame","Anger","Dual Wield+1","Fire Breathing+1","Warcry","Warcry+1","Pommel Strike+1","Warcry","Clash"],"relics":["Burning Blood","Red Skull","Potion Belt","Dodecahedron","Mercury Hourglass","Regal Pillow","Runic Cube","Gremlin Horn","Strawberry"],"potions_floor_usage":[10,16,16,25,33,33],"damage_taken":[{"damage":6,"enemies":"2 Louse","floor":1,"turns":3},{"damage":1,"enemies":"Cultist","floor":2,"turns":4},{"damage":6,"enemies":"Small Slimes","floor":5,"turns":5},{"damage":38,"enemies":"Gremlin Nob","floor":7,"turns":5},{"damage":23,"enemies":"Lagavulin","floor":10,"turns":5},{"damage":4,"enemies":"Exordium Wildlife","floor":13,"turns":3},{"damage":4,"enemies":"Large Slime","floor":14,"turns":4},{"damage":24,"enemies":"Hexaghost","floor":16,"turns":7},{"damage":13,"enemies":"Spheric Guardian","floor":18,"turns":4},{"damage":9,"enemies":"3 Byrds","floor":20,"turns":3},{"damage":32,"enemies":"Sentry and Sphere","floor":22,"turns":5},{"damage":27,"enemies":"Book of Stabbing","floor":25,"turns":3},{"damage":26,"enemies":"Slaver and Parasite","floor":28,"turns":4},{"damage":12,"enemies":"3 Cultists","floor":31,"turns":3},{"damage":79,"enemies":"Collector","floor":33,"turns":6}],"seed_played":"-8505117066021182413","potions_obtained":[{"floor":1,"key":"Regen Potion"},{"floor":7,"key":"BloodPotion"},{"floor":13,"key":"Energy Potion"},{"floor":18,"key":"AttackPotion"},{"floor":22,"key":"Dexterity Potion"},{"floor":31,"key":"Swift Potion"}],"is_trial":false,"path_per_floor":["M","M","?","?","M","R","E","R","T","E","?","$","M","M","R","B",null,"M","$","M","$","M","R","?","E","T","$","M","$","?","M","R"],"character_chosen":"IRONCLAD","items_purchased":["Bandage Up","Anger","Fire Breathing","Warcry"],"campfire_rested":1,"item_purchase_floors":[12,19,21,29],"current_hp_per_floor":[72,72,65,65,65,65,33,33,33,28,28,28,34,40,40,33,72,69,69,70,70,48,48,48,31,38,38,22,22,22,20,58,0],"gold":90,"neow_bonus":"ONE_RARE_RELIC","is_prod":false,"is_daily":false,"chose_seed":false,"campfire_upgraded":4,"win_rate":0,"timestamp":1530778961,"path_taken":["M","M","?","?","?","R","E","R","T","E","?","$","M","M","R","BOSS","M","?","?","$","M","R","?","E","T","$","?","?","?","M","R","BOSS"],"build_version":"2018-06-28","purchased_purges":2,"victory":false,"max_hp_per_floor":[72,72,72,72,72,72,72,72,72,72,72,72,72,72,72,72,72,72,72,72,72,72,72,72,72,79,79,79,79,79,79,79,79],"card_choices":[{"not_picked":["Twin Strike","Wild Strike"],"picked":"Iron Wave","floor":1},{"not_picked":["True Grit","Headbutt"],"picked":"Fire Breathing","floor":2},{"not_picked":["Spot Weakness","Wild Strike"],"picked":"Fire Breathing","floor":5},{"not_picked":["Feel No Pain","Twin Strike"],"picked":"Pommel Strike","floor":7},{"not_picked":["Battle Trance","Havoc","Reckless Charge"],"picked":"SKIP","floor":10},{"not_picked":["True Grit","Evolve"],"picked":"Infernal Blade","floor":13},{"not_picked":["Dark Embrace","Havoc","Cleave"],"picked":"SKIP","floor":14},{"not_picked":["Juggernaut","Bludgeon"],"picked":"Offering","floor":16},{"not_picked":["True Grit+1","Clash"],"picked":"Inflame","floor":18},{"not_picked":["Feel No Pain+1","Uppercut"],"picked":"Dual Wield+1","floor":20},{"not_picked":["Perfected Strike","Clash"],"picked":"Warcry","floor":22},{"not_picked":["Wild Strike","True Grit"],"picked":"Warcry+1","floor":25},{"not_picked":["Second Wind","Dropkick"],"picked":"Pommel Strike+1","floor":28},{"not_picked":["Fire Breathing","Rampage"],"picked":"Clash","floor":31}],"player_experience":72341,"relics_obtained":[{"floor":7,"key":"Dodecahedron"},{"floor":9,"key":"Mercury Hourglass"},{"floor":10,"key":"Regal Pillow"},{"floor":25,"key":"Gremlin Horn"},{"floor":26,"key":"Strawberry"}],"event_choices":[{"event_name":"Golden Wing","player_choice":"Card Removal","floor":3,"damage_taken":0},{"event_name":"Big Fish","player_choice":"Box","floor":4,"damage_taken":0},{"event_name":"Living Wall","player_choice":"Forget","floor":11,"damage_taken":0},{"event_name":"Beggar","player_choice":"Ignored","floor":24,"damage_taken":0},{"event_name":"Back to Basics","player_choice":"Elegance","floor":30,"damage_taken":0}],"boss_relics":[{"not_picked":["Runic Dome","Calling Bell"],"picked":"Runic Cube"}],"items_purged_floors":[12,19],"is_endless":false,"potions_floor_spawned":[1,7,13,18,22,31],"killed_by":"Collector","ascension_level":0}