{"path_per_floor":["M","?","M","M","$","R","E","M","T","R","M","M","?","?","R","B",null,"M","$","?","?","M","R","M","R","T","$","R","M","E","$","R"],"character_chosen":"IRONCLAD","items_purchased":["Heavy Blade","Flex","Jack Of All Trades","Orichalcum","Apotheosis"],"gold_per_floor":[109,164,183,199,8,8,40,52,133,133,146,156,156,179,179,283,283,297,147,147,147,160,160,178,178,255,2,2,20,53,53,53],"floor_reached":33,"campfire_rested":4,"playtime":2515,"current_hp_per_floor":[74,74,79,75,75,75,60,49,49,73,68,57,50,43,67,44,80,65,65,65,65,59,59,39,63,63,63,63,52,15,15,39],"items_purged":["Writhe"],"gold":53,"play_id":"fc2cfbe2-9372-43bf-af42-b1c9dc980913","is_prod":false,"is_daily":false,"campfire_rituals":0,"campfire_upgraded":1,"is_hardmode":false,"path_taken":["M","?","M","M","$","R","E","M","T","R","M","M","?","?","R","BOSS","M","$","?","?","M","R","M","R","T","$","R","M","E","?","R","BOSS"],"build_version":"2017-12-21-PROD1","purchased_purges":2,"victory":false,"master_deck":["Strike_R","Strike_R","Strike_R","Strike_R","Strike_R","Defend_R","Defend_R","Defend_R","Defend_R","Bash","Bludgeon","Cleave","Demon Form","Pommel Strike","Heavy Blade","Flex","Jack Of All Trades","Heavy Blade","Headbutt","Battle Trance","Iron Wave","Iron Wave","Barricade","Shrug It Off","Searing Blow","Rampage","Apotheosis","Metallicize","Anger"],"max_hp_per_floor":[80,80,80,80,80,80,80,80,80,80,80,80,80,80,80,80,80,80,80,80,80,80,80,80,80,80,80,80,80,80,80,80],"relics":["Black Blood","Pen Nib","Letter Opener","Juzu Bracelet","Odd Mushroom","Orichalcum","Shovel","Molten Egg","Centennial Puzzle","Darkstone Periapt","Frozen Eye"],"campfire_meditates":0,"card_choices":[{"not_picked":["Armaments","Shockwave"],"picked":"Cleave"},{"not_picked":["Body Slam","Flex"],"picked":"Demon Form"},{"not_picked":["Armaments","Battle Trance"],"picked":"Pommel Strike"},{"not_picked":["Second Wind","Rage"],"picked":"Heavy Blade"},{"not_picked":["Spot Weakness","Intimidate"],"picked":"Headbutt"},{"not_picked":["Armaments","Headbutt"],"picked":"Battle Trance"},{"not_picked":["Flex","Berserk"],"picked":"Iron Wave"},{"not_picked":["Twin Strike","Body Slam"],"picked":"Iron Wave"},{"not_picked":["Feed","Dark Embrace"],"picked":"Barricade"},{"not_picked":["Warcry","Headbutt"],"picked":"Searing Blow"},{"not_picked":["Clothesline","Uppercut"],"picked":"Rampage"},{"not_picked":["Flex","Iron Wave"],"picked":"Metallicize"},{"not_picked":["Dual Wield","Warcry"],"picked":"Anger"}],"player_experience":7958,"potions_floor_usage":[16,29,30,30,33],"damage_taken":[{"damage":12,"enemies":"Blue Slaver","floor":1,"turns":2},{"damage":1,"enemies":"Jaw Worm","floor":3,"turns":3},{"damage":10,"enemies":"Looter","floor":4,"turns":2},{"damage":21,"enemies":"Lagavulin","floor":7,"turns":7},{"damage":17,"enemies":"3 Louse","floor":8,"turns":3},{"damage":11,"enemies":"Exordium Wildlife","floor":11,"turns":3},{"damage":17,"enemies":"Gremlin Gang","floor":12,"turns":3},{"damage":13,"enemies":"The Mushroom Lair","floor":14,"turns":3},{"damage":29,"enemies":"Hexaghost","floor":16,"turns":7},{"damage":25,"enemies":"3 Byrds","floor":18,"turns":7},{"damage":16,"enemies":"Spheric Guardian","floor":22,"turns":4},{"damage":30,"enemies":"Snake Plant","floor":24,"turns":5},{"damage":21,"enemies":"3 Cultists","floor":29,"turns":5},{"damage":47,"enemies":"Gremlin Leader","floor":30,"turns":9},{"damage":58,"enemies":"Automaton","floor":33,"turns":6}],"event_choices":[{"event_name":"Golden Wing","player_choice":"Gained Gold","floor":2,"damage_taken":0},{"event_name":"Scrap Ooze","player_choice":"success","floor":13,"damage_taken":7},{"event_name":"Mushrooms","player_choice":"Fought Mushrooms","floor":14,"damage_taken":0},{"event_name":"The Mausoleum","player_choice":"Yes","floor":20,"damage_taken":0},{"event_name":"The Library","player_choice":"Read","floor":21,"damage_taken":0}],"boss_relics":[{"not_picked":["Snecko Eye","Mark of Pain"],"picked":"Black Blood"}],"potions_floor_spawned":[3,7,11,12,24,29],"seed_played":"-1512484517269377408","killed_by":"Automaton","is_trial":false}