{"gold_per_floor":[113,123,137,161,41,41,67,87,87,87,35,55,68,96,96,194,194,211,211,211,222,242,268,268,295,295,326,326,338,438,172,172,276,276,286,286,300,312,312,341,341,172,172,202,202,228,0,26,26,26,26,26,26,56,56],"floor_reached":56,"playtime":6404,"items_purged":["Strike_G","Defend_G"],"score":1799,"play_id":"bf84335c-92b1-4f86-afb5-c30318dfe875","local_time":"20190427013759","is_ascension_mode":true,"campfire_choices":[{"data":"Poisoned Stab","floor":6,"key":"SMITH"},{"floor":10,"key":"REST"},{"data":"Neutralize","floor":15,"key":"SMITH"},{"floor":24,"key":"REST"},{"floor":32,"key":"REST"},{"floor":41,"key":"RECALL"},{"floor":45,"key":"REST"},{"floor":49,"key":"REST"},{"floor":52,"key":"REST"}],"neow_cost":"NONE","seed_source_timestamp":52442908632902,"circlet_count":0,"master_deck":["Defend_G","Defend_G","Defend_G","Defend_G","Survivor","Neutralize+1","Riddle With Holes","Backstab","Poisoned Stab+1","Dagger Throw","Well Laid Plans","Noxious Fumes","Cloak And Dagger","Dagger Throw","Adrenaline","Skewer","PiercingWail","Cloak And Dagger+1","Backflip","Escape Plan","Footwork+1","Footwork+1","Dodge and Roll","Well Laid Plans+1","Finesse","Catalyst","Calculated Gamble","Good Instincts","Blur+1","Burst","Bouncing Flask","Choke+1","Crippling Poison+1","PiercingWail+1","PiercingWail+1"],"relics":["Ring of the Snake","Dream Catcher","Ornamental Fan","Mummified Hand","Frozen Egg 2","Fusion Hammer","Anchor","Question Card","Strawberry","Blood Vial","Nilry\u0027s Codex","Unceasing Top","Bottled Lightning","Empty Cage","Bird Faced Urn","Regal Pillow","Omamori","Red Mask","Bag of Preparation","Vajra"],"potions_floor_usage":[14,27,33,44,44,44,44,55],"damage_taken":[{"damage":2,"enemies":"Cultist","floor":1,"turns":4},{"damage":1,"enemies":"Jaw Worm","floor":2,"turns":5},{"damage":0,"enemies":"2 Louse","floor":3,"turns":1},{"damage":33,"enemies":"Gremlin Nob","floor":7,"turns":5},{"damage":1,"enemies":"Large Slime","floor":8,"turns":6},{"damage":4,"enemies":"Blue Slaver","floor":12,"turns":2},{"damage":0,"enemies":"2 Fungi Beasts","floor":13,"turns":2},{"damage":16,"enemies":"Lagavulin","floor":14,"turns":6},{"damage":10,"enemies":"The Guardian","floor":16,"turns":11},{"damage":2,"enemies":"Chosen","floor":18,"turns":5},{"damage":0,"enemies":"Spheric Guardian","floor":21,"turns":3},{"damage":1,"enemies":"Snake Plant","floor":22,"turns":4},{"damage":14,"enemies":"Book of Stabbing","floor":23,"turns":6},{"damage":0,"enemies":"Gremlin Leader","floor":25,"turns":6},{"damage":10,"enemies":"Slavers","floor":27,"turns":8},{"damage":0,"enemies":"Shelled Parasite and Fungi","floor":29,"turns":5},{"damage":2,"enemies":"Colosseum Slavers","floor":30,"turns":7},{"damage":5,"enemies":"Colosseum Nobs","floor":30,"turns":5},{"damage":8,"enemies":"Collector","floor":33,"turns":11},{"damage":0,"enemies":"3 Darklings","floor":35,"turns":5},{"damage":0,"enemies":"3 Shapes","floor":37,"turns":4},{"damage":0,"enemies":"Maw","floor":38,"turns":7},{"damage":6,"enemies":"Reptomancer","floor":40,"turns":10},{"damage":0,"enemies":"Giant Head","floor":44,"turns":11},{"damage":34,"enemies":"Reptomancer","floor":46,"turns":8},{"damage":24,"enemies":"Time Eater","floor":50,"turns":10},{"damage":11,"enemies":"Shield and Spear","floor":54,"turns":10},{"damage":74,"enemies":"The Heart","floor":55,"turns":12}],"seed_played":"-3873802843655409882","potions_obtained":[{"floor":3,"key":"Fire Potion"},{"floor":7,"key":"LiquidBronze"},{"floor":12,"key":"Poison Potion"},{"floor":16,"key":"Weak Potion"},{"floor":22,"key":"GhostInAJar"},{"floor":23,"key":"EntropicBrew"},{"floor":27,"key":"Swift Potion"},{"floor":35,"key":"Energy Potion"},{"floor":38,"key":"LiquidBronze"}],"is_trial":false,"path_per_floor":["M","M","M","T","$","R","E","M","T","R","$","M","M","E","R","B",null,"M","?","?","M","M","E","R","E","T","E","?","M","?","$","R","B",null,"M","?","M","M","?","E","R","$","T","E","R","E","?","T","R","B",null,"R","$","E","B",null],"character_chosen":"THE_SILENT","items_purchased":["Dagger Throw","Dexterity Potion","Well Laid Plans+1","Finesse","Die Die Die","Burst"],"campfire_rested":6,"item_purchase_floors":[5,11,31,31,31,42],"current_hp_per_floor":[61,60,60,60,60,60,27,26,26,47,47,43,43,27,27,17,57,55,55,55,55,54,40,61,61,68,58,42,44,41,41,64,58,72,74,74,76,77,67,63,63,63,63,75,77,51,51,51,77,61,73,77,77,66,6],"gold":56,"neow_bonus":"REMOVE_CARD","is_prod":false,"is_daily":false,"chose_seed":false,"campfire_upgraded":2,"win_rate":0,"timestamp":1556347079,"path_taken":["M","?","M","?","?","R","E","M","T","R","?","?","M","E","R","BOSS","M","?","?","M","?","E","R","E","T","E","?","M","?","$","R","BOSS","M","?","M","M","?","E","R","$","T","E","R","E","?","?","R","BOSS","R","$","E","BOSS"],"build_version":"2019-01-23","purchased_purges":2,"victory":true,"max_hp_per_floor":[70,70,70,70,70,70,70,70,70,70,70,70,70,70,70,70,70,70,70,70,70,70,70,70,70,77,77,77,77,77,77,77,77,77,77,77,77,77,77,77,77,77,77,77,77,77,77,77,77,77,77,77,77,77,77],"card_choices":[{"not_picked":["Bane","Heel Hook"],"picked":"Riddle With Holes","floor":1},{"not_picked":["Blade Dance","Tactician"],"picked":"Backstab","floor":2},{"not_picked":["Escape Plan","Expertise"],"picked":"Poisoned Stab","floor":3},{"not_picked":["Concentrate","Deadly Poison"],"picked":"Well Laid Plans","floor":7},{"not_picked":["Dagger Throw","Backstab"],"picked":"Noxious Fumes","floor":8},{"not_picked":["Backstab","Slice"],"picked":"Cloak And Dagger","floor":12},{"not_picked":["Eviscerate","Caltrops"],"picked":"Dagger Throw","floor":13},{"not_picked":["Predator","Skewer","Dagger Spray"],"picked":"SKIP","floor":14},{"not_picked":["Grand Finale","Corpse Explosion"],"picked":"Adrenaline","floor":16},{"not_picked":["Masterful Stab","Flying Knee","Blade Dance"],"picked":"SKIP","floor":18},{"not_picked":["Leg Sweep","Noxious Fumes+1"],"picked":"PiercingWail","floor":21},{"not_picked":["Poisoned Stab","Terror+1"],"picked":"Cloak And Dagger+1","floor":22},{"not_picked":["Blade Dance","Prepared"],"picked":"Backflip","floor":23},{"not_picked":["Underhanded Strike","Venomology"],"picked":"Escape Plan","floor":24},{"not_picked":["Flying Knee","Backstab"],"picked":"Footwork+1","floor":25},{"not_picked":["Finisher","Underhanded Strike","Backstab+1"],"picked":"Footwork+1","floor":27},{"not_picked":["Quick Slash","Underhanded Strike","Masterful Stab"],"picked":"Dodge and Roll","floor":29},{"not_picked":["Acrobatics","Dagger Spray","Expertise"],"picked":"Catalyst","floor":32},{"not_picked":["Cloak And Dagger+1","Dash","Poisoned Stab","Acrobatics"],"picked":"SKIP","floor":35},{"not_picked":["Acrobatics+1","Tactician+1","Backflip","Deadly Poison"],"picked":"SKIP","floor":37},{"not_picked":["Poisoned Stab","Dagger Spray","Backflip"],"picked":"Calculated Gamble","floor":38},{"not_picked":["Chrysalis","Blind","Swift Strike"],"picked":"Good Instincts","floor":39},{"not_picked":["Grand Finale","Outmaneuver+1","Blade Dance"],"picked":"Blur+1","floor":40},{"not_picked":["Skewer+1","Glass Knife","All Out Attack","Blade Dance+1"],"picked":"SKIP","floor":44},{"not_picked":["Skewer","Distraction+1","Bane"],"picked":"Bouncing Flask","floor":45},{"not_picked":["Leg Sweep+1","Riddle With Holes+1","Blade Dance"],"picked":"Choke+1","floor":46},{"not_picked":["Choke+1","Outmaneuver","Distraction+1"],"picked":"Crippling Poison+1","floor":49},{"not_picked":["Well Laid Plans+1","Predator","Deadly Poison+1"],"picked":"PiercingWail+1","floor":52},{"not_picked":["Deflect","Calculated Gamble","Predator"],"picked":"PiercingWail+1","floor":54}],"player_experience":652408,"relics_obtained":[{"floor":4,"key":"Dream Catcher"},{"floor":7,"key":"Ornamental Fan"},{"floor":9,"key":"Mummified Hand"},{"floor":14,"key":"Frozen Egg 2"},{"floor":23,"key":"Anchor"},{"floor":25,"key":"Question Card"},{"floor":26,"key":"Strawberry"},{"floor":27,"key":"Blood Vial"},{"floor":28,"key":"Nilry\u0027s Codex"},{"floor":30,"key":"Unceasing Top"},{"floor":30,"key":"Bottled Lightning"},{"floor":40,"key":"Bird Faced Urn"},{"floor":44,"key":"Regal Pillow"},{"floor":46,"key":"Omamori"},{"floor":48,"key":"Bag of Preparation"},{"floor":54,"key":"Vajra"}],"event_choices":[{"damage_healed":0,"gold_gain":0,"player_choice":"Ignored","damage_taken":0,"max_hp_gain":0,"max_hp_loss":0,"event_name":"Vampires","floor":19,"gold_loss":0},{"damage_healed":0,"gold_gain":0,"cards_transformed":["Strike_G"],"player_choice":"Transformed","damage_taken":0,"max_hp_gain":0,"max_hp_loss":0,"event_name":"Transmorgrifier","floor":20,"gold_loss":0,"cards_obtained":["Skewer"]},{"damage_healed":0,"gold_gain":0,"player_choice":"Obtained Book","damage_taken":16,"max_hp_gain":0,"max_hp_loss":0,"event_name":"Cursed Tome","floor":28,"gold_loss":0},{"damage_healed":0,"gold_gain":0,"player_choice":"Fight","damage_taken":0,"max_hp_gain":0,"max_hp_loss":0,"event_name":"Colosseum","floor":30,"gold_loss":0},{"damage_healed":0,"gold_gain":0,"player_choice":"Fought Nobs","damage_taken":0,"max_hp_gain":0,"max_hp_loss":0,"event_name":"Colosseum","floor":30,"gold_loss":0},{"cards_removed":["Die Die Die"],"damage_healed":0,"gold_gain":0,"player_choice":"Removed Attack","damage_taken":0,"max_hp_gain":0,"max_hp_loss":0,"event_name":"Falling","floor":36,"gold_loss":0},{"damage_healed":0,"gold_gain":0,"player_choice":"Memory 3","damage_taken":10,"max_hp_gain":0,"max_hp_loss":0,"event_name":"SensoryStone","floor":39,"gold_loss":0},{"damage_healed":0,"gold_gain":0,"player_choice":"Paid","damage_taken":0,"relics_obtained":["Red Mask"],"max_hp_gain":0,"max_hp_loss":0,"event_name":"Tomb of Lord Red Mask","floor":47,"gold_loss":228}],"is_beta":false,"boss_relics":[{"not_picked":["Runic Pyramid","HoveringKite"],"picked":"Fusion Hammer"},{"not_picked":["Tiny House","Velvet Choker"],"picked":"Empty Cage"}],"items_purged_floors":[5,42],"is_endless":false,"potions_floor_spawned":[3,7,12,16,18,22,23,27,35,37,38],"ascension_level":9}