{"gold_per_floor":[111,261,261,279,279,279,314,314,314,345,372,387,312,330,330,405,405,423,433,433,71,71],"floor_reached":22,"playtime":663,"items_purged":["Strike_R","Strike_R"],"score":412,"play_id":"a8ac76be-765e-48f6-be46-c39c6a698ea7","local_time":"20180911145500","is_ascension_mode":true,"campfire_choices":[{"floor":6,"key":"REST"},{"data":"Inflame","floor":8,"key":"SMITH"},{"data":"Bash","floor":15,"key":"SMITH"}],"neow_cost":"NONE","seed_source_timestamp":2334508735173558,"circlet_count":0,"master_deck":["Strike_R","Strike_R","Strike_R","Defend_R","Defend_R","Defend_R","Defend_R","Bash+1","AscendersBane","Flex","Inflame+1","Thunderclap","Hemokinesis","Heavy Blade","Barricade","Whirlwind"],"relics":["Burning Blood","NeowsBlessing","Boot","Art of War","Turnip","Oddly Smooth Stone","Ancient Tea Set","Philosopher\u0027s Stone","Bag of Marbles","Bronze Scales"],"potions_floor_usage":[10,16],"damage_taken":[{"damage":0,"enemies":"Jaw Worm","floor":1,"turns":1},{"damage":0,"enemies":"2 Louse","floor":4,"turns":1},{"damage":0,"enemies":"3 Sentries","floor":7,"turns":2},{"damage":25,"enemies":"Lagavulin","floor":10,"turns":7},{"damage":3,"enemies":"Cultist","floor":12,"turns":3},{"damage":6,"enemies":"Exordium Wildlife","floor":14,"turns":2},{"damage":60,"enemies":"Hexaghost","floor":16,"turns":9},{"damage":42,"enemies":"Shell Parasite","floor":18,"turns":5},{"damage":8,"enemies":"Chosen","floor":19,"turns":3},{"damage":34,"enemies":"Shelled Parasite and Fungi","floor":22,"turns":1}],"seed_played":"-8394403273538123883","potions_obtained":[{"floor":4,"key":"PowerPotion"},{"floor":7,"key":"SpeedPotion"},{"floor":10,"key":"Explosive Potion"},{"floor":14,"key":"Regen Potion"},{"floor":18,"key":"Ancient Potion"}],"is_trial":false,"path_per_floor":["M","?","?","M","?","R","E","R","T","E","T","M","$","M","R","B",null,"M","M","T","$"],"character_chosen":"IRONCLAD","items_purchased":["Bronze Scales","Whirlwind"],"campfire_rested":1,"item_purchase_floors":[21,21],"current_hp_per_floor":[74,74,67,73,38,60,66,66,66,47,47,50,50,50,50,11,59,23,21,21,21,0],"gold":71,"neow_bonus":"THREE_ENEMY_KILL","is_prod":false,"is_daily":false,"chose_seed":false,"campfire_upgraded":2,"win_rate":0,"timestamp":1536674100,"path_taken":["M","?","?","M","?","R","E","R","T","E","?","M","?","?","R","BOSS","M","?","?","$","M"],"build_version":"2018-09-06","purchased_purges":2,"victory":false,"max_hp_per_floor":[75,75,75,75,75,75,75,75,75,75,75,75,75,75,75,75,75,75,75,75,75,75],"card_choices":[{"not_picked":["Clash","Burning Pact"],"picked":"Flex","floor":1},{"not_picked":["Cleave","Intimidate"],"picked":"Inflame","floor":4},{"not_picked":["Warcry","Power Through"],"picked":"Thunderclap","floor":7},{"not_picked":["Havoc","Armaments"],"picked":"Hemokinesis","floor":10},{"not_picked":["Flex","Havoc","Twin Strike"],"picked":"SKIP","floor":12},{"not_picked":["Iron Wave","Thunderclap"],"picked":"Heavy Blade","floor":14},{"not_picked":["Dark Embrace","Limit Break"],"picked":"Barricade","floor":16},{"not_picked":["Rampage","Combust","Clothesline"],"picked":"SKIP","floor":18},{"not_picked":["Warcry","Spot Weakness","Havoc"],"picked":"SKIP","floor":19}],"player_experience":340590,"relics_obtained":[{"floor":7,"key":"Art of War"},{"floor":9,"key":"Turnip"},{"floor":10,"key":"Oddly Smooth Stone"},{"floor":11,"key":"Ancient Tea Set"},{"floor":20,"key":"Bag of Marbles"}],"event_choices":[{"event_name":"Liars Game","player_choice":"agreed","floor":2,"damage_taken":0},{"event_name":"Golden Wing","player_choice":"Card Removal","floor":3,"damage_taken":0},{"event_name":"Scrap Ooze","player_choice":"success","floor":5,"damage_taken":35}],"is_beta":false,"boss_relics":[{"not_picked":["Busted Crown","Velvet Choker"],"picked":"Philosopher\u0027s Stone"}],"items_purged_floors":[13,21],"is_endless":false,"potions_floor_spawned":[4,7,10,14,18],"killed_by":"Shelled Parasite and Fungi","ascension_level":18}