{"gold_per_floor":[112,112,130,130,205,205,238,238,284,296,326,338,369,404,416,554,629,655,667,695,721,400,400,433,433,433,451,469,469],"floor_reached":29,"playtime":3246,"items_purged":["Strike_B"],"score":311,"play_id":"d7b5bfdc-28e8-4a7b-9e1e-8a991e6c99c6","local_time":"20190107170822","is_ascension_mode":true,"campfire_choices":[{"data":"Go for the Eyes","floor":6,"key":"SMITH"},{"data":"White Noise","floor":8,"key":"SMITH"},{"floor":10,"key":"RECALL"},{"floor":15,"key":"REST"},{"data":"Static Discharge","floor":23,"key":"SMITH"},{"data":"Creative AI","floor":25,"key":"SMITH"}],"neow_cost":"NONE","seed_source_timestamp":453304697486183,"circlet_count":0,"master_deck":["Strike_B","Strike_B","Strike_B","Defend_B","Defend_B","Defend_B","Defend_B","Zap+1","Dualcast","Go for the Eyes+1","White Noise+1","Coolheaded+1","Glacier","Creative AI+1","Core Surge","Barrage+1","Capacitor","Static Discharge+1","Fusion+1","Turbo+1","Ball Lightning"],"relics":["Cracked Core","NeowsBlessing","Golden Idol","Question Card","MawBank","Tiny House","Matryoshka","Pen Nib","Centennial Puzzle"],"potions_floor_usage":[13,14,16,18,20,24,29],"damage_taken":[{"damage":0,"enemies":"2 Louse","floor":1,"turns":1},{"damage":0,"enemies":"Cultist","floor":3,"turns":1},{"damage":0,"enemies":"Gremlin Nob","floor":7,"turns":1},{"damage":3,"enemies":"Small Slimes","floor":11,"turns":3},{"damage":0,"enemies":"3 Louse","floor":13,"turns":3},{"damage":9,"enemies":"Lots of Slimes","floor":14,"turns":5},{"damage":5,"enemies":"Slime Boss","floor":16,"turns":8},{"damage":3,"enemies":"Spheric Guardian","floor":18,"turns":12},{"damage":18,"enemies":"2 Thieves","floor":20,"turns":5},{"damage":2,"enemies":"Chosen and Byrds","floor":21,"turns":8},{"damage":14,"enemies":"Book of Stabbing","floor":24,"turns":7},{"damage":21,"enemies":"Snake Plant","floor":27,"turns":3},{"damage":16,"enemies":"Centurion and Healer","floor":28,"turns":14},{"damage":7,"enemies":"Cultist and Chosen","floor":29,"turns":6}],"seed_played":"-3409094956519241083","potions_obtained":[{"floor":3,"key":"SkillPotion"},{"floor":7,"key":"Strength Potion"},{"floor":13,"key":"Ancient Potion"},{"floor":16,"key":"Block Potion"},{"floor":17,"key":"Swift Potion"},{"floor":21,"key":"FocusPotion"},{"floor":28,"key":"Poison Potion"}],"is_trial":false,"path_per_floor":["M","?","M","?","?","R","E","R","T","R","M","?","M","M","R","B",null,"M","?","M","M","$","R","E","R","T","M","M","M"],"character_chosen":"DEFECT","items_purchased":["Matryoshka"],"campfire_rested":1,"item_purchase_floors":[22],"current_hp_per_floor":[75,75,75,57,46,46,46,46,46,46,43,36,36,27,49,44,80,77,77,59,57,57,57,43,43,43,22,6,0],"gold":469,"neow_bonus":"THREE_ENEMY_KILL","is_prod":false,"is_daily":false,"chose_seed":false,"campfire_upgraded":4,"win_rate":0,"timestamp":1546902502,"path_taken":["M","?","?","?","?","R","E","R","T","R","M","?","M","?","R","BOSS","M","?","M","M","?","R","E","R","T","M","M","M"],"build_version":"2019-01-03v4","purchased_purges":1,"victory":false,"max_hp_per_floor":[75,75,75,75,75,75,75,75,75,75,75,75,75,75,75,75,80,80,80,80,80,80,80,80,80,80,80,80,80],"card_choices":[{"not_picked":["Rebound","Melter"],"picked":"Go for the Eyes","floor":1},{"not_picked":["Streamline","Tempest","Sweeping Beam"],"picked":"SKIP","floor":3},{"not_picked":["Go for the Eyes","Sweeping Beam"],"picked":"White Noise","floor":7},{"not_picked":["Scrape","Ball Lightning","Tempest"],"picked":"Coolheaded","floor":11},{"not_picked":["Beam Cell","Ball Lightning","Leap"],"picked":"Glacier","floor":13},{"not_picked":["Reinforced Body","Ball Lightning","Self Repair"],"picked":"Creative AI","floor":14},{"not_picked":["Hyperbeam","Thunder Strike","Multi-Cast"],"picked":"Core Surge","floor":16},{"not_picked":["Beam Cell+1","Steam+1","Reinforced Body"],"picked":"Barrage","floor":18},{"not_picked":["Sunder","Go for the Eyes+1","Gash"],"picked":"Capacitor","floor":20},{"not_picked":["Undo","Heatsinks","Rip and Tear"],"picked":"Static Discharge","floor":21},{"not_picked":["Multi-Cast","Electrodynamics","Thunder Strike"],"picked":"Fusion+1","floor":24},{"not_picked":["BootSequence+1","Beam Cell","Rebound"],"picked":"Turbo+1","floor":27},{"not_picked":["Rip and Tear","Capacitor","Fusion"],"picked":"Ball Lightning","floor":28}],"player_experience":150135,"relics_obtained":[{"floor":7,"key":"Question Card"},{"floor":9,"key":"MawBank"},{"floor":24,"key":"Pen Nib"},{"floor":26,"key":"Centennial Puzzle"}],"event_choices":[{"damage_healed":0,"gold_gain":0,"player_choice":"Upgraded","damage_taken":0,"max_hp_gain":0,"max_hp_loss":0,"event_name":"Upgrade Shrine","floor":2,"gold_loss":0,"cards_upgraded":["Zap"]},{"damage_healed":0,"gold_gain":0,"player_choice":"Take Damage","damage_taken":18,"relics_obtained":["Golden Idol"],"max_hp_gain":0,"max_hp_loss":0,"event_name":"Golden Idol","floor":4,"gold_loss":0},{"damage_healed":0,"gold_gain":75,"player_choice":"Gather Gold","damage_taken":11,"max_hp_gain":0,"max_hp_loss":0,"event_name":"World of Goop","floor":5,"gold_loss":0},{"damage_healed":0,"gold_gain":0,"player_choice":"Damaged","damage_taken":7,"max_hp_gain":0,"max_hp_loss":0,"event_name":"Wheel of Change","floor":12,"gold_loss":0},{"damage_healed":0,"gold_gain":0,"player_choice":"Forge","damage_taken":0,"max_hp_gain":0,"max_hp_loss":0,"event_name":"Accursed Blacksmith","floor":19,"gold_loss":0,"cards_upgraded":["Barrage"]}],"is_beta":false,"boss_relics":[{"not_picked":["Runic Dome","White Beast Statue"],"picked":"Tiny House"}],"items_purged_floors":[22],"is_endless":false,"potions_floor_spawned":[3,7,13,16,21,28],"killed_by":"Cultist and Chosen","ascension_level":3}