{"path_per_floor":["M","?","?","?","M","R","M","R","T","$","M","$","M","?","R","B",null,"M","M","?","?","M","R","M","$","T","R","?","$","M","M","R","B",null,"M","M","$","T","M","R","M","R","T","M","R","M","?","M","R","B"],"character_chosen":"THE_SILENT","items_purchased":["Snake Skull","Lantern"],"gold_per_floor":[117,292,292,292,306,306,325,325,351,276,293,38,50,0,0,100,100,120,139,139,139,152,152,165,15,15,15,15,15,33,51,51,146,146,157,172,47,47,63,63,80,80,80,97,97,115,115,128,128,128],"floor_reached":51,"campfire_rested":5,"playtime":3498,"current_hp_per_floor":[70,70,70,56,55,55,52,52,52,52,52,52,51,51,70,61,70,60,60,60,60,48,48,36,36,36,57,57,57,55,25,46,44,70,48,48,48,48,43,43,39,60,60,57,57,50,50,50,70,7],"items_purged":["Doubt","Strike_G","Strike_G"],"gold":128,"score":491,"play_id":"45e4a969-1f19-473c-ab7f-1f19c4286251","is_prod":false,"is_daily":false,"is_ascension_mode":false,"campfire_upgraded":5,"path_taken":["M","?","?","?","?","R","M","R","T","$","M","$","M","?","R","BOSS","M","M","?","?","M","R","M","?","T","R","?","?","?","M","R","BOSS","M","?","$","?","M","R","M","R","T","M","R","M","?","M","R","BOSS"],"build_version":"2018-02-12-PROD1","purchased_purges":3,"victory":true,"master_deck":["Defend_G","Defend_G","Defend_G","Defend_G+1","Strike_G+1","Survivor","Neutralize+1","Quick Slash","Sucker Punch+1","Bouncing Flask+1","Burst+1","Acrobatics","Deadly Poison+1","Neutralize","Madness+1","Masterful Stab","Poisoned Stab","Bouncing Flask","Well Laid Plans+1","Catalyst+1","Backflip","Flying Knee","Dodge and Roll+1","Distraction+1","Tools of the Trade","PiercingWail+1"],"max_hp_per_floor":[70,70,70,70,70,70,70,70,70,70,70,70,70,70,70,70,70,70,70,70,70,70,70,70,70,70,70,70,70,70,70,70,70,70,70,70,70,70,70,70,70,70,70,70,70,70,70,70,70,70],"relics":["Ring of the Snake","Bag of Preparation","Snake Skull","Philosopher\u0027s Stone","Lantern","Frozen Eye","Orrery","Gambling Chip","Calipers"],"card_choices":[{"not_picked":["Terror","Malaise"],"picked":"Quick Slash"},{"not_picked":["Prepared","Deflect"],"picked":"Sucker Punch"},{"not_picked":["Reflex","Bane"],"picked":"Bouncing Flask"},{"not_picked":["Glass Knife","A Thousand Cuts"],"picked":"Burst"},{"not_picked":["Prepared","Quick Slash"],"picked":"Acrobatics"},{"not_picked":["Dodge and Roll","Blur"],"picked":"Deadly Poison"},{"not_picked":["Slice","Endless Agony"],"picked":"Poisoned Stab"},{"not_picked":["Skewer","Terror"],"picked":"Bouncing Flask"},{"not_picked":["Infinite Blades","Bouncing Flask"],"picked":"Well Laid Plans"},{"not_picked":["Deflect","Deadly Poison"],"picked":"Catalyst"},{"not_picked":["Caltrops","Choke"],"picked":"Backflip"},{"not_picked":["Slice","Deflect"],"picked":"Flying Knee"},{"not_picked":["Bullet Time","Malaise"],"picked":"Dodge and Roll"},{"not_picked":["Noxious Fumes","Outmaneuver"],"picked":"Distraction"},{"not_picked":["Deflect","Prepared"],"picked":"Tools of the Trade"},{"not_picked":["Acrobatics","Calculated Gamble"],"picked":"PiercingWail"}],"player_experience":49687,"potions_floor_usage":[31,33,46],"damage_taken":[{"damage":0,"enemies":"Jaw Worm","floor":1,"turns":4},{"damage":1,"enemies":"Cultist","floor":5,"turns":5},{"damage":3,"enemies":"Blue Slaver","floor":7,"turns":4},{"damage":0,"enemies":"Large Slime","floor":11,"turns":6},{"damage":1,"enemies":"Red Slaver","floor":13,"turns":3},{"damage":9,"enemies":"The Guardian","floor":16,"turns":7},{"damage":10,"enemies":"Shell Parasite","floor":18,"turns":6},{"damage":0,"enemies":"Chosen","floor":19,"turns":3},{"damage":12,"enemies":"Sentry and Sphere","floor":22,"turns":3},{"damage":12,"enemies":"Snecko","floor":24,"turns":3},{"damage":2,"enemies":"Snake Plant","floor":30,"turns":2},{"damage":30,"enemies":"Slaver and Parasite","floor":31,"turns":5},{"damage":2,"enemies":"Champ","floor":33,"turns":9},{"damage":22,"enemies":"3 Shapes","floor":35,"turns":5},{"damage":0,"enemies":"Orb Walker","floor":36,"turns":2},{"damage":5,"enemies":"Maw","floor":39,"turns":4},{"damage":4,"enemies":"3 Darklings","floor":41,"turns":4},{"damage":3,"enemies":"Sphere and 2 Shapes","floor":44,"turns":4},{"damage":7,"enemies":"4 Shapes","floor":46,"turns":5},{"damage":0,"enemies":"3 Darklings","floor":48,"turns":4},{"damage":63,"enemies":"Time Eater","floor":50,"turns":5}],"event_choices":[{"event_name":"Liars Game","player_choice":"agreed","floor":2,"damage_taken":0},{"event_name":"The Woman in Blue","player_choice":"Bought 0 Potions","floor":3,"damage_taken":0},{"event_name":"Shining Light","player_choice":"Entered Light","floor":4,"damage_taken":0},{"event_name":"The Cleric","player_choice":"Card Removal","floor":14,"damage_taken":0},{"event_name":"Back to Basics","player_choice":"Elegance","floor":20,"damage_taken":0},{"event_name":"Match and Keep!","player_choice":"3 cards matched","floor":21,"damage_taken":0},{"event_name":"Upgrade Shrine","player_choice":"Upgraded","floor":28,"damage_taken":0},{"event_name":"Mysterious Sphere","player_choice":"Ignore","floor":47,"damage_taken":0}],"boss_relics":[{"not_picked":["Snecko Eye","Calling Bell"],"picked":"Philosopher\u0027s Stone"},{"not_picked":["Astrolabe","Runic Pyramid"],"picked":"Orrery"}],"potions_floor_spawned":[1,5,18,24,31,35,39,44,48],"seed_played":"-4032835119411993180","ascension_level":0,"is_trial":false}