{"gold_per_floor":[113,74,88,68,18,18,32,107,131,150,180,55,65,65,65,142,142,124,124,41,58,58,58,75,75,102,102,17,17,17,37,37,37],"floor_reached":33,"playtime":1226,"items_purged":[],"score":450,"play_id":"eb49d4c8-e7c6-40dc-8bac-aae0504a06f4","local_time":"20190121171546","is_ascension_mode":true,"campfire_choices":[{"data":"Combust","floor":6,"key":"SMITH"},{"floor":15,"key":"REST"},{"data":"Rupture","floor":23,"key":"SMITH"},{"data":"Dual Wield","floor":25,"key":"SMITH"},{"data":"Shrug It Off","floor":27,"key":"SMITH"},{"data":"Battle Trance","floor":30,"key":"SMITH"},{"floor":32,"key":"REST"}],"neow_cost":"NONE","seed_source_timestamp":2332046947772134,"circlet_count":0,"master_deck":["AscendersBane","Defend_R","Defend_R","Defend_R","Defend_R","Intimidate","Twin Strike","Battle Trance+1","Combust+1","Cleave","Rupture+1","Flame Barrier","Pummel","Dual Wield+1","Shrug It Off+1","Bite","Bite","Bite","Bite","Bite","Shrug It Off","Rupture+1"],"relics":["Burning Blood","Oddly Smooth Stone","The Courier","Strawberry","Runic Cube","Lantern"],"potions_floor_usage":[10,16,16,21,24,33,33],"damage_taken":[{"damage":17,"enemies":"Jaw Worm","floor":1,"turns":5},{"damage":0,"enemies":"Cultist","floor":3,"turns":3},{"damage":0,"enemies":"2 Louse","floor":7,"turns":2},{"damage":9,"enemies":"Large Slime","floor":10,"turns":4},{"damage":37,"enemies":"3 Sentries","floor":11,"turns":4},{"damage":0,"enemies":"Exordium Wildlife","floor":13,"turns":2},{"damage":67,"enemies":"The Guardian","floor":16,"turns":13},{"damage":8,"enemies":"2 Thieves","floor":18,"turns":5},{"damage":0,"enemies":"3 Byrds","floor":21,"turns":2},{"damage":45,"enemies":"Centurion and Healer","floor":24,"turns":9},{"damage":13,"enemies":"3 Cultists","floor":31,"turns":4},{"damage":75,"enemies":"Collector","floor":33,"turns":8}],"seed_played":"-2821432710289541633","potions_obtained":[{"floor":3,"key":"BloodPotion"},{"floor":4,"key":"GamblersBrew"},{"floor":11,"key":"SpeedPotion"},{"floor":31,"key":"Strength Potion"}],"is_trial":false,"path_per_floor":["M","$","M","?","$","R","M","?","T","M","E","$","M","?","R","B",null,"M","?","$","M","?","R","M","R","T","R","$","?","R","M","R","B"],"character_chosen":"IRONCLAD","items_purchased":["Battle Trance","Cleave","Strawberry","SkillPotion","AttackPotion","Shrug It Off","SkillPotion"],"campfire_rested":2,"item_purchase_floors":[2,5,12,20,20,28,28],"current_hp_per_floor":[57,57,63,63,63,63,69,58,58,62,31,38,44,44,68,7,63,61,61,61,67,57,57,44,44,44,44,44,44,44,45,57,0],"gold":37,"neow_bonus":"TRANSFORM_CARD","is_prod":false,"is_daily":false,"chose_seed":false,"campfire_upgraded":5,"win_rate":0,"timestamp":1548090946,"path_taken":["M","$","M","?","$","R","?","?","T","M","E","$","M","?","R","BOSS","M","?","$","M","?","R","M","R","T","R","?","?","R","?","R","BOSS"],"build_version":"2019-01-17v2","purchased_purges":0,"victory":false,"max_hp_per_floor":[75,75,75,75,75,75,75,75,75,75,75,82,82,82,82,82,82,82,82,82,82,57,57,57,57,57,57,57,57,57,57,57,57],"card_choices":[{"not_picked":["Clothesline","Metallicize"],"picked":"Twin Strike","floor":1},{"not_picked":["Warcry","Seeing Red"],"picked":"Combust","floor":3},{"not_picked":["Rage","Clash","Disarm"],"picked":"SKIP","floor":7},{"not_picked":["Blood for Blood","Body Slam"],"picked":"Rupture","floor":10},{"not_picked":["Searing Blow","Infernal Blade"],"picked":"Flame Barrier","floor":11},{"not_picked":["Havoc","Hemokinesis"],"picked":"Pummel","floor":13},{"not_picked":["Sword Boomerang","Burning Pact"],"picked":"Dual Wield","floor":18},{"not_picked":["Clash","Disarm"],"picked":"Shrug It Off","floor":21},{"not_picked":["Havoc","Heavy Blade","Thunderclap"],"picked":"SKIP","floor":24},{"not_picked":["Armaments","Dark Embrace","Twin Strike+1"],"picked":"SKIP","floor":31}],"player_experience":454678,"relics_obtained":[{"floor":9,"key":"Oddly Smooth Stone"},{"floor":11,"key":"The Courier"},{"floor":26,"key":"Lantern"}],"event_choices":[{"damage_healed":0,"gold_gain":0,"player_choice":"Bought 1 Potion","damage_taken":0,"max_hp_gain":0,"max_hp_loss":0,"event_name":"The Woman in Blue","floor":4,"gold_loss":0},{"damage_healed":0,"gold_gain":75,"player_choice":"Gather Gold","damage_taken":11,"max_hp_gain":0,"max_hp_loss":0,"event_name":"World of Goop","floor":8,"gold_loss":0},{"damage_healed":0,"gold_gain":0,"player_choice":"Searched \u00270\u0027 times","damage_taken":0,"max_hp_gain":0,"max_hp_loss":0,"event_name":"Dead Adventurer","floor":14,"gold_loss":0},{"damage_healed":0,"gold_gain":0,"player_choice":"Ignored","damage_taken":0,"max_hp_gain":0,"max_hp_loss":0,"event_name":"Beggar","floor":19,"gold_loss":0},{"damage_healed":0,"gold_gain":0,"player_choice":"Became a vampire","damage_taken":0,"max_hp_gain":0,"max_hp_loss":25,"event_name":"Vampires","floor":22,"gold_loss":0,"cards_obtained":["Bite","Bite","Bite","Bite","Bite"]},{"damage_healed":0,"gold_gain":0,"player_choice":"Copied","damage_taken":0,"max_hp_gain":0,"max_hp_loss":0,"event_name":"Duplicator","floor":29,"gold_loss":0,"cards_obtained":["Rupture"]}],"is_beta":false,"boss_relics":[{"not_picked":["Sozu","Lizard Tail"],"picked":"Runic Cube"}],"items_purged_floors":[],"is_endless":false,"potions_floor_spawned":[3,7,11,13,31],"killed_by":"Collector","ascension_level":15}