{"gold_per_floor":[118,30,47,47,61,61,76,76,100,100,100,100,114,125,125,222,222,234,234,38,51,51,51,51,3,3,3,23,42,42,57,57,57],"floor_reached":33,"playtime":1088,"items_purged":[],"score":404,"play_id":"6a4f1c10-598e-42ea-8423-0d6585c75940","local_time":"20190117224354","is_ascension_mode":true,"campfire_choices":[{"data":"Blood for Blood","floor":6.0,"key":"SMITH"},{"data":"Hemokinesis","floor":8.0,"key":"SMITH"},{"data":"Shockwave","floor":10.0,"key":"SMITH"},{"data":"Combust","floor":12.0,"key":"SMITH"},{"data":"True Grit","floor":15.0,"key":"SMITH"},{"data":"Uppercut","floor":23.0,"key":"SMITH"},{"data":"Uppercut","floor":32,"key":"SMITH"}],"neow_cost":"NONE","seed_source_timestamp":0,"circlet_count":0,"master_deck":["AscendersBane","Defend_R","Defend_R","Defend_R","Defend_R","Blood for Blood+1","Shrug It Off","Flash of Steel","Combust+1","Hemokinesis+1","Shockwave+1","Shrug It Off","True Grit+1","Reaper","Uppercut+1","Uppercut+1","Bite","Bite","Bite","Bite","Bite","Blood for Blood"],"special_seed":0,"relics":["Burning Blood","Bronze Scales","Snecko Eye","HandDrill","Mummified Hand"],"potions_floor_usage":[33,33],"damage_taken":[{"damage":6.0,"enemies":"Cultist","floor":1.0,"turns":4.0},{"damage":0.0,"enemies":"Small Slimes","floor":3.0,"turns":3.0},{"damage":9.0,"enemies":"2 Louse","floor":5.0,"turns":2.0},{"damage":16.0,"enemies":"Blue Slaver","floor":7.0,"turns":2.0},{"damage":14.0,"enemies":"Looter","floor":13.0,"turns":2.0},{"damage":12.0,"enemies":"Lots of Slimes","floor":14.0,"turns":3.0},{"damage":28.0,"enemies":"The Guardian","floor":16.0,"turns":10.0},{"damage":4.0,"enemies":"Spheric Guardian","floor":18.0,"turns":3.0},{"damage":14.0,"enemies":"3 Byrds","floor":21.0,"turns":4.0},{"damage":13.0,"enemies":"Snake Plant","floor":28.0,"turns":3.0},{"damage":4.0,"enemies":"Shelled Parasite and Fungi","floor":29.0,"turns":3.0},{"damage":9,"enemies":"Chosen and Byrds","floor":31,"turns":4},{"damage":95,"enemies":"Collector","floor":33,"turns":11}],"seed_played":"-208570136525198051","potions_obtained":[{"floor":1.0,"key":"Energy Potion"},{"floor":5.0,"key":"Poison Potion"},{"floor":13.0,"key":"Fire Potion"},{"floor":16.0,"key":"SkillPotion"}],"is_trial":false,"path_per_floor":["M","$","M","$","M","R","M","R","T","R","?","R","M","M","R","B",null,"M","?","$","M","?","R","$","$","T","?","M","M","?","M","R","B"],"character_chosen":"IRONCLAD","items_purchased":["Flash of Steel","HandDrill","AttackPotion"],"campfire_rested":0,"item_purchase_floors":[2,20,25],"current_hp_per_floor":[72,72,78,78,75,75,65,65,65,65,65,65,57,51,51,29,67,69,69,69,69,56,56,56,56,56,56,51,56,56,53,53,0],"gold":57,"neow_bonus":"TRANSFORM_CARD","is_prod":false,"is_daily":false,"chose_seed":false,"campfire_upgraded":7,"win_rate":0,"timestamp":1547765034,"path_taken":["M","$","M","$","M","R","?","R","T","R","?","R","?","?","R","BOSS","M","?","$","M","?","R","?","$","T","?","M","M","?","M","R","BOSS"],"build_version":"2019-01-10","purchased_purges":0,"victory":false,"max_hp_per_floor":[80,80,80,80,80,80,80,80,80,80,80,80,80,80,80,80,80,80,80,80,80,56,56,56,56,56,56,56,56,56,56,56,56],"card_choices":[{"not_picked":["Flame Barrier","Burning Pact"],"picked":"Shrug It Off","floor":1.0},{"not_picked":["Pummel","Burning Pact"],"picked":"Combust","floor":3.0},{"not_picked":["Thunderclap","Body Slam"],"picked":"Hemokinesis","floor":5.0},{"not_picked":["Armaments","Heavy Blade"],"picked":"Shockwave","floor":7.0},{"not_picked":["Anger","Havoc"],"picked":"Shrug It Off","floor":13.0},{"not_picked":["Rampage","Juggernaut"],"picked":"True Grit","floor":14.0},{"not_picked":["Impervious","Brutality"],"picked":"Reaper","floor":16.0},{"not_picked":["Rupture","Cleave"],"picked":"Uppercut","floor":18.0},{"not_picked":["Dropkick","Warcry","Sword Boomerang"],"picked":"SKIP","floor":21.0},{"not_picked":["Armaments","Ghostly Armor","Rage"],"picked":"SKIP","floor":28.0},{"not_picked":["Rampage","Fire Breathing","Pummel"],"picked":"SKIP","floor":29},{"not_picked":["Power Through+1","Sword Boomerang+1","Havoc"],"picked":"SKIP","floor":31}],"player_experience":403557,"relics_obtained":[{"floor":9.0,"key":"Bronze Scales"},{"floor":26.0,"key":"Mummified Hand"}],"event_choices":[{"damage_healed":0.0,"max_hp_gain":0.0,"max_hp_loss":0.0,"gold_gain":0.0,"event_name":"The Woman in Blue","player_choice":"Bought 0 Potions","floor":11.0,"gold_loss":0.0,"damage_taken":0.0},{"damage_healed":0.0,"max_hp_gain":0.0,"max_hp_loss":0.0,"gold_gain":0.0,"cards_transformed":["Strike_R","Strike_R"],"event_name":"Drug Dealer","player_choice":"Became Test Subject","floor":19.0,"gold_loss":0.0,"damage_taken":0.0,"cards_obtained":["Uppercut","Infernal Blade"]},{"damage_healed":0.0,"max_hp_gain":0.0,"max_hp_loss":24.0,"gold_gain":0.0,"event_name":"Vampires","player_choice":"Became a vampire","floor":22.0,"gold_loss":0.0,"damage_taken":0.0,"cards_obtained":["Bite","Bite","Bite","Bite","Bite"]},{"damage_healed":0.0,"max_hp_gain":0.0,"max_hp_loss":0.0,"gold_gain":0.0,"event_name":"Beggar","player_choice":"Ignored","floor":27.0,"gold_loss":0.0,"damage_taken":0.0},{"damage_healed":0,"gold_gain":0,"cards_transformed":["Infernal Blade"],"player_choice":"Transformed","damage_taken":0,"max_hp_gain":0,"max_hp_loss":0,"event_name":"Transmorgrifier","floor":30,"gold_loss":0,"cards_obtained":["Blood for Blood"]}],"is_beta":false,"boss_relics":[{"not_picked":["Calling Bell","Velvet Choker"],"picked":"Snecko Eye"}],"items_purged_floors":[],"is_endless":false,"potions_floor_spawned":[1,5,13,16,28,31],"killed_by":"Collector","ascension_level":12}