{"path_per_floor":["M","?","M","?","M","E","M","?","T","M","R","E","R","M","R"],"character_chosen":"THE_SILENT","items_purchased":[],"gold_per_floor":[112,212,224,224,242,267,284,249,273,289,289,316,316,329,329,329],"floor_reached":16,"campfire_rested":2,"playtime":989,"item_purchase_floors":[],"current_hp_per_floor":[53,53,53,50,43,17,18,35,35,20,56,38,38,29,65,0],"items_purged":[],"gold":329,"score":168,"play_id":"c1933563-480d-4ee0-9148-89ee709f6f0e","local_time":"20180601094044","is_prod":false,"is_daily":false,"chose_seed":false,"is_ascension_mode":true,"campfire_upgraded":1,"win_rate":0,"timestamp":1527842444,"campfire_choices":[{"floor":11,"key":"REST"},{"data":"Footwork","floor":13,"key":"SMITH"},{"floor":15,"key":"REST"}],"path_taken":["M","?","M","?","M","E","M","?","T","?","R","E","R","?","R","BOSS"],"build_version":"2018-05-31","seed_source_timestamp":774352915502107,"purchased_purges":0,"victory":false,"master_deck":["Defend_G","Defend_G","Defend_G","Defend_G","Defend_G","Strike_G","Strike_G","Strike_G","Strike_G","Strike_G","Survivor","Neutralize","AscendersBane","Backflip","Blur","Dagger Spray","Endless Agony","Footwork+1","Outmaneuver"],"max_hp_per_floor":[70,70,70,70,70,70,70,70,70,70,70,70,70,70,70,70],"relics":["Runic Pyramid","Vajra","Blood Vial","Regal Pillow","Bottled Tornado"],"card_choices":[{"not_picked":["Riddle With Holes","Dodge and Roll"],"picked":"Backflip","floor":1},{"not_picked":["Sucker Punch","Well Laid Plans"],"picked":"Blur","floor":3},{"not_picked":["Cloak And Dagger","Skewer"],"picked":"Dagger Spray","floor":5},{"not_picked":["Deflect","Riddle With Holes"],"picked":"Endless Agony","floor":6},{"not_picked":["Poisoned Stab","Quick Slash"],"picked":"Footwork","floor":7},{"not_picked":["Eviscerate","Bane","PiercingWail"],"picked":"SKIP","floor":10},{"not_picked":["Dagger Spray","Crippling Poison","Choke"],"picked":"SKIP","floor":12},{"not_picked":["Deflect","PiercingWail"],"picked":"Outmaneuver","floor":14}],"player_experience":261324,"potions_floor_usage":[6,12,14],"damage_taken":[{"damage":10,"enemies":"Small Slimes","floor":1,"turns":5},{"damage":0,"enemies":"Cultist","floor":3,"turns":5},{"damage":7,"enemies":"Jaw Worm","floor":5,"turns":5},{"damage":26,"enemies":"Gremlin Nob","floor":6,"turns":5},{"damage":1,"enemies":"Looter","floor":7,"turns":4},{"damage":17,"enemies":"Exordium Wildlife","floor":10,"turns":6},{"damage":20,"enemies":"Lagavulin","floor":12,"turns":10},{"damage":11,"enemies":"Exordium Thugs","floor":14,"turns":5},{"damage":70,"enemies":"Hexaghost","floor":16,"turns":17}],"relics_obtained":[{"floor":6,"key":"Blood Vial"},{"floor":9,"key":"Regal Pillow"},{"floor":12,"key":"Bottled Tornado"}],"event_choices":[{"event_name":"Golden Shrine","player_choice":"Pray","floor":2,"damage_taken":0},{"event_name":"Scrap Ooze","player_choice":"success","floor":4,"damage_taken":3},{"event_name":"The Cleric","player_choice":"Healed","floor":8,"damage_taken":0}],"boss_relics":[],"items_purged_floors":[],"potions_floor_spawned":[3,5,7,12],"seed_played":"5392250157895957974","killed_by":"Hexaghost","ascension_level":10,"potions_obtained":[{"floor":3,"key":"SkillPotion"},{"floor":5,"key":"Swift Potion"},{"floor":7,"key":"Swift Potion"},{"floor":12,"key":"Ancient Potion"}],"is_trial":false}