{"gold_per_floor":[111,130,130,55,74,104,104,121,121,121,121,131,145,145,145,246,246,264,363,382,282,309,309,334,334,359,359,385,385,21,21,21,121,121,139,361,436,252,262,296,326,23,23,49,66,80,80,129,129,129],"floor_reached":51,"playtime":1320,"items_purged":["Defend_B","Strike_B","Strike_B","Writhe","Writhe"],"score":844,"play_id":"acfb8bd6-42bc-4fd3-a1f4-77ac2b59b99b","local_time":"20190426064722","is_ascension_mode":false,"campfire_choices":[{"data":"Defragment","floor":7.0,"key":"SMITH"},{"data":"Zap","floor":10.0,"key":"SMITH"},{"data":"Go for the Eyes","floor":15.0,"key":"SMITH"},{"floor":23.0,"key":"REST"},{"floor":25.0,"key":"REST"},{"floor":27.0,"key":"REST"},{"floor":29.0,"key":"REST"},{"floor":32.0,"key":"REST"},{"floor":49,"key":"REST"}],"neow_cost":"NONE","seed_source_timestamp":6612678458554,"circlet_count":0,"master_deck":["Strike_B","Strike_B","Defend_B","Defend_B+1","Defend_B","Zap+1","Dualcast+1","Conserve Battery","Ball Lightning","Seek+1","Defragment+1","Go for the Eyes+1","Self Repair","Electrodynamics","Cold Snap+1","Leap+1","Beam Cell+1","Defragment","Injury","Consume+1","Capacitor+1","Coolheaded+1","Compile Driver+1","Go for the Eyes+1","Ball Lightning+1"],"special_seed":0,"relics":["Cracked Core","NeowsBlessing","Strawberry","Centennial Puzzle","Singing Bowl","Fusion Hammer","Red Mask","Molten Egg 2","Lantern","Happy Flower","Frozen Egg 2","Enchiridion","Calling Bell","DataDisk","Meat on the Bone","WingedGreaves","Matryoshka","Bottled Flame","War Paint","Kunai","Dodecahedron","Blue Candle","Ginger","Pocketwatch"],"potions_floor_usage":[48,50,50],"damage_taken":[{"damage":0.0,"enemies":"2 Louse","floor":1.0,"turns":1.0},{"damage":0.0,"enemies":"Cultist","floor":2.0,"turns":1.0},{"damage":0.0,"enemies":"Jaw Worm","floor":5.0,"turns":1.0},{"damage":23.0,"enemies":"3 Sentries","floor":6.0,"turns":6.0},{"damage":0.0,"enemies":"Blue Slaver","floor":8.0,"turns":3.0},{"damage":2.0,"enemies":"Looter","floor":12.0,"turns":3.0},{"damage":0.0,"enemies":"Large Slime","floor":13.0,"turns":4.0},{"damage":19.0,"enemies":"The Guardian","floor":16.0,"turns":9.0},{"damage":5.0,"enemies":"Spheric Guardian","floor":18.0,"turns":3.0},{"damage":3.0,"enemies":"Chosen","floor":20.0,"turns":3.0},{"damage":0.0,"enemies":"Masked Bandits","floor":22.0,"turns":1.0},{"damage":4.0,"enemies":"Gremlin Leader","floor":24.0,"turns":5.0},{"damage":16.0,"enemies":"Book of Stabbing","floor":28.0,"turns":5.0},{"damage":13.0,"enemies":"Champ","floor":33.0,"turns":9.0},{"damage":0.0,"enemies":"Orb Walker","floor":35.0,"turns":4.0},{"damage":0.0,"enemies":"3 Darklings","floor":39.0,"turns":3.0},{"damage":22.0,"enemies":"Nemesis","floor":40.0,"turns":7.0},{"damage":21.0,"enemies":"Giant Head","floor":41.0,"turns":8.0},{"damage":0.0,"enemies":"Reptomancer","floor":44.0,"turns":6.0},{"damage":0,"enemies":"Jaw Worm Horde","floor":45,"turns":3},{"damage":0,"enemies":"Transient","floor":46,"turns":5},{"damage":5,"enemies":"2 Orb Walkers","floor":48,"turns":2},{"damage":19,"enemies":"Time Eater","floor":50,"turns":8}],"seed_played":"-3145235136898299815","potions_obtained":[{"floor":2.0,"key":"Ancient Potion"},{"floor":5.0,"key":"Weak Potion"},{"floor":13.0,"key":"LiquidBronze"},{"floor":16.0,"key":"FocusPotion"},{"floor":20.0,"key":"Swift Potion"},{"floor":28.0,"key":"AttackPotion"},{"floor":39.0,"key":"Swift Potion"},{"floor":44.0,"key":"Dexterity Potion"}],"is_trial":false,"path_per_floor":["M","M","?","$","M","E","R","M","T","R","?","M","M","T","R","B",null,"M","?","M","$","?","R","E","R","T","R","E","R","$","?","R","B",null,"M","?","?","$","M","E","E","$","T","E","M","M","T","?","R","B",null],"character_chosen":"DEFECT","items_purchased":["Frozen Egg 2","Capacitor+1","FocusPotion","SkillPotion"],"campfire_rested":6,"item_purchase_floors":[30,38,42,42],"current_hp_per_floor":[75,75,75,75,75,59,59,59,59,59,59,57,64,64,64,52,82,82,82,84,84,84,84,84,84,84,84,75,84,84,68,84,80,86,86,86,78,78,80,67,53,53,53,60,62,69,69,71,92,80],"gold":129,"neow_bonus":"THREE_ENEMY_KILL","is_prod":false,"is_daily":false,"chose_seed":false,"campfire_upgraded":3,"win_rate":0,"timestamp":1556282842,"path_taken":["M","M","?","$","?","E","R","M","T","R","?","M","M","?","R","BOSS","M","?","M","$","?","R","E","R","T","R","E","R","$","?","R","BOSS","M","?","?","$","M","E","E","$","T","E","M","?","?","?","R","BOSS"],"build_version":"2019-01-23","purchased_purges":5,"victory":true,"max_hp_per_floor":[75,75,75,75,75,82,82,82,82,82,82,82,82,82,82,82,82,82,82,84,84,84,84,84,84,84,84,84,84,84,84,84,86,86,86,86,86,86,88,90,90,90,90,90,92,92,92,92,92,92],"card_choices":[{"not_picked":["Leap","Capacitor"],"picked":"Conserve Battery","floor":1.0},{"not_picked":["Conserve Battery","Streamline"],"picked":"Ball Lightning","floor":2.0},{"not_picked":["Leap","Genetic Algorithm"],"picked":"Seek","floor":5.0},{"not_picked":["Rebound","Rip and Tear"],"picked":"Defragment","floor":6.0},{"not_picked":["Sweeping Beam","Recycle"],"picked":"Go for the Eyes","floor":8.0},{"not_picked":["Go for the Eyes","Redo"],"picked":"Self Repair","floor":12.0},{"not_picked":["Gash","Recycle","Streamline"],"picked":"SKIP","floor":13.0},{"not_picked":["Amplify","Core Surge"],"picked":"Electrodynamics","floor":16.0},{"not_picked":["Aggregate","Gash"],"picked":"Cold Snap+1","floor":18.0},{"not_picked":["Sweeping Beam","Heatsinks","Coolheaded"],"picked":"Singing Bowl","floor":20.0},{"not_picked":["Hologram","Steam Power"],"picked":"Leap+1","floor":22.0},{"not_picked":["Rebound","Glacier"],"picked":"Beam Cell","floor":24.0},{"not_picked":["Compile Driver+1","Coolheaded"],"picked":"Defragment","floor":28.0},{"not_picked":["Hyperbeam+1","Multi-Cast","Fission"],"picked":"Singing Bowl","floor":33.0},{"not_picked":["Coolheaded+1","Conserve Battery"],"picked":"Consume+1","floor":35.0},{"not_picked":["Go for the Eyes+1","Conserve Battery","Sweeping Beam+1"],"picked":"Singing Bowl","floor":39.0},{"not_picked":["Chaos","Recycle","Streamline+1"],"picked":"Singing Bowl","floor":40.0},{"not_picked":["Leap+1","Consume+1"],"picked":"Coolheaded+1","floor":41.0},{"not_picked":["Barrage+1","Turbo"],"picked":"Compile Driver+1","floor":44.0},{"not_picked":["Streamline+1","Barrage+1","Multi-Cast"],"picked":"Singing Bowl","floor":45},{"not_picked":["Beam Cell+1","Barrage+1"],"picked":"Go for the Eyes+1","floor":46},{"not_picked":["Cold Snap+1","Beam Cell+1"],"picked":"Ball Lightning+1","floor":48}],"player_experience":1308743,"relics_obtained":[{"floor":6.0,"key":"Strawberry"},{"floor":9.0,"key":"Centennial Puzzle"},{"floor":14.0,"key":"Singing Bowl"},{"floor":22.0,"key":"Red Mask"},{"floor":24.0,"key":"Molten Egg 2"},{"floor":26.0,"key":"Lantern"},{"floor":28.0,"key":"Happy Flower"},{"floor":31.0,"key":"Enchiridion"},{"floor":34.0,"key":"DataDisk"},{"floor":34.0,"key":"Meat on the Bone"},{"floor":34.0,"key":"WingedGreaves"},{"floor":40.0,"key":"Matryoshka"},{"floor":41.0,"key":"Bottled Flame"},{"floor":43.0,"key":"War Paint"},{"floor":43.0,"key":"Kunai"},{"floor":44.0,"key":"Dodecahedron"},{"floor":47,"key":"Blue Candle"},{"floor":47,"key":"Ginger"},{"floor":48,"key":"Pocketwatch"}],"event_choices":[{"damage_healed":0.0,"max_hp_gain":0.0,"max_hp_loss":0.0,"gold_gain":0.0,"event_name":"NoteForYourself","player_choice":"Ignored","floor":3.0,"gold_loss":0.0,"damage_taken":0.0},{"damage_healed":0.0,"max_hp_gain":0.0,"max_hp_loss":0.0,"gold_gain":0.0,"event_name":"Living Wall","player_choice":"Grow","floor":11.0,"gold_loss":0.0,"damage_taken":0.0,"cards_upgraded":["Dualcast"]},{"damage_healed":0.0,"max_hp_gain":0.0,"max_hp_loss":0.0,"gold_gain":99.0,"event_name":"Nest","player_choice":"Stole From Cult","floor":19.0,"gold_loss":0.0,"damage_taken":0.0},{"damage_healed":0.0,"max_hp_gain":0.0,"max_hp_loss":0.0,"gold_gain":0.0,"event_name":"Masked Bandits","player_choice":"Fought Bandits","floor":22.0,"gold_loss":0.0,"damage_taken":0.0},{"damage_healed":0.0,"max_hp_gain":0.0,"max_hp_loss":0.0,"gold_gain":0.0,"event_name":"Cursed Tome","player_choice":"Obtained Book","floor":31.0,"gold_loss":0.0,"damage_taken":16.0},{"damage_healed":0.0,"max_hp_gain":0.0,"max_hp_loss":0.0,"gold_gain":222.0,"event_name":"Tomb of Lord Red Mask","player_choice":"Wore Mask","floor":36.0,"gold_loss":0.0,"damage_taken":0.0},{"damage_healed":0.0,"max_hp_gain":0.0,"max_hp_loss":0.0,"gold_gain":75.0,"event_name":"FaceTrader","player_choice":"Touch","floor":37.0,"gold_loss":0.0,"damage_taken":8.0},{"damage_healed":0,"gold_gain":0,"player_choice":"Fight","damage_taken":0,"max_hp_gain":0,"max_hp_loss":0,"event_name":"Mysterious Sphere","floor":48,"gold_loss":0}],"is_beta":false,"boss_relics":[{"not_picked":["Empty Cage","Runic Pyramid"],"picked":"Fusion Hammer"},{"not_picked":["White Beast Statue","FrozenCore"],"picked":"Calling Bell"}],"items_purged_floors":[4,21,30,38,42],"is_endless":false,"potions_floor_spawned":[2,5,13,16,20,28,39,44,46],"ascension_level":0}