{"gold_per_floor":[129,141,153,183,195,157,186,198,210,222,262,274,301,347,359,475,487,515,273,286,286,298,298,298],"floor_reached":24,"playtime":926,"items_purged":[],"score":326,"play_id":"5b49ffb5-40cc-4817-a183-2f9b9bee4599","local_time":"20190117173326","is_ascension_mode":true,"campfire_choices":[{"data":"Bash","floor":8,"key":"SMITH"},{"data":"Carnage","floor":15,"key":"SMITH"},{"floor":23,"key":"REST"}],"neow_cost":"NONE","seed_source_timestamp":1987791960869667,"circlet_count":0,"master_deck":["AscendersBane","Strike_R","Strike_R","Strike_R","Strike_R","Defend_R","Defend_R","Defend_R","Defend_R","Bash+1","Battle Trance","Clash","Carnage+1","Body Slam+1","Pommel Strike","Writhe"],"relics":["Black Blood","MawBank","Vajra","Pen Nib","Happy Flower","Ornamental Fan","Gremlin Horn","Mummified Hand"],"potions_floor_usage":[11,18,22,22,22,24],"damage_taken":[{"damage":12,"enemies":"Jaw Worm","floor":1,"turns":3},{"damage":6,"enemies":"Cultist","floor":4,"turns":3},{"damage":0,"enemies":"2 Louse","floor":7,"turns":4},{"damage":10,"enemies":"Lagavulin","floor":11,"turns":3},{"damage":13,"enemies":"Blue Slaver","floor":13,"turns":2},{"damage":25,"enemies":"3 Sentries","floor":14,"turns":6},{"damage":29,"enemies":"Hexaghost","floor":16,"turns":7},{"damage":7,"enemies":"Chosen","floor":18,"turns":3},{"damage":35,"enemies":"3 Byrds","floor":20,"turns":6},{"damage":35,"enemies":"Shelled Parasite and Fungi","floor":22,"turns":5},{"damage":60,"enemies":"Gremlin Leader","floor":24,"turns":5}],"seed_played":"-461929971504469744","potions_obtained":[{"floor":1,"key":"Poison Potion"},{"floor":4,"key":"Swift Potion"},{"floor":7,"key":"Energy Potion"},{"floor":14,"key":"SteroidPotion"},{"floor":18,"key":"EntropicBrew"}],"is_trial":false,"path_per_floor":["M","?","?","M","$","?","M","R","T","T","E","?","M","E","R","B",null,"M","$","M","?","M","R","E"],"character_chosen":"IRONCLAD","items_purchased":["Gremlin Horn"],"campfire_rested":1,"item_purchase_floors":[19],"current_hp_per_floor":[66,71,85,85,85,85,85,85,85,85,81,81,74,55,55,32,72,75,75,50,50,25,50,0],"gold":298,"neow_bonus":"RANDOM_COMMON_RELIC","is_prod":false,"is_daily":false,"chose_seed":false,"campfire_upgraded":2,"win_rate":0,"timestamp":1547746406,"path_taken":["M","?","?","?","?","?","M","R","T","?","E","?","M","E","R","BOSS","M","$","M","?","M","R","E"],"build_version":"2019-01-10","purchased_purges":0,"victory":false,"max_hp_per_floor":[80,85,85,85,85,85,85,85,85,85,85,85,85,85,85,85,85,85,85,85,85,85,85,85],"card_choices":[{"not_picked":["Body Slam","Heavy Blade"],"picked":"Battle Trance","floor":1},{"not_picked":["Flex","Bloodletting"],"picked":"Clash","floor":4},{"not_picked":["Flex","Headbutt"],"picked":"Carnage","floor":7},{"not_picked":["Armaments","Anger"],"picked":"Body Slam","floor":11},{"not_picked":["Flex","Evolve","Perfected Strike"],"picked":"SKIP","floor":13},{"not_picked":["Warcry","Flex","Feel No Pain"],"picked":"SKIP","floor":14},{"not_picked":["Perfected Strike","Havoc","True Grit"],"picked":"SKIP","floor":18},{"not_picked":["Flex","Sever Soul"],"picked":"Pommel Strike","floor":20},{"not_picked":["Flex","Perfected Strike","Heavy Blade"],"picked":"SKIP","floor":22}],"player_experience":392279,"relics_obtained":[{"floor":9,"key":"Vajra"},{"floor":10,"key":"Pen Nib"},{"floor":11,"key":"Happy Flower"},{"floor":14,"key":"Ornamental Fan"}],"event_choices":[{"damage_healed":0,"gold_gain":0,"player_choice":"Donut","damage_taken":0,"max_hp_gain":5,"max_hp_loss":0,"event_name":"Big Fish","floor":2,"gold_loss":0},{"damage_healed":14,"gold_gain":0,"player_choice":"Full Heal","damage_taken":0,"max_hp_gain":0,"max_hp_loss":0,"event_name":"Wheel of Change","floor":3,"gold_loss":0},{"cards_removed":["Strike_R"],"damage_healed":0,"gold_gain":0,"player_choice":"Card Removal","damage_taken":0,"max_hp_gain":0,"max_hp_loss":0,"event_name":"The Cleric","floor":6,"gold_loss":50},{"damage_healed":0,"gold_gain":0,"player_choice":"Forge","damage_taken":0,"max_hp_gain":0,"max_hp_loss":0,"event_name":"Accursed Blacksmith","floor":12,"gold_loss":0,"cards_upgraded":["Body Slam"]},{"damage_healed":0,"gold_gain":0,"player_choice":"Opened","damage_taken":0,"relics_obtained":["Mummified Hand"],"max_hp_gain":0,"max_hp_loss":0,"event_name":"The Mausoleum","floor":21,"gold_loss":0,"cards_obtained":["Writhe"]}],"is_beta":false,"boss_relics":[{"not_picked":["Tiny House","Lizard Tail"],"picked":"Black Blood"}],"items_purged_floors":[],"is_endless":false,"potions_floor_spawned":[1,4,7,14,18],"killed_by":"Gremlin Leader","ascension_level":12}