{"path_per_floor":["M","?","?","M","M","R","E","R","T","M","M","R","M","?","R","B",null,"M","?","$","M","$","R","E","R","T","?","R","E","?","E","R","B",null,"M","M","?","$","?","R","E","R","T","R","M","M","E","?","R","B"],"character_chosen":"THE_SILENT","items_purchased":["Apotheosis","Mango"],"gold_per_floor":[113,113,113,126,138,138,172,172,226,240,258,258,271,221,221,324,324,344,259,4,14,14,14,49,49,49,49,49,77,77,107,107,204,204,223,243,243,13,13,13,45,45,45,45,59,71,106,106,106,106],"floor_reached":51,"campfire_rested":9,"playtime":3100,"current_hp_per_floor":[63,30,30,30,30,51,20,41,41,35,44,44,44,44,65,55,66,60,60,60,52,52,52,30,51,51,51,70,58,70,40,61,38,62,41,39,39,53,42,67,59,84,84,84,77,44,43,43,68,51],"items_purged":["Strike_G"],"gold":106,"score":784,"play_id":"ef4a18db-60aa-42f0-aa62-904a9739ed99","is_prod":false,"is_daily":false,"is_ascension_mode":true,"campfire_upgraded":3,"path_taken":["M","?","?","?","?","R","E","R","T","M","M","R","M","?","R","BOSS","M","?","$","M","$","R","E","R","T","?","R","E","?","E","R","BOSS","M","M","?","$","?","R","E","R","T","R","M","M","E","?","R","BOSS"],"build_version":"2018-02-22-PROD2","purchased_purges":1,"victory":true,"master_deck":["Defend_G","Defend_G","Defend_G","Defend_G+1","Defend_G","Strike_G","Strike_G","Survivor","Neutralize+1","Venomology","Backstab","Footwork+1","Deadly Poison+1","Acrobatics","A Thousand Cuts+1","Noxious Fumes+1","Apotheosis+1","Caltrops+1","Burst","Well Laid Plans+1","Madness+1","Madness+1","After Image+1","Deadly Poison","Catalyst+1"],"max_hp_per_floor":[70,70,70,70,70,70,70,70,70,70,70,70,70,70,70,70,70,70,70,70,70,70,70,70,70,70,70,70,70,70,70,70,70,70,70,70,70,84,84,84,84,84,84,84,84,84,84,84,84,84],"relics":["Ring of the Snake","Frozen Egg 2","Ice Cream","Snake Skull","Black Star","Meat on the Bone","Dodecahedron","The Courier","Ginger","Nloth\u0027s Gift","Shuriken","Ninja Scroll","Tingsha","Torii","The Specimen","Mango","Blood Vial","Ancient Tea Set","Sundial","War Paint","Bronze Scales"],"card_choices":[{"not_picked":["PiercingWail","Leg Sweep"],"picked":"Venomology"},{"not_picked":["Quick Slash","Sucker Punch"],"picked":"Backstab"},{"not_picked":["PiercingWail","Sucker Punch"],"picked":"Footwork"},{"not_picked":["Bane","Dagger Spray"],"picked":"Deadly Poison"},{"not_picked":["Masterful Stab","Underhanded Strike"],"picked":"Acrobatics"},{"not_picked":["Storm of Steel","Unload"],"picked":"A Thousand Cuts"},{"not_picked":["Finisher","Deflect"],"picked":"Noxious Fumes"},{"not_picked":["Terror","Blade Dance"],"picked":"Caltrops"},{"not_picked":["Grand Finale","Storm of Steel"],"picked":"Burst"},{"not_picked":["Dagger Spray","Underhanded Strike"],"picked":"Well Laid Plans"},{"not_picked":["Escape Plan","Acrobatics"],"picked":"After Image"},{"not_picked":["Accuracy","Dagger Throw"],"picked":"Deadly Poison"},{"not_picked":["Skewer","Choke"],"picked":"Catalyst"}],"player_experience":160947,"potions_floor_usage":[7,11,11,13,16,16,18,21,21,24,24,24,29,31,31,33,33,36,41,45,45,47,50,50,50],"damage_taken":[{"damage":0,"enemies":"Cultist","floor":1,"turns":1},{"damage":0,"enemies":"Small Slimes","floor":4,"turns":1},{"damage":0,"enemies":"2 Louse","floor":5,"turns":1},{"damage":31,"enemies":"Lagavulin","floor":7,"turns":8},{"damage":6,"enemies":"Exordium Wildlife","floor":10,"turns":10},{"damage":0,"enemies":"Looter","floor":11,"turns":3},{"damage":0,"enemies":"Lots of Slimes","floor":13,"turns":2},{"damage":10,"enemies":"The Guardian","floor":16,"turns":12},{"damage":6,"enemies":"Chosen","floor":18,"turns":6},{"damage":8,"enemies":"Shell Parasite","floor":21,"turns":6},{"damage":49,"enemies":"Slavers","floor":24,"turns":6},{"damage":12,"enemies":"Book of Stabbing","floor":29,"turns":6},{"damage":56,"enemies":"Gremlin Leader","floor":31,"turns":6},{"damage":23,"enemies":"Collector","floor":33,"turns":8},{"damage":21,"enemies":"Orb Walker","floor":35,"turns":5},{"damage":14,"enemies":"3 Darklings","floor":36,"turns":5},{"damage":8,"enemies":"Nemesis","floor":41,"turns":9},{"damage":7,"enemies":"Sphere and 2 Shapes","floor":45,"turns":5},{"damage":35,"enemies":"4 Shapes","floor":46,"turns":7},{"damage":3,"enemies":"Giant Head","floor":47,"turns":10},{"damage":46,"enemies":"Time Eater","floor":50,"turns":7}],"event_choices":[{"event_name":"Scrap Ooze","player_choice":"success","floor":2,"damage_taken":33},{"event_name":"Living Wall","player_choice":"Grow","floor":3,"damage_taken":0},{"event_name":"The Cleric","player_choice":"Card Removal","floor":14,"damage_taken":0},{"event_name":"Addict","player_choice":"Obtained Relic","floor":19,"damage_taken":0},{"event_name":"N\u0027loth","player_choice":"Traded a NeowsBlessing","floor":27,"damage_taken":0},{"event_name":"Wheel of Change","player_choice":"Full Heal","floor":30,"damage_taken":0},{"event_name":"Winding Halls","player_choice":"Embrace Madness","floor":39,"damage_taken":0},{"event_name":"Mysterious Sphere","player_choice":"Ignore","floor":48,"damage_taken":0}],"boss_relics":[{"not_picked":["Calling Bell","White Beast Statue"],"picked":"Black Star"},{"not_picked":["Astrolabe","Velvet Choker"],"picked":"The Specimen"}],"potions_floor_spawned":[4,10,13,16,24,31,36,41,47],"seed_played":"1974668345971442859","ascension_level":6,"is_trial":false}