{"path_per_floor":["M","?","?","$","?","R","$","M","T","M","?","M","M","M","R","B",null,"M","M","?","?"],"character_chosen":"IRONCLAD","items_purchased":["Paper Frog"],"gold_per_floor":[112,112,112,37,37,37,37,52,52,65,240,254,266,278,278,380,380,395,375,275,275],"floor_reached":22,"campfire_rested":1,"playtime":1119,"current_hp_per_floor":[80,80,62,62,62,62,62,67,67,68,68,58,60,66,83,49,86,80,70,70,70],"items_purged":["Strike_R"],"gold":23,"score":176,"play_id":"acffb283-00d9-4c43-a29d-b17c9e21e00f","is_prod":false,"is_daily":false,"is_ascension_mode":false,"campfire_upgraded":1,"path_taken":["M","?","?","?","?","R","$","M","T","M","?","M","M","?","R","BOSS","M","M","?","?","$"],"build_version":"2018-02-12-PROD1","purchased_purges":1,"victory":false,"master_deck":["Strike_R","Strike_R","Strike_R","Strike_R","Defend_R","Defend_R","Defend_R","Defend_R","Bash+1","Double Tap+1","True Grit","Feed","Doubt","Pummel","Fiend Fire","Infernal Blade","Shrug It Off","J.A.X.","Double Tap"],"max_hp_per_floor":[80,80,80,80,80,80,80,80,80,80,80,80,83,83,83,86,86,86,89,89,89],"relics":["Black Blood","Sundial","Lantern","Paper Frog"],"card_choices":[{"not_picked":["Cleave","Bloodletting"],"picked":"True Grit"},{"not_picked":["Flex","Rampage"],"picked":"Feed"},{"not_picked":["Warcry","Clothesline"],"picked":"Pummel"},{"not_picked":["Limit Break","Barricade"],"picked":"Fiend Fire"},{"not_picked":["Blood for Blood","Iron Wave"],"picked":"Infernal Blade"},{"not_picked":["Perfected Strike","Sword Boomerang"],"picked":"Shrug It Off"}],"player_experience":42850,"potions_floor_usage":[16,16,16],"damage_taken":[{"damage":5,"enemies":"Jaw Worm","floor":1,"turns":5},{"damage":1,"enemies":"Cultist","floor":8,"turns":3},{"damage":5,"enemies":"2 Louse","floor":10,"turns":3},{"damage":16,"enemies":"Large Slime","floor":12,"turns":6},{"damage":7,"enemies":"3 Louse","floor":13,"turns":4},{"damage":0,"enemies":"Looter","floor":14,"turns":4},{"damage":55,"enemies":"Hexaghost","floor":16,"turns":8},{"damage":16,"enemies":"Chosen","floor":18,"turns":5},{"damage":23,"enemies":"2 Thieves","floor":19,"turns":4}],"event_choices":[{"event_name":"The Woman in Blue","player_choice":"Bought 0 Potions","floor":2,"damage_taken":0},{"event_name":"Scrap Ooze","player_choice":"success","floor":3,"damage_taken":18},{"event_name":"Upgrade Shrine","player_choice":"Upgraded","floor":5,"damage_taken":0},{"event_name":"Liars Game","player_choice":"agreed","floor":11,"damage_taken":0},{"event_name":"Drug Dealer","player_choice":"Got JAXXED","floor":20,"damage_taken":0},{"event_name":"Match and Keep!","player_choice":"1 cards matched","floor":21,"damage_taken":0}],"boss_relics":[{"not_picked":["Orrery","Tiny House"],"picked":"Black Blood"}],"potions_floor_spawned":[8,13,14,16,19],"seed_played":"3513485492124569550","ascension_level":0,"is_trial":false}