{"gold_per_floor":[99,23,23,23,23,23,23,23,23,23,23,23,23,23,23,23,23,0,0,0,0,0,0],"floor_reached":23,"playtime":594,"items_purged":[],"score":353,"play_id":"8c1d0cb2-d631-4132-808f-21e9a1eb9866","local_time":"20190429144636","is_ascension_mode":true,"campfire_choices":[{"data":"Defend_R","floor":6,"key":"SMITH"},{"floor":8,"key":"REST"},{"data":"Flame Barrier","floor":12,"key":"SMITH"},{"data":"Second Wind","floor":15,"key":"SMITH"}],"neow_cost":"NONE","seed_source_timestamp":3635749149215228,"circlet_count":0,"master_deck":["AscendersBane","Strike_R","Strike_R","Strike_R","Strike_R","Defend_R","Defend_R","Defend_R","Defend_R+1","Bash","Pummel","Rampage","Flame Barrier+1","Headbutt","Second Wind+1","Clash","Bludgeon"],"relics":["Ectoplasm","Bronze Scales","Happy Flower","Golden Idol","Mark of Pain"],"potions_floor_usage":[20,23],"damage_taken":[{"damage":1,"enemies":"Cultist","floor":1,"turns":3},{"damage":7,"enemies":"Jaw Worm","floor":3,"turns":3},{"damage":4,"enemies":"Small Slimes","floor":4,"turns":3},{"damage":11,"enemies":"Blue Slaver","floor":5,"turns":4},{"damage":6,"enemies":"Lots of Slimes","floor":11,"turns":4},{"damage":4,"enemies":"2 Fungi Beasts","floor":14,"turns":2},{"damage":13,"enemies":"Hexaghost","floor":16,"turns":9},{"damage":7,"enemies":"2 Thieves","floor":18,"turns":4},{"damage":20,"enemies":"Spheric Guardian","floor":20,"turns":4},{"damage":29,"enemies":"Slavers","floor":23,"turns":2}],"seed_played":"5726448716218241579","potions_obtained":[{"floor":1,"key":"Poison Potion"},{"floor":3,"key":"SmokeBomb"},{"floor":16,"key":"GamblersBrew"},{"floor":20,"key":"PowerPotion"}],"is_trial":false,"path_per_floor":["M","$","M","M","M","R","?","R","T","?","M","R","?","M","R","B",null,"M","?","M","$","?","E"],"character_chosen":"IRONCLAD","items_purchased":["Rampage"],"campfire_rested":1,"item_purchase_floors":[2],"current_hp_per_floor":[67,67,60,56,45,45,19,41,41,41,35,35,35,31,31,18,56,49,49,29,29,29,0],"gold":0,"neow_bonus":"BOSS_RELIC","is_prod":false,"is_daily":false,"chose_seed":false,"campfire_upgraded":3,"win_rate":0,"timestamp":1556545596,"path_taken":["M","?","M","M","M","R","?","R","T","?","M","R","?","M","R","BOSS","M","?","?","?","?","E"],"build_version":"2019-01-23","purchased_purges":0,"victory":false,"max_hp_per_floor":[75,75,75,75,75,75,75,75,75,68,68,68,68,68,68,68,68,68,68,68,68,68,68],"card_choices":[{"not_picked":["Rupture","Flex"],"picked":"Pummel","floor":1},{"not_picked":["Clash","Twin Strike","Fire Breathing"],"picked":"SKIP","floor":3},{"not_picked":["Clash","Rupture","Infernal Blade"],"picked":"SKIP","floor":4},{"not_picked":["Evolve","Blood for Blood"],"picked":"Flame Barrier","floor":5},{"not_picked":["Havoc","Carnage"],"picked":"Headbutt","floor":11},{"not_picked":["Hemokinesis","Wild Strike"],"picked":"Second Wind","floor":14},{"not_picked":["Pommel Strike","Blood for Blood"],"picked":"Clash","floor":18},{"not_picked":["Bloodletting+1","Burning Pact","Carnage"],"picked":"SKIP","floor":20}],"player_experience":726146,"relics_obtained":[{"floor":9,"key":"Happy Flower"}],"event_choices":[{"damage_healed":0,"gold_gain":0,"player_choice":"Success","damage_taken":26,"relics_obtained":["Bronze Scales"],"max_hp_gain":0,"max_hp_loss":0,"event_name":"Scrap Ooze","floor":7,"gold_loss":0},{"damage_healed":0,"gold_gain":0,"player_choice":"Lose Max HP","damage_taken":0,"relics_obtained":["Golden Idol"],"max_hp_gain":0,"max_hp_loss":7,"event_name":"Golden Idol","floor":10,"gold_loss":0},{"damage_healed":0,"gold_gain":0,"player_choice":"Leave","damage_taken":0,"max_hp_gain":0,"max_hp_loss":0,"event_name":"The Cleric","floor":13,"gold_loss":0},{"damage_healed":0,"gold_gain":0,"cards_transformed":["Strike_R"],"player_choice":"Transformed","damage_taken":0,"max_hp_gain":0,"max_hp_loss":0,"event_name":"Transmorgrifier","floor":19,"gold_loss":0,"cards_obtained":["Bludgeon"]},{"damage_healed":0,"gold_gain":0,"player_choice":"Ignored","damage_taken":0,"max_hp_gain":0,"max_hp_loss":0,"event_name":"Beggar","floor":22,"gold_loss":0}],"is_beta":false,"boss_relics":[{"not_picked":["Runic Dome","Calling Bell"],"picked":"Mark of Pain"}],"items_purged_floors":[],"is_endless":false,"potions_floor_spawned":[1,3,4,16,20],"killed_by":"Slavers","ascension_level":19}