{"gold_per_floor":[116,142,153,58,58,58,78,113,113,130,149,167,198,214,214,310,360,376,376,74,88,107,137,137,137,137,163,176,176,186,198,198,301,301,321,333,38,51,1,1],"floor_reached":40,"playtime":3826,"items_purged":["Defend_R","Inflame"],"score":564,"play_id":"e6eb53b6-ee94-4655-8059-85dab176171e","local_time":"20190108165402","is_ascension_mode":true,"campfire_choices":[{"data":"Shrug It Off","floor":6.0,"key":"SMITH"},{"data":"Sword Boomerang","floor":15,"key":"SMITH"},{"floor":25,"key":"REST"},{"data":"Offering","floor":29,"key":"SMITH"},{"floor":32,"key":"REST"}],"neow_cost":"TEN_PERCENT_HP_LOSS","seed_source_timestamp":0,"circlet_count":0,"master_deck":["Strike_R+1","Strike_R","Strike_R","Strike_R","Defend_R","Defend_R","Defend_R","Shrug It Off+1","Spot Weakness+1","Shrug It Off","Sword Boomerang","Thunderclap","Sword Boomerang+1","Headbutt","Headbutt","Cleave","Shrug It Off","Double Tap+1","Spot Weakness","Headbutt","Offering+1","Shrug It Off","Burning Pact","Pommel Strike+1","Thunderclap","Whirlwind"],"special_seed":0,"relics":["Burning Blood","Happy Flower","Bag of Marbles","Meat on the Bone","Potion Belt","Tiny House","Dream Catcher","Bottled Lightning","Mango","Orrery","Lee\u0027s Waffle"],"potions_floor_usage":[22,23,30,38,38,40,40,40,40,40,40,40,40,40],"damage_taken":[{"damage":0.0,"enemies":"Cultist","floor":1.0,"turns":5.0},{"damage":8.0,"enemies":"Jaw Worm","floor":3.0,"turns":4.0},{"damage":0.0,"enemies":"Small Slimes","floor":7.0,"turns":3.0},{"damage":0.0,"enemies":"Gremlin Nob","floor":8.0,"turns":3.0},{"damage":3.0,"enemies":"Red Slaver","floor":10.0,"turns":4.0},{"damage":2.0,"enemies":"Blue Slaver","floor":11.0,"turns":2.0},{"damage":0.0,"enemies":"Exordium Wildlife","floor":12.0,"turns":3.0},{"damage":14.0,"enemies":"3 Sentries","floor":13.0,"turns":3.0},{"damage":3.0,"enemies":"Looter","floor":14.0,"turns":2.0},{"damage":26,"enemies":"Slime Boss","floor":16,"turns":6},{"damage":7,"enemies":"Chosen","floor":18,"turns":4},{"damage":18,"enemies":"3 Byrds","floor":21,"turns":4},{"damage":21,"enemies":"Centurion and Healer","floor":22,"turns":4},{"damage":22,"enemies":"Gremlin Leader","floor":23,"turns":5},{"damage":17,"enemies":"Book of Stabbing","floor":27,"turns":3},{"damage":23,"enemies":"Snecko","floor":28,"turns":4},{"damage":12,"enemies":"Shelled Parasite and Fungi","floor":30,"turns":2},{"damage":13,"enemies":"Snake Plant","floor":31,"turns":2},{"damage":39,"enemies":"Champ","floor":33,"turns":5},{"damage":37,"enemies":"3 Darklings","floor":35,"turns":3},{"damage":21,"enemies":"3 Shapes","floor":36,"turns":3},{"damage":60,"enemies":"Maw","floor":38,"turns":9},{"damage":69,"enemies":"Giant Head","floor":40,"turns":6}],"seed_played":"-418222150940469607","potions_obtained":[{"floor":3.0,"key":"FearPotion"},{"floor":10.0,"key":"Swift Potion"},{"floor":12.0,"key":"PowerPotion"},{"floor":14.0,"key":"SpeedPotion"},{"floor":16,"key":"Explosive Potion"},{"floor":17,"key":"EntropicBrew"},{"floor":22,"key":"EssenceOfSteel"},{"floor":28,"key":"Block Potion"},{"floor":33,"key":"Weak Potion"},{"floor":38,"key":"Fire Potion"}],"is_trial":false,"path_per_floor":["M","T","M","$","?","R","M","E","T","M","M","M","E","M","R","B",null,"M","?","$","M","M","E","?","R","T","E","M","R","M","M","R","B",null,"M","M","$","M","$","E"],"character_chosen":"IRONCLAD","items_purchased":["Shrug It Off","Sword Boomerang","Offering","Inflame","Lee\u0027s Waffle","FearPotion"],"campfire_rested":2,"item_purchase_floors":[4,4,20,20,37,39],"current_hp_per_floor":[72,72,70,70,70,70,72,72,72,72,72,72,64,67,67,47,77,76,76,76,64,49,45,45,68,68,71,54,54,60,53,80,59,91,60,57,98,56,56,0],"gold":1,"neow_bonus":"REMOVE_TWO","is_prod":false,"is_daily":false,"chose_seed":false,"campfire_upgraded":3,"win_rate":0,"timestamp":1546966442,"path_taken":["M","?","M","$","?","R","M","E","T","M","M","M","E","M","R","BOSS","M","?","$","M","M","E","?","R","T","E","?","R","M","M","R","BOSS","M","M","$","M","$","E"],"build_version":"2019-01-03v4","purchased_purges":2,"victory":false,"max_hp_per_floor":[72,72,72,72,72,72,72,72,72,72,72,72,72,72,72,72,77,77,77,77,77,77,77,77,77,77,91,91,91,91,91,91,91,91,91,91,98,98,98,98],"card_choices":[{"not_picked":["Flame Barrier","Warcry"],"picked":"Shrug It Off","floor":1.0},{"not_picked":["Disarm","Shrug It Off"],"picked":"Spot Weakness","floor":3.0},{"not_picked":["Hemokinesis","Combust"],"picked":"Thunderclap","floor":7.0},{"not_picked":["Dropkick","Perfected Strike","Power Through"],"picked":"SKIP","floor":8.0},{"not_picked":["Body Slam","Shockwave"],"picked":"Sword Boomerang","floor":10.0},{"not_picked":["Bloodletting","Power Through"],"picked":"Headbutt","floor":11.0},{"not_picked":["Thunderclap","Iron Wave"],"picked":"Headbutt","floor":12.0},{"not_picked":["Warcry","Headbutt"],"picked":"Cleave","floor":13.0},{"not_picked":["Clash","Metallicize"],"picked":"Shrug It Off","floor":14.0},{"not_picked":["Fiend Fire","Demon Form"],"picked":"Double Tap","floor":16},{"not_picked":["Wild Strike","Shrug It Off"],"picked":"Spot Weakness","floor":17},{"not_picked":["Sword Boomerang","Clash","Clothesline"],"picked":"SKIP","floor":18},{"not_picked":["Pommel Strike","Perfected Strike"],"picked":"Shrug It Off","floor":21},{"not_picked":["Sword Boomerang","Searing Blow","Rupture"],"picked":"SKIP","floor":22},{"not_picked":["Iron Wave","Barricade","Blood for Blood"],"picked":"SKIP","floor":23},{"not_picked":["Warcry","Feel No Pain+1"],"picked":"Burning Pact","floor":25},{"not_picked":["Armaments","Clash","Iron Wave"],"picked":"SKIP","floor":27},{"not_picked":["Disarm","Iron Wave","Shrug It Off"],"picked":"SKIP","floor":28},{"not_picked":["Warcry","Disarm+1","Clash"],"picked":"SKIP","floor":30},{"not_picked":["Headbutt+1","Clash"],"picked":"Pommel Strike+1","floor":31},{"not_picked":["Wild Strike","Perfected Strike+1"],"picked":"Thunderclap","floor":34},{"not_picked":["Seeing Red","Inflame"],"picked":"Whirlwind","floor":34},{"not_picked":["Iron Wave","Anger+1","Heavy Blade+1"],"picked":"SKIP","floor":35},{"not_picked":["Dark Embrace","Infernal Blade","Wild Strike"],"picked":"SKIP","floor":36},{"not_picked":["Twin Strike+1","Cleave","Sever Soul"],"picked":"SKIP","floor":38}],"player_experience":74421,"relics_obtained":[{"floor":2.0,"key":"Happy Flower"},{"floor":8.0,"key":"Bag of Marbles"},{"floor":9.0,"key":"Meat on the Bone"},{"floor":13.0,"key":"Potion Belt"},{"floor":23,"key":"Dream Catcher"},{"floor":26,"key":"Bottled Lightning"},{"floor":27,"key":"Mango"}],"event_choices":[{"damage_healed":0.0,"max_hp_gain":0.0,"max_hp_loss":0.0,"gold_gain":0.0,"event_name":"Living Wall","player_choice":"Grow","floor":5.0,"gold_loss":0.0,"damage_taken":0.0,"cards_upgraded":["Spot Weakness"]},{"damage_healed":0,"gold_gain":0,"player_choice":"Read","damage_taken":0,"max_hp_gain":0,"max_hp_loss":0,"event_name":"The Library","floor":19,"gold_loss":0,"cards_obtained":["Headbutt"]},{"damage_healed":0,"gold_gain":0,"player_choice":"Forge","damage_taken":0,"max_hp_gain":0,"max_hp_loss":0,"event_name":"Accursed Blacksmith","floor":24,"gold_loss":0,"cards_upgraded":["Double Tap"]}],"is_beta":false,"boss_relics":[{"not_picked":["Fusion Hammer","Runic Cube"],"picked":"Tiny House"},{"not_picked":["Sozu","Black Star"],"picked":"Orrery"}],"items_purged_floors":[20,37],"is_endless":false,"potions_floor_spawned":[3,10,12,14,16,22,28,33,38],"killed_by":"Giant Head","ascension_level":2}