{"gold_per_floor":[110,122,122,122,122,122,142,67,67,86,110,28,41,41,41,41],"floor_reached":16,"playtime":386,"items_purged":["Pain"],"score":180,"play_id":"a7bab0ef-cff2-4eed-aa6b-0e86487226e8","local_time":"20190429171128","is_ascension_mode":true,"campfire_choices":[{"data":"Zap","floor":6,"key":"SMITH"},{"data":"Gash","floor":15,"key":"SMITH"}],"neow_cost":"NONE","seed_source_timestamp":3180038291867175,"circlet_count":0,"master_deck":["AscendersBane","Strike_B","Strike_B","Strike_B","Strike_B","Defend_B","Defend_B+1","Defend_B+1","Defend_B","Zap+1","Genetic Algorithm","All For One","White Noise","Conserve Battery","Gash+1"],"relics":["Philosopher\u0027s Stone","WarpedTongs","War Paint","Strawberry","GremlinMask"],"potions_floor_usage":[7,13],"damage_taken":[{"damage":0,"enemies":"Jaw Worm","floor":1,"turns":3},{"damage":5,"enemies":"Small Slimes","floor":2,"turns":3},{"damage":4,"enemies":"Cultist","floor":7,"turns":3},{"damage":2,"enemies":"Exordium Wildlife","floor":10,"turns":3},{"damage":0,"enemies":"Gremlin Gang","floor":13,"turns":3},{"damage":77,"enemies":"Hexaghost","floor":16,"turns":9}],"seed_played":"-4991290940244079882","potions_obtained":[{"floor":1,"key":"AttackPotion"},{"floor":7,"key":"SpeedPotion"}],"is_trial":false,"path_per_floor":["M","M","?","?","?","R","M","$","T","M","T","$","M","?","R","B"],"character_chosen":"DEFECT","items_purchased":["PowerPotion","Conserve Battery"],"campfire_rested":0,"item_purchase_floors":[12,12],"current_hp_per_floor":[64,59,52,71,71,71,67,67,67,65,72,72,72,72,72,0],"gold":41,"neow_bonus":"BOSS_RELIC","is_prod":false,"is_daily":false,"chose_seed":false,"campfire_upgraded":2,"win_rate":0,"timestamp":1556554288,"path_taken":["M","M","?","?","?","R","M","$","T","?","?","$","?","?","R","BOSS"],"build_version":"2019-01-23","purchased_purges":1,"victory":false,"max_hp_per_floor":[71,71,71,71,71,71,71,71,71,71,78,78,78,78,78,78],"card_choices":[{"not_picked":["Streamline","Leap"],"picked":"Genetic Algorithm","floor":1},{"not_picked":["Go for the Eyes","Compile Driver","Fusion"],"picked":"SKIP","floor":2},{"not_picked":["Steam","Hologram"],"picked":"All For One","floor":7},{"not_picked":["Steam","Streamline"],"picked":"White Noise","floor":10},{"not_picked":["Cold Snap","Beam Cell"],"picked":"Gash","floor":13}],"player_experience":258918,"relics_obtained":[{"floor":9,"key":"War Paint"},{"floor":11,"key":"Strawberry"}],"event_choices":[{"cards_removed":["Dualcast"],"damage_healed":0,"gold_gain":0,"player_choice":"Card Removal","damage_taken":7,"max_hp_gain":0,"max_hp_loss":0,"event_name":"Golden Wing","floor":3,"gold_loss":0},{"damage_healed":23,"gold_gain":0,"player_choice":"Banana","damage_taken":0,"max_hp_gain":0,"max_hp_loss":0,"event_name":"Big Fish","floor":4,"gold_loss":0},{"damage_healed":0,"gold_gain":0,"player_choice":"Rummage","damage_taken":0,"relics_obtained":["WarpedTongs"],"max_hp_gain":0,"max_hp_loss":0,"event_name":"Accursed Blacksmith","floor":5,"gold_loss":0,"cards_obtained":["Pain"]},{"damage_healed":0,"gold_gain":0,"player_choice":"Trade","damage_taken":0,"relics_obtained":["GremlinMask"],"max_hp_gain":0,"max_hp_loss":0,"event_name":"FaceTrader","floor":14,"gold_loss":0}],"is_beta":false,"boss_relics":[],"items_purged_floors":[8],"is_endless":false,"potions_floor_spawned":[1,7],"killed_by":"Hexaghost","ascension_level":20}