{"gold_per_floor":[109,34,113,126,139,139,158,158,170,182,194,13,48,48,48,48],"floor_reached":16,"playtime":606,"items_purged":["Doubt"],"score":167,"play_id":"625761d7-2d44-4c43-a76b-a85946485c0b","local_time":"20190120195502","is_ascension_mode":true,"campfire_choices":[{"floor":6,"key":"DIG"},{"floor":8,"key":"DIG"},{"floor":15,"key":"DIG"}],"neow_cost":"CURSE","seed_source_timestamp":1296182899936696,"circlet_count":0,"master_deck":["AscendersBane","Strike_B","Strike_B","Strike_B","Strike_B","Defend_B","Defend_B","Defend_B","Defend_B","Zap","Dualcast","FTL","Rip and Tear","Darkness","Go for the Eyes","Beam Cell","Seek","Self Repair"],"relics":["Cracked Core","Shovel","Dodecahedron","Bronze Scales","MawBank","Dead Branch","Mummified Hand","Thread and Needle","Frozen Egg 2"],"potions_floor_usage":[16],"damage_taken":[{"damage":1,"enemies":"Cultist","floor":1,"turns":4},{"damage":0,"enemies":"2 Louse","floor":4,"turns":2},{"damage":11,"enemies":"Small Slimes","floor":5,"turns":3},{"damage":9,"enemies":"Exordium Wildlife","floor":7,"turns":2},{"damage":23,"enemies":"3 Sentries","floor":13,"turns":6},{"damage":9,"enemies":"Slime Boss","floor":16,"turns":5}],"seed_played":"8210127150913225321","potions_obtained":[{"floor":7,"key":"Weak Potion"}],"is_trial":false,"path_per_floor":["M","$","T","M","M","R","M","R","T","?","?","$","E","?","R","B"],"character_chosen":"DEFECT","items_purchased":["Beam Cell","Seek"],"campfire_rested":0,"item_purchase_floors":[12,12],"current_hp_per_floor":[63,63,63,63,52,52,43,43,43,43,43,43,20,8,8,0],"gold":48,"neow_bonus":"ONE_RARE_RELIC","is_prod":false,"is_daily":false,"chose_seed":false,"campfire_upgraded":0,"win_rate":0,"timestamp":1548014102,"path_taken":["M","$","?","M","?","R","M","R","T","?","?","?","E","?","R","BOSS"],"build_version":"2019-01-17v2","purchased_purges":1,"victory":false,"max_hp_per_floor":[71,71,71,71,71,71,71,71,71,71,71,71,71,71,71,71],"card_choices":[{"not_picked":["Stack","Cold Snap"],"picked":"FTL","floor":1},{"not_picked":["Compile Driver","Leap"],"picked":"Rip and Tear","floor":4},{"not_picked":["Conserve Battery","Turbo"],"picked":"Darkness","floor":5},{"not_picked":["Leap","Streamline"],"picked":"Go for the Eyes","floor":7},{"not_picked":["Turbo","Static Discharge"],"picked":"Self Repair","floor":13}],"player_experience":151011,"relics_obtained":[{"floor":3,"key":"Dodecahedron"},{"floor":6,"key":"Bronze Scales"},{"floor":8,"key":"MawBank"},{"floor":9,"key":"Dead Branch"},{"floor":13,"key":"Mummified Hand"},{"floor":15,"key":"Frozen Egg 2"}],"event_choices":[{"damage_healed":0,"gold_gain":0,"player_choice":"Ignored","damage_taken":0,"max_hp_gain":0,"max_hp_loss":0,"event_name":"Golden Idol","floor":10,"gold_loss":0},{"damage_healed":0,"gold_gain":0,"player_choice":"Ignored","damage_taken":0,"max_hp_gain":0,"max_hp_loss":0,"event_name":"Liars Game","floor":11,"gold_loss":0},{"damage_healed":0,"gold_gain":0,"player_choice":"Success","damage_taken":12,"relics_obtained":["Thread and Needle"],"max_hp_gain":0,"max_hp_loss":0,"event_name":"Scrap Ooze","floor":14,"gold_loss":0}],"is_beta":false,"boss_relics":[],"items_purged_floors":[2],"is_endless":false,"potions_floor_spawned":[7],"killed_by":"Slime Boss","ascension_level":14}