{"gold_per_floor":[114,64,81,99,109,109,42,42,42,59,59,79,154,154,154,258,258],"floor_reached":17,"playtime":478,"items_purged":[],"score":147,"play_id":"f0af4389-028b-4671-8624-47a548ca8dd6","local_time":"20180917140406","is_ascension_mode":false,"campfire_choices":[{"data":"Armaments","floor":6,"key":"SMITH"},{"data":"Exhume","floor":8,"key":"SMITH"},{"data":"Battle Trance","floor":11,"key":"SMITH"},{"data":"Combust","floor":15,"key":"SMITH"}],"neow_cost":"","seed_source_timestamp":261871259198765,"circlet_count":0,"master_deck":["Strike_R","Strike_R","Strike_R","Strike_R","Defend_R","Defend_R","Defend_R","Defend_R","Bash","Uppercut","Clash","Exhume+1","Armaments+1","Battle Trance+1","Combust+1","Bludgeon"],"relics":["Burning Blood","Kunai"],"potions_floor_usage":[16],"damage_taken":[{"damage":10,"enemies":"Jaw Worm","floor":1,"turns":4},{"damage":0,"enemies":"2 Louse","floor":3,"turns":3},{"damage":0,"enemies":"Cultist","floor":4,"turns":3},{"damage":7,"enemies":"Looter","floor":5,"turns":3},{"damage":1,"enemies":"2 Fungi Beasts","floor":10,"turns":3},{"damage":3,"enemies":"Blue Slaver","floor":12,"turns":4},{"damage":22,"enemies":"Slime Boss","floor":16,"turns":8}],"seed_played":"3309689874032715076","potions_obtained":[{"floor":1,"key":"SkillPotion"},{"floor":5,"key":"Block Potion"},{"floor":10,"key":"Regen Potion"},{"floor":16,"key":"Swift Potion"}],"is_trial":false,"path_per_floor":["M","?","M","M","M","R","$","R","T","M","R","M","?","T","R","B"],"character_chosen":"IRONCLAD","items_purchased":["Battle Trance"],"campfire_rested":0,"item_purchase_floors":[7],"current_hp_per_floor":[76,76,80,80,79,79,79,79,79,80,80,80,69,69,69,53,53],"gold":258,"neow_bonus":"","is_prod":false,"is_daily":false,"chose_seed":false,"campfire_upgraded":4,"win_rate":0,"timestamp":1537189446,"path_taken":["M","?","M","M","?","R","$","R","T","M","R","M","?","?","R","BOSS"],"build_version":"2018-09-06","purchased_purges":0,"victory":false,"max_hp_per_floor":[80,80,80,80,80,80,80,80,80,80,80,80,80,80,80,80,80],"card_choices":[{"not_picked":["Shrug It Off","Sword Boomerang"],"picked":"Uppercut","floor":1},{"not_picked":["Clothesline","Perfected Strike"],"picked":"Clash","floor":3},{"not_picked":["Anger","Cleave"],"picked":"Exhume","floor":4},{"not_picked":["Perfected Strike","Anger"],"picked":"Armaments","floor":5},{"not_picked":["Warcry","Intimidate"],"picked":"Combust","floor":10},{"not_picked":["Uppercut","Sentinel","Clash"],"picked":"SKIP","floor":12},{"not_picked":["Demon Form","Exhume"],"picked":"Bludgeon","floor":16}],"player_experience":379694,"relics_obtained":[{"floor":9,"key":"Kunai"}],"event_choices":[{"event_name":"The Cleric","player_choice":"Card Removal","floor":2,"damage_taken":0},{"event_name":"World of Goop","player_choice":"Gather Gold","floor":13,"damage_taken":0}],"is_beta":false,"boss_relics":[],"items_purged_floors":[],"is_endless":false,"potions_floor_spawned":[1,5,10,16],"ascension_level":0}