{"path_per_floor":["M","?","M","$","M","E","R","T","T","E","R","$","M","M","R","B",null,"M","?","T","$","?","R","M","E","T","E","?","M","M","M","R","B",null,"M","M","$","T","?","R","E","M","T","E","M","M","R","$","R","B"],"character_chosen":"IRONCLAD","items_purchased":["Metallicize","Apotheosis","Tiny Chest","Offering"],"gold_per_floor":[114,64,81,13,25,57,57,107,182,216,216,35,53,70,70,171,171,185,100,175,100,100,100,110,145,145,178,178,192,206,222,222,326,356,367,386,37,37,37,37,71,82,105,140,156,174,174,49,49,49],"floor_reached":51,"campfire_rested":2,"playtime":3306,"current_hp_per_floor":[80,80,80,80,80,73,73,73,73,46,46,46,49,53,53,57,74,74,74,74,74,74,74,82,57,57,33,33,36,42,46,91,19,85,94,103,103,109,109,109,73,68,74,42,41,44,98,98,98,20],"items_purged":["Doubt","Combust","Pain"],"gold":49,"score":794,"play_id":"79199bc8-a8c3-4ecc-be68-651039c23b92","is_prod":false,"is_daily":false,"is_ascension_mode":true,"campfire_upgraded":4,"path_taken":["M","?","?","$","?","E","R","?","T","E","R","$","?","M","R","BOSS","M","?","?","$","?","R","?","E","T","E","?","M","?","M","R","BOSS","M","M","$","?","?","R","E","?","T","E","M","?","R","$","R","BOSS"],"build_version":"2018-02-15-PROD1","purchased_purges":3,"victory":true,"master_deck":["Strike_R","Strike_R+1","Strike_R","Defend_R","Defend_R+1","Defend_R+1","Defend_R","Bash+1","Rampage+1","Metallicize+1","Uppercut+1","Apotheosis+1","Cleave","Feed","Battle Trance","Whirlwind","Flex+1","Parasite","True Grit","Feed+1","Demon Form","Shockwave+1","Offering","Decay"],"max_hp_per_floor":[80,80,80,80,80,80,80,80,80,80,80,80,80,80,80,80,80,80,80,80,80,80,80,84,88,88,92,92,92,92,100,100,100,105,109,112,112,118,118,118,118,118,124,124,124,132,132,132,132,132],"relics":["Burning Blood","War Paint","Lantern","Regal Pillow","Pantograph","Ornamental Fan","Cursed Key","Toolbox","Kunai","Art of War","Shovel","Darkstone Periapt","Tiny House","Tiny Chest","Ice Cream","Ancient Tea Set","Whetstone","Oddly Smooth Stone","Blue Candle","Vajra"],"card_choices":[{"not_picked":["Armaments","Corruption"],"picked":"Rampage"},{"not_picked":["Rage","Iron Wave"],"picked":"Uppercut"},{"not_picked":["Fire Breathing","Armaments"],"picked":"Combust"},{"not_picked":["Perfected Strike","Warcry"],"picked":"Cleave"},{"not_picked":["Bludgeon","Fiend Fire"],"picked":"Feed"},{"not_picked":["Armaments","Iron Wave"],"picked":"Battle Trance"},{"not_picked":["Burning Pact","Shrug It Off"],"picked":"Flex"},{"not_picked":["Power Through","Reckless Charge"],"picked":"True Grit"},{"not_picked":["Juggernaut","Feed"],"picked":"Demon Form"},{"not_picked":["Shrug It Off","Body Slam"],"picked":"Shockwave"}],"player_experience":128735,"potions_floor_usage":[6,16,16,27,27,33,33,36,36,45,46,50],"damage_taken":[{"damage":0,"enemies":"Cultist","floor":1,"turns":3},{"damage":3,"enemies":"Jaw Worm","floor":3,"turns":4},{"damage":5,"enemies":"2 Louse","floor":5,"turns":3},{"damage":13,"enemies":"3 Sentries","floor":6,"turns":6},{"damage":33,"enemies":"Gremlin Nob","floor":10,"turns":5},{"damage":3,"enemies":"Blue Slaver","floor":13,"turns":4},{"damage":2,"enemies":"Exordium Thugs","floor":14,"turns":6},{"damage":27,"enemies":"Hexaghost","floor":16,"turns":8},{"damage":6,"enemies":"3 Byrds","floor":18,"turns":5},{"damage":2,"enemies":"Chosen","floor":24,"turns":3},{"damage":35,"enemies":"Gremlin Leader","floor":25,"turns":7},{"damage":34,"enemies":"Slavers","floor":27,"turns":6},{"damage":3,"enemies":"Snecko","floor":29,"turns":4},{"damage":0,"enemies":"Cultist and Chosen","floor":30,"turns":5},{"damage":10,"enemies":"Centurion and Healer","floor":31,"turns":5},{"damage":87,"enemies":"Champ","floor":33,"turns":10},{"damage":5,"enemies":"Orb Walker","floor":35,"turns":3},{"damage":0,"enemies":"3 Shapes","floor":36,"turns":1},{"damage":42,"enemies":"Nemesis","floor":41,"turns":9},{"damage":11,"enemies":"3 Darklings","floor":42,"turns":3},{"damage":38,"enemies":"Giant Head","floor":44,"turns":9},{"damage":7,"enemies":"Sphere and 2 Shapes","floor":45,"turns":5},{"damage":11,"enemies":"4 Shapes","floor":46,"turns":5},{"damage":109,"enemies":"Donu and Deca","floor":50,"turns":9}],"event_choices":[{"event_name":"The Cleric","player_choice":"Card Removal","floor":2,"damage_taken":0},{"event_name":"Addict","player_choice":"Obtained Relic","floor":19,"damage_taken":0},{"event_name":"The Library","player_choice":"Read","floor":22,"damage_taken":0},{"event_name":"Duplicator","player_choice":"One dupe","floor":28,"damage_taken":0}],"boss_relics":[{"not_picked":["Snecko Eye","Black Star"],"picked":"Cursed Key"},{"not_picked":["Question Card","Black Blood"],"picked":"Tiny House"}],"potions_floor_spawned":[3,10,13,14,25,30,31,33,41,44,46],"seed_played":"-8988044374249829197","ascension_level":5,"is_trial":false}