{"path_per_floor":["M","?","$","M","?","E","M","?","T","R","M","E","$","M","R","B",null,"M","M","$","M","$","E","?","M","T","M","M","E","T","?","R","B",null,"M","$","M","?","?","R","E","$","T","R","M","M","M","$","R","B"],"character_chosen":"IRONCLAD","items_purchased":["Clash","Armaments","Paper Frog","Vajra","Champion Belt","Dropkick","Ice Cream","Clash","Whetstone","Flash of Steel","Bag of Preparation"],"gold_per_floor":[144,144,43,88,88,178,223,325,325,325,370,490,15,60,60,360,360,405,450,50,95,95,185,185,230,230,275,320,410,485,485,485,785,785,830,324,369,369,369,369,459,114,139,139,184,229,274,32,32,32],"floor_reached":51,"campfire_rested":6,"playtime":2217,"current_hp_per_floor":[80,64,64,67,72,55,57,59,59,80,80,76,76,78,75,50,75,75,75,75,75,75,75,75,75,75,75,75,75,75,75,70,26,70,70,70,70,70,70,65,65,65,65,60,60,60,59,59,55,26],"items_purged":["Strike_R","Strike_R","Strike_R","Armaments"],"gold":32,"score":853,"play_id":"079ae566-7e22-406a-9f41-0277ab9ecd1c","local_time":"20180314192612","daily_mods":["Time Dilation","Midas","Night Terrors"],"is_prod":false,"is_daily":true,"is_ascension_mode":false,"campfire_upgraded":0,"timestamp":1521077172,"path_taken":["M","?","$","M","?","E","M","?","T","R","M","E","$","?","R","BOSS","M","M","$","M","$","E","?","M","T","M","M","E","?","?","R","BOSS","M","$","M","?","?","R","E","?","T","R","?","M","M","$","R","BOSS"],"build_version":"2018-03-12v2","purchased_purges":7,"victory":true,"master_deck":["Defend_R+1","Defend_R+1","Defend_R","Bash","Clash","Seeing Red+1","Offering+1","Dropkick","Pommel Strike+1","Bludgeon","Thunderclap","Double Tap+1","Whirlwind+1","Carnage+1","Sword Boomerang+1","Thunderclap+1","Shockwave","Uppercut+1","Headbutt","Dropkick","Flex+1","Dropkick","Clash","Dropkick","Armaments+1","Body Slam+1","Flash of Steel"],"max_hp_per_floor":[80,80,80,80,85,85,85,85,85,80,80,80,80,80,75,75,75,75,75,75,75,75,75,75,75,75,75,75,75,75,75,70,70,70,70,70,70,70,70,65,65,65,65,60,60,60,60,60,55,55],"relics":["Burning Blood","Anchor","Lantern","Omamori","Tiny Chest","Paper Frog","Vajra","Astrolabe","Champion Belt","Ornamental Fan","Ancient Tea Set","Magic Flower","Centennial Puzzle","Runic Dome","Ice Cream","Pantograph","Whetstone","War Paint","Bag of Preparation"],"card_choices":[{"not_picked":["Bloodletting","Iron Wave"],"picked":"Seeing Red"},{"not_picked":["Second Wind","Wild Strike"],"picked":"Seeing Red"},{"not_picked":["Ghostly Armor","Wild Strike"],"picked":"Offering"},{"not_picked":["Bloodletting","Armaments"],"picked":"Dropkick"},{"not_picked":["Intimidate","Wild Strike"],"picked":"Pommel Strike"},{"not_picked":["Cleave","Heavy Blade"],"picked":"Bludgeon"},{"not_picked":["Twin Strike","Anger"],"picked":"Thunderclap"},{"not_picked":["Exhume","Demon Form"],"picked":"Double Tap"},{"not_picked":["Clothesline","Twin Strike"],"picked":"Thunderclap"},{"not_picked":["Armaments","Wild Strike"],"picked":"Uppercut"},{"not_picked":["Intimidate","Spot Weakness"],"picked":"Headbutt"},{"not_picked":["True Grit","Cleave"],"picked":"Flex"},{"not_picked":["Clothesline","Thunderclap"],"picked":"Dropkick"},{"not_picked":["Iron Wave","Pommel Strike"],"picked":"Armaments"},{"not_picked":["Havoc","Double Tap"],"picked":"Body Slam"}],"player_experience":202818,"potions_floor_usage":[6,6,37,50,50],"damage_taken":[{"damage":1,"enemies":"Jaw Worm","floor":1,"turns":3},{"damage":3,"enemies":"Small Slimes","floor":4,"turns":2},{"damage":23,"enemies":"Lagavulin","floor":6,"turns":8},{"damage":4,"enemies":"Cultist","floor":7,"turns":2},{"damage":4,"enemies":"Gremlin Nob","floor":8,"turns":2},{"damage":4,"enemies":"Large Slime","floor":11,"turns":4},{"damage":10,"enemies":"3 Sentries","floor":12,"turns":6},{"damage":4,"enemies":"Exordium Thugs","floor":14,"turns":2},{"damage":31,"enemies":"Hexaghost","floor":16,"turns":7},{"damage":2,"enemies":"Spheric Guardian","floor":18,"turns":3},{"damage":4,"enemies":"Shell Parasite","floor":19,"turns":1},{"damage":0,"enemies":"Chosen and Byrds","floor":21,"turns":2},{"damage":4,"enemies":"Gremlin Leader","floor":23,"turns":2},{"damage":4,"enemies":"Cultist and Chosen","floor":25,"turns":1},{"damage":0,"enemies":"Snake Plant","floor":27,"turns":1},{"damage":4,"enemies":"Snecko","floor":28,"turns":2},{"damage":4,"enemies":"Book of Stabbing","floor":29,"turns":2},{"damage":53,"enemies":"Champ","floor":33,"turns":6},{"damage":0,"enemies":"Flame Bruiser 1 Orb","floor":35,"turns":2},{"damage":0,"enemies":"3 Darklings","floor":37,"turns":2},{"damage":0,"enemies":"2 Orb Walkers","floor":41,"turns":2},{"damage":4,"enemies":"Spire Growth","floor":45,"turns":2},{"damage":8,"enemies":"4 Shapes","floor":46,"turns":3},{"damage":10,"enemies":"Sphere and 2 Shapes","floor":47,"turns":1},{"damage":38,"enemies":"Time Eater","floor":50,"turns":4}],"event_choices":[{"event_name":"Shining Light","player_choice":"Entered Light","floor":2,"damage_taken":0},{"event_name":"Big Fish","player_choice":"Donut","floor":5,"damage_taken":0},{"event_name":"Dead Adventurer","player_choice":"Searched \u00271\u0027 times","floor":8,"damage_taken":0},{"event_name":"Match and Keep!","player_choice":"1 cards matched","floor":24,"damage_taken":0},{"event_name":"Duplicator","player_choice":"One dupe","floor":31,"damage_taken":0},{"event_name":"Upgrade Shrine","player_choice":"Upgraded","floor":38,"damage_taken":0}],"boss_relics":[{"not_picked":["Runic Pyramid","White Beast Statue"],"picked":"Astrolabe"},{"not_picked":["Question Card","Tiny House"],"picked":"Runic Dome"}],"potions_floor_spawned":[1,4,12,16,18,19,21,27,29,37,45,47],"seed_played":"-8839551872236863781","ascension_level":0,"is_trial":false}