{"gold_per_floor":[118,136,45,45,59,59,93,93,119,153,209,187,43,62,62,159,159,170,170,170,56,56,56,68,81,107,124,124,49,0,29,29,29],"floor_reached":33,"playtime":2355,"items_purged":["Strike_R"],"score":339,"play_id":"6beff6ba-03fa-4dac-a3f4-bbc35bd90429","local_time":"20190203132219","is_ascension_mode":true,"campfire_choices":[{"data":"Bash","floor":6,"key":"SMITH"},{"data":"Warcry","floor":8,"key":"SMITH"},{"data":"True Grit","floor":15,"key":"SMITH"},{"data":"Dark Embrace","floor":23,"key":"SMITH"},{"data":"Flame Barrier","floor":28,"key":"PURGE"},{"floor":32,"key":"REST"}],"neow_cost":"NONE","seed_source_timestamp":392594336367220,"circlet_count":0,"master_deck":["Strike_R","Strike_R","Strike_R","Defend_R+1","Defend_R+1","Defend_R","Bash+1","Warcry+1","Dropkick","Twin Strike","Shrug It Off+1","Inflame","Ghostly Armor+1","Anger","True Grit+1","Dark Embrace+1","Havoc+1","Rampage","Intimidate","Headbutt+1","Headbutt+1","Shrug It Off+1"],"relics":["Black Blood","Strawberry","Oddly Smooth Stone","Peace Pipe","Question Card","War Paint","Enchiridion","Happy Flower","Shuriken"],"potions_floor_usage":[16,18,18,31,33],"damage_taken":[{"damage":11,"enemies":"2 Louse","floor":1,"turns":4},{"damage":5,"enemies":"Small Slimes","floor":2,"turns":3},{"damage":7,"enemies":"Jaw Worm","floor":5,"turns":3},{"damage":11,"enemies":"3 Sentries","floor":7,"turns":10},{"damage":14,"enemies":"Lagavulin","floor":10,"turns":5},{"damage":25,"enemies":"Lagavulin Event","floor":11,"turns":6},{"damage":0,"enemies":"Exordium Thugs","floor":14,"turns":4},{"damage":27,"enemies":"The Guardian","floor":16,"turns":10},{"damage":15,"enemies":"3 Byrds","floor":18,"turns":4},{"damage":8,"enemies":"Spheric Guardian","floor":24,"turns":4},{"damage":20,"enemies":"Shelled Parasite and Fungi","floor":25,"turns":6},{"damage":9,"enemies":"Centurion and Healer","floor":27,"turns":8},{"damage":23,"enemies":"Slavers","floor":31,"turns":7},{"damage":84,"enemies":"Collector","floor":33,"turns":7}],"seed_played":"4117354317611904476","potions_obtained":[{"floor":1,"key":"Explosive Potion"},{"floor":7,"key":"Block Potion"},{"floor":14,"key":"Fire Potion"},{"floor":16,"key":"EssenceOfSteel"},{"floor":18,"key":"EssenceOfSteel"},{"floor":27,"key":"SkillPotion"}],"is_trial":false,"path_per_floor":["M","M","$","?","M","R","E","R","T","E","?","?","$","M","R","B",null,"M","?","?","$","?","R","M","M","T","M","R","?","?","E","R","B"],"character_chosen":"IRONCLAD","items_purchased":["Shrug It Off","Inflame","War Paint","Rampage"],"campfire_rested":1,"item_purchase_floors":[3,3,13,21],"current_hp_per_floor":[75,76,76,60,59,59,61,61,61,53,34,34,34,40,40,19,70,65,49,49,49,49,49,51,41,41,42,42,42,42,29,55,0],"gold":29,"neow_bonus":"TRANSFORM_CARD","is_prod":false,"is_daily":false,"chose_seed":false,"campfire_upgraded":4,"win_rate":0,"timestamp":1549221739,"path_taken":["M","M","$","?","M","R","E","R","T","E","?","?","$","M","R","BOSS","M","?","?","$","?","R","M","M","T","M","R","?","?","E","R","BOSS"],"build_version":"2019-01-23","purchased_purges":1,"victory":false,"max_hp_per_floor":[80,80,80,80,80,80,87,87,87,87,87,87,87,87,87,87,87,87,87,87,87,87,87,87,87,87,87,87,87,87,87,87,87],"card_choices":[{"not_picked":["Blood for Blood","Perfected Strike"],"picked":"Dropkick","floor":1},{"not_picked":["Dropkick","Perfected Strike"],"picked":"Twin Strike","floor":2},{"not_picked":["Power Through","Flex"],"picked":"Ghostly Armor","floor":5},{"not_picked":["Reckless Charge","Clash"],"picked":"Anger","floor":7},{"not_picked":["Havoc","Iron Wave","Impervious"],"picked":"SKIP","floor":10},{"not_picked":["Blood for Blood","Clash"],"picked":"True Grit","floor":11},{"not_picked":["Cleave","Intimidate","Clothesline"],"picked":"Flame Barrier","floor":14},{"not_picked":["Bludgeon","Limit Break","Exhume"],"picked":"Dark Embrace","floor":16},{"not_picked":["Twin Strike","Heavy Blade","Blood for Blood"],"picked":"Havoc+1","floor":18},{"not_picked":["Second Wind","Dual Wield","Havoc"],"picked":"Intimidate","floor":24},{"not_picked":["Twin Strike","Flame Barrier","Power Through"],"picked":"Headbutt+1","floor":25},{"not_picked":["Havoc","Iron Wave","Pommel Strike"],"picked":"Headbutt+1","floor":27},{"not_picked":["Power Through+1","Headbutt","Bludgeon"],"picked":"Shrug It Off+1","floor":31}],"player_experience":454883,"relics_obtained":[{"floor":7,"key":"Strawberry"},{"floor":9,"key":"Oddly Smooth Stone"},{"floor":10,"key":"Peace Pipe"},{"floor":11,"key":"Question Card"},{"floor":19,"key":"Enchiridion"},{"floor":26,"key":"Happy Flower"},{"floor":31,"key":"Shuriken"}],"event_choices":[{"damage_healed":0,"gold_gain":0,"player_choice":"Entered Light","damage_taken":16,"max_hp_gain":0,"max_hp_loss":0,"event_name":"Shining Light","floor":4,"gold_loss":0,"cards_upgraded":["Shrug It Off","Defend_R"]},{"damage_healed":0,"gold_gain":30,"player_choice":"Searched \u00273\u0027 times","damage_taken":0,"max_hp_gain":0,"max_hp_loss":0,"event_name":"Dead Adventurer","floor":11,"gold_loss":0},{"damage_healed":0,"gold_gain":0,"player_choice":"Left Gold","damage_taken":0,"max_hp_gain":0,"max_hp_loss":0,"event_name":"World of Goop","floor":12,"gold_loss":22},{"damage_healed":0,"gold_gain":0,"player_choice":"Obtained Book","damage_taken":16,"max_hp_gain":0,"max_hp_loss":0,"event_name":"Cursed Tome","floor":19,"gold_loss":0},{"damage_healed":0,"gold_gain":0,"player_choice":"Ignored","damage_taken":0,"max_hp_gain":0,"max_hp_loss":0,"event_name":"Ghosts","floor":20,"gold_loss":0},{"damage_healed":0,"gold_gain":0,"player_choice":"Ignored","damage_taken":0,"max_hp_gain":0,"max_hp_loss":0,"event_name":"The Mausoleum","floor":22,"gold_loss":0},{"cards_removed":["Defend_R"],"damage_healed":0,"gold_gain":0,"player_choice":"Gave Gold","damage_taken":0,"max_hp_gain":0,"max_hp_loss":0,"event_name":"Beggar","floor":29,"gold_loss":75},{"damage_healed":0,"gold_gain":0,"player_choice":"Paid Fearfully","damage_taken":0,"max_hp_gain":0,"max_hp_loss":0,"event_name":"Masked Bandits","floor":30,"gold_loss":49}],"is_beta":false,"boss_relics":[{"not_picked":["Snecko Eye","Ectoplasm"],"picked":"Black Blood"}],"items_purged_floors":[21],"is_endless":false,"potions_floor_spawned":[1,7,14,16,18,27],"killed_by":"Collector","ascension_level":5}