{"path_per_floor":["M","?","?","?","M","R","M","R","T","M","M","M","R","M","R","B",null,"M","?","$","?","M","R","E"],"character_chosen":"THE_SILENT","items_purchased":["Bag of Marbles"],"gold_per_floor":[117,67,67,67,87,87,105,105,105,121,136,149,149,170,170,295,295,318,243,42,42,60,60,91],"floor_reached":25,"campfire_rested":2,"playtime":1228,"current_hp_per_floor":[70,70,56,56,56,56,56,56,56,38,37,35,56,56,56,24,70,33,33,33,33,14,35,8],"items_purged":["Defend_G"],"gold":91,"score":256,"play_id":"fbab2a78-3c9d-4fb6-a487-6e20983022c3","is_prod":false,"is_daily":false,"is_ascension_mode":true,"campfire_upgraded":3,"path_taken":["M","?","?","?","M","R","?","R","T","?","M","M","R","M","R","BOSS","M","?","$","?","M","R","E","M"],"build_version":"2018-02-15-PROD1","purchased_purges":1,"victory":false,"master_deck":["Defend_G","Defend_G","Defend_G","Defend_G","Strike_G","Strike_G+1","Strike_G+1","Strike_G","Survivor","Neutralize+1","Quick Slash","Blade Dance+1","Cloak And Dagger+1","Sucker Punch","Dagger Spray","Phantasmal Killer","Dagger Spray","Writhe","Cloak And Dagger+1","Choke"],"max_hp_per_floor":[70,70,70,70,70,70,70,70,70,70,70,70,70,70,70,70,70,70,70,70,70,70,70,70],"relics":["Ring of the Snake","Golden Idol","Smiling Mask","Question Card","Bag of Marbles","Bronze Scales","Prayer Wheel"],"card_choices":[{"not_picked":["Deadly Poison","Prepared"],"picked":"Quick Slash"},{"not_picked":["Dodge and Roll","Backflip"],"picked":"Blade Dance"},{"not_picked":["Quick Slash","Catalyst"],"picked":"Cloak And Dagger"},{"not_picked":["Bane","Deflect"],"picked":"Sucker Punch"},{"not_picked":["PiercingWail","Sucker Punch"],"picked":"Dagger Spray"},{"not_picked":["Burst","Die Die Die"],"picked":"Phantasmal Killer"},{"not_picked":["Endless Agony","All Out Attack","Underhanded Strike"],"picked":"Dagger Spray"},{"not_picked":["Deflect","Sucker Punch","Blur"],"picked":"Cloak And Dagger"},{"not_picked":["Riddle With Holes","Poisoned Stab","Footwork"],"picked":"Choke"}],"player_experience":121599,"potions_floor_usage":[12,16,18,24,24],"damage_taken":[{"damage":0,"enemies":"Small Slimes","floor":1,"turns":4},{"damage":0,"enemies":"Jaw Worm","floor":5,"turns":3},{"damage":0,"enemies":"2 Louse","floor":7,"turns":2},{"damage":18,"enemies":"Exordium Wildlife","floor":10,"turns":6},{"damage":1,"enemies":"3 Louse","floor":11,"turns":3},{"damage":2,"enemies":"Large Slime","floor":12,"turns":9},{"damage":0,"enemies":"Looter","floor":14,"turns":3},{"damage":32,"enemies":"Slime Boss","floor":16,"turns":10},{"damage":37,"enemies":"2 Thieves","floor":18,"turns":5},{"damage":19,"enemies":"Shell Parasite","floor":22,"turns":5},{"damage":27,"enemies":"Slavers","floor":24,"turns":5},{"damage":10,"enemies":"Chosen and Byrds","floor":25,"turns":6}],"event_choices":[{"event_name":"The Cleric","player_choice":"Card Removal","floor":2,"damage_taken":0},{"event_name":"Shining Light","player_choice":"Entered Light","floor":3,"damage_taken":0},{"event_name":"Golden Idol","player_choice":"Take Wound","floor":4,"damage_taken":0},{"event_name":"Beggar","player_choice":"Gave Gold","floor":19,"damage_taken":0},{"event_name":"The Mausoleum","player_choice":"Yes","floor":21,"damage_taken":0}],"boss_relics":[{"not_picked":["White Beast Statue","Orrery"],"picked":"Question Card"}],"potions_floor_spawned":[10,11,12,14,16],"seed_played":"-4088306502237317575","killed_by":"Chosen and Byrds","ascension_level":4,"is_trial":false}