{"gold_per_floor":[118,43,56,131,142,142,175,175,175,193,193,112,145,215,215,292,292,302,314,314,328,328,328,378,412,467,467],"floor_reached":27,"playtime":771,"items_purged":[],"score":442,"play_id":"c3afa94c-714c-437c-bb98-8e139007b860","local_time":"20190423124811","is_ascension_mode":true,"campfire_choices":[{"data":"Doom and Gloom","floor":6,"key":"SMITH"},{"floor":8,"key":"REST"},{"data":"Undo","floor":11,"key":"SMITH"},{"floor":15,"key":"REST"},{"data":"Fission","floor":23,"key":"SMITH"}],"neow_cost":"NONE","seed_source_timestamp":3110043445558745,"circlet_count":0,"master_deck":["AscendersBane","Strike_B+1","Strike_B+1","Strike_B+1","Strike_B+1","Defend_B+1","Defend_B+1","Defend_B+1","Defend_B+1","Dualcast","FTL","Doom and Gloom+1","Undo+1","Steam","Doom and Gloom","Fission+1","Steam+1","Sweeping Beam"],"relics":["Cracked Core","Blue Candle","Pen Nib","Bronze Scales","Black Star","MutagenicStrength","Letter Opener","Happy Flower","Tiny Chest"],"potions_floor_usage":[7,16,21,25],"damage_taken":[{"damage":2,"enemies":"2 Louse","floor":1,"turns":3},{"damage":7,"enemies":"Jaw Worm","floor":3,"turns":2},{"damage":1,"enemies":"Small Slimes","floor":5,"turns":4},{"damage":18,"enemies":"Gremlin Nob","floor":7,"turns":4},{"damage":13,"enemies":"3 Louse","floor":10,"turns":3},{"damage":19,"enemies":"Lagavulin","floor":13,"turns":5},{"damage":14,"enemies":"Hexaghost","floor":16,"turns":9},{"damage":26,"enemies":"Spheric Guardian","floor":18,"turns":5},{"damage":7,"enemies":"3 Byrds","floor":19,"turns":2},{"damage":0,"enemies":"3 Cultists","floor":21,"turns":2},{"damage":40,"enemies":"Book of Stabbing","floor":25,"turns":5},{"damage":8,"enemies":"Snake Plant","floor":27,"turns":3}],"seed_played":"6749889148514716282","potions_obtained":[{"floor":1,"key":"PowerPotion"},{"floor":5,"key":"GamblersBrew"},{"floor":10,"key":"FairyPotion"},{"floor":16,"key":"Swift Potion"},{"floor":21,"key":"Strength Potion"},{"floor":25,"key":"Poison Potion"}],"is_trial":false,"path_per_floor":["M","?","M","?","M","R","E","R","T","M","R","$","E","?","R","B",null,"M","M","?","M","?","R","?","E","T","M"],"character_chosen":"DEFECT","items_purchased":["Doom and Gloom"],"campfire_rested":2,"item_purchase_floors":[12],"current_hp_per_floor":[62,62,55,44,43,43,25,46,46,33,33,33,14,14,35,21,59,33,26,26,26,26,26,26,7,7,0],"gold":467,"neow_bonus":"THREE_CARDS","is_prod":false,"is_daily":false,"chose_seed":false,"campfire_upgraded":3,"win_rate":0,"timestamp":1556020091,"path_taken":["M","?","M","?","M","R","E","R","T","M","R","$","E","?","R","BOSS","M","M","?","M","?","R","?","E","T","M"],"build_version":"2019-01-23","purchased_purges":0,"victory":false,"max_hp_per_floor":[71,71,71,71,71,71,71,71,71,71,71,71,71,71,71,71,71,71,71,71,71,71,71,71,71,71,71],"card_choices":[{"not_picked":["Rebound","Redo"],"picked":"FTL","floor":0},{"not_picked":["Reprogram","Defragment"],"picked":"Doom and Gloom","floor":1},{"not_picked":["Redo","Go for the Eyes"],"picked":"Undo","floor":3},{"not_picked":["Storm","Static Discharge","Beam Cell"],"picked":"SKIP","floor":5},{"not_picked":["Chill","Go for the Eyes","Steam"],"picked":"SKIP","floor":7},{"not_picked":["Rebound","Hologram"],"picked":"Steam","floor":10},{"not_picked":["Tempest","Auto Shields","Stack"],"picked":"SKIP","floor":13},{"not_picked":["Meteor Strike","Creative AI"],"picked":"Fission","floor":16},{"not_picked":["Aggregate","Beam Cell"],"picked":"Steam+1","floor":18},{"not_picked":["Cold Snap","Rebound+1"],"picked":"Sweeping Beam","floor":19},{"not_picked":["Barrage+1","Streamline","Gash"],"picked":"SKIP","floor":21},{"not_picked":["Self Repair","Lockon","Gash"],"picked":"SKIP","floor":25}],"player_experience":629431,"relics_obtained":[{"floor":7,"key":"Blue Candle"},{"floor":9,"key":"Pen Nib"},{"floor":13,"key":"Bronze Scales"},{"floor":25,"key":"Letter Opener"},{"floor":25,"key":"Happy Flower"},{"floor":26,"key":"Tiny Chest"}],"event_choices":[{"cards_removed":["Zap"],"damage_healed":0,"gold_gain":0,"player_choice":"Card Removal","damage_taken":0,"max_hp_gain":0,"max_hp_loss":0,"event_name":"The Cleric","floor":2,"gold_loss":75},{"damage_healed":0,"gold_gain":75,"player_choice":"Gather Gold","damage_taken":11,"max_hp_gain":0,"max_hp_loss":0,"event_name":"World of Goop","floor":4,"gold_loss":0},{"damage_healed":0,"gold_gain":70,"player_choice":"Gained Gold","damage_taken":0,"max_hp_gain":0,"max_hp_loss":0,"event_name":"Golden Wing","floor":14,"gold_loss":0},{"damage_healed":0,"gold_gain":0,"player_choice":"Inject Mutagens","damage_taken":0,"relics_obtained":["MutagenicStrength"],"max_hp_gain":0,"max_hp_loss":0,"event_name":"Drug Dealer","floor":20,"gold_loss":0},{"damage_healed":0,"gold_gain":0,"player_choice":"Simplicity","damage_taken":0,"max_hp_gain":0,"max_hp_loss":0,"event_name":"Back to Basics","floor":22,"gold_loss":0,"cards_upgraded":["Strike_B","Strike_B","Strike_B","Strike_B","Defend_B","Defend_B","Defend_B","Defend_B"]},{"damage_healed":0,"gold_gain":50,"player_choice":"Pray","damage_taken":0,"max_hp_gain":0,"max_hp_loss":0,"event_name":"Golden Shrine","floor":24,"gold_loss":0}],"is_beta":false,"boss_relics":[{"not_picked":["Empty Cage","Runic Pyramid"],"picked":"Black Star"}],"items_purged_floors":[],"is_endless":false,"potions_floor_spawned":[1,5,10,16,21,25],"killed_by":"Snake Plant","ascension_level":17}