{"path_per_floor":["M","M","?","M","M","E","M","M","T","R","E","$","?","M","R"],"character_chosen":"IRONCLAD","items_purchased":["Regal Pillow"],"gold_per_floor":[111,127,127,143,154,188,208,221,221,221,251,19,19,31,31,31],"floor_reached":16,"campfire_rested":2,"playtime":953,"current_hp_per_floor":[73,76,76,79,70,41,41,36,36,60,48,48,48,52,80,80],"items_purged":["Regret"],"gold":31,"score":143,"play_id":"e46fe3ff-1309-44b0-bcd4-ff24827458c3","local_time":"20180324133853","is_prod":false,"is_daily":false,"is_ascension_mode":true,"campfire_upgraded":0,"timestamp":1521920333,"path_taken":["M","M","?","?","M","E","M","M","T","R","E","$","?","M","R","BOSS"],"build_version":"2018-03-22","purchased_purges":1,"victory":false,"master_deck":["Strike_R","Strike_R","Strike_R","Strike_R","Strike_R","Defend_R","Defend_R","Defend_R","Defend_R","Bash","Juggernaut","Clash","Headbutt","Flex","Rupture","Headbutt","Rampage","Disarm"],"max_hp_per_floor":[80,80,80,80,80,80,80,80,80,80,80,80,80,80,80,80],"relics":["Burning Blood","Art of War","Dodecahedron","Champion Belt","Torii","Regal Pillow"],"card_choices":[{"not_picked":["Heavy Blade","Carnage"],"picked":"Clash","floor":1},{"not_picked":["Body Slam","Spot Weakness"],"picked":"Headbutt","floor":2},{"not_picked":["Armaments","Flame Barrier"],"picked":"Flex","floor":4},{"not_picked":["Power Through","True Grit"],"picked":"Rupture","floor":5},{"not_picked":["Anger","Demon Form"],"picked":"Headbutt","floor":6},{"not_picked":["Wild Strike","Shrug It Off"],"picked":"Rampage","floor":7},{"not_picked":["Perfected Strike","Warcry"],"picked":"Disarm","floor":11}],"player_experience":261140,"potions_floor_usage":[7,11,11],"damage_taken":[{"damage":13,"enemies":"Jaw Worm","floor":1,"turns":6},{"damage":3,"enemies":"Small Slimes","floor":2,"turns":2},{"damage":3,"enemies":"Cultist","floor":4,"turns":4},{"damage":15,"enemies":"2 Fungi Beasts","floor":5,"turns":3},{"damage":35,"enemies":"3 Sentries","floor":6,"turns":8},{"damage":6,"enemies":"Looter","floor":7,"turns":2},{"damage":11,"enemies":"3 Louse","floor":8,"turns":3},{"damage":18,"enemies":"Gremlin Nob","floor":11,"turns":4},{"damage":2,"enemies":"Blue Slaver","floor":14,"turns":3},{"damage":0,"enemies":"The Guardian","floor":16,"turns":3}],"event_choices":[{"event_name":"Big Fish","player_choice":"Box","floor":3,"damage_taken":0},{"event_name":"The Cleric","player_choice":"Leave","floor":13,"damage_taken":0}],"boss_relics":[],"potions_floor_spawned":[6,7,8],"seed_played":"-5100417246684923700","killed_by":"The Guardian","ascension_level":5,"is_trial":false}