{"gold_per_floor":[111,111,127,32,32,32,59,69,69,98,122,153,170,203,203,302,302,302,302,302,302,302,302,64,64,64,64,64,64,64,64,64,64,64,64,64,64,64,64,64,64,14,14,14,14,0,0,0,0,0],"floor_reached":51,"playtime":2672,"items_purged":["Strike_R"],"score":1022,"play_id":"03cbf238-fc65-4fec-8489-af75731f05be","local_time":"20190113144822","is_ascension_mode":true,"campfire_choices":[{"data":"Perfected Strike","floor":6,"key":"SMITH"},{"data":"Pommel Strike","floor":15,"key":"SMITH"},{"data":"Anger","floor":25,"key":"SMITH"},{"data":"Shockwave","floor":29,"key":"SMITH"},{"floor":32,"key":"REST"},{"data":"Madness","floor":40,"key":"SMITH"},{"floor":47,"key":"REST"},{"data":"Madness","floor":49,"key":"SMITH"}],"neow_cost":"NONE","seed_source_timestamp":1630515251972942,"circlet_count":0,"master_deck":["Strike_R","Strike_R","Strike_R","Defend_R+1","Defend_R","Defend_R+1","Defend_R","Bash","Shockwave+1","Cleave","Twin Strike","Perfected Strike+1","Iron Wave","Anger","Anger+1","Pommel Strike+1","Fire Breathing+1","Shrug It Off+1","Clash","Inflame+1","Flame Barrier+1","Dropkick","Rampage+1","Body Slam+1","Battle Trance+1","Twin Strike+1","Demon Form+1","Metallicize+1","Madness+1","Madness+1","Battle Trance+1","Whirlwind+1","Metallicize+1","Pummel+1"],"relics":["Burning Blood","NeowsBlessing","Frozen Egg 2","Kunai","Thread and Needle","Strawberry","Art of War","Regal Pillow","Ectoplasm","Oddly Smooth Stone","Bottled Lightning","Smiling Mask","Molten Egg 2","Lizard Tail","War Paint","Charon\u0027s Ashes","Anchor","Red Mask"],"potions_floor_usage":[13,27,27,44,50],"damage_taken":[{"damage":0,"enemies":"Jaw Worm","floor":1,"turns":1},{"damage":0,"enemies":"Cultist","floor":3,"turns":1},{"damage":0,"enemies":"Gremlin Nob","floor":7,"turns":1},{"damage":2,"enemies":"2 Louse","floor":8,"turns":3},{"damage":24,"enemies":"Lagavulin","floor":10,"turns":5},{"damage":15,"enemies":"3 Sentries","floor":12,"turns":5},{"damage":0,"enemies":"Lots of Slimes","floor":13,"turns":1},{"damage":12,"enemies":"Gremlin Nob","floor":14,"turns":4},{"damage":21,"enemies":"The Guardian","floor":16,"turns":10},{"damage":1,"enemies":"Spheric Guardian","floor":18,"turns":3},{"damage":6,"enemies":"Shell Parasite","floor":19,"turns":4},{"damage":0,"enemies":"Snecko","floor":21,"turns":4},{"damage":32,"enemies":"Sentry and Sphere","floor":22,"turns":4},{"damage":5,"enemies":"Slavers","floor":27,"turns":4},{"damage":0,"enemies":"Centurion and Healer","floor":28,"turns":4},{"damage":18,"enemies":"Gremlin Leader","floor":30,"turns":5},{"damage":0,"enemies":"Cultist and Chosen","floor":31,"turns":3},{"damage":61,"enemies":"Collector","floor":33,"turns":11},{"damage":4,"enemies":"3 Darklings","floor":35,"turns":4},{"damage":0,"enemies":"3 Shapes","floor":37,"turns":5},{"damage":14,"enemies":"3 Darklings","floor":39,"turns":3},{"damage":24,"enemies":"Reptomancer","floor":44,"turns":5},{"damage":10,"enemies":"Maw","floor":45,"turns":6},{"damage":3,"enemies":"Transient","floor":48,"turns":5},{"damage":79,"enemies":"Donu and Deca","floor":50,"turns":8}],"seed_played":"-2777116371293393584","potions_obtained":[{"floor":1,"key":"SmokeBomb"},{"floor":12,"key":"Explosive Potion"},{"floor":16,"key":"Fire Potion"},{"floor":22,"key":"Explosive Potion"},{"floor":27,"key":"Explosive Potion"},{"floor":31,"key":"Poison Potion"},{"floor":37,"key":"SteroidPotion"},{"floor":39,"key":"FearPotion"}],"is_trial":false,"path_per_floor":["M","?","M","$","?","R","E","M","T","E","T","E","M","E","R","B",null,"M","M","$","M","M","?","$","R","T","E","M","R","E","M","R","B",null,"M","?","M","?","M","R","T","$","T","E","M","?","R","M","R","B",null],"character_chosen":"IRONCLAD","items_purchased":["Cleave","Twin Strike","Dropkick","Oddly Smooth Stone"],"campfire_rested":2,"item_purchase_floors":[4,4,24,24],"current_hp_per_floor":[78,71,77,77,77,77,80,80,80,62,69,60,66,60,60,45,77,82,82,82,87,61,58,58,58,58,59,65,65,53,59,87,32,73,75,64,70,70,62,62,62,62,62,44,40,40,81,84,84,11],"gold":0,"neow_bonus":"THREE_ENEMY_KILL","is_prod":false,"is_daily":false,"chose_seed":false,"campfire_upgraded":6,"win_rate":0,"timestamp":1547390902,"path_taken":["M","?","M","$","?","R","E","?","T","E","?","E","M","E","R","BOSS","M","M","$","?","M","?","$","R","T","E","?","R","E","M","R","BOSS","M","?","M","?","?","R","?","$","T","E","M","?","R","M","R","BOSS"],"build_version":"2019-01-10","purchased_purges":1,"victory":true,"max_hp_per_floor":[80,80,80,80,80,80,80,80,80,80,87,87,87,87,87,87,87,87,87,87,87,87,87,87,87,87,87,87,87,87,87,87,87,87,87,87,87,87,87,87,87,87,87,87,87,87,87,87,87,87],"card_choices":[{"not_picked":["Rage","Wild Strike"],"picked":"Shockwave","floor":1},{"not_picked":["Carnage","Reckless Charge","Infernal Blade"],"picked":"SKIP","floor":3},{"not_picked":["Whirlwind","Evolve"],"picked":"Iron Wave","floor":7},{"not_picked":["Infernal Blade","Clothesline","Body Slam"],"picked":"SKIP","floor":8},{"not_picked":["Wild Strike","Armaments"],"picked":"Anger","floor":10},{"not_picked":["Pummel","Juggernaut+1"],"picked":"Anger","floor":12},{"not_picked":["Headbutt","Warcry"],"picked":"Pommel Strike","floor":13},{"not_picked":["Evolve+1","Wild Strike"],"picked":"Fire Breathing+1","floor":14},{"not_picked":["Havoc","Shockwave"],"picked":"Shrug It Off+1","floor":18},{"not_picked":["Clothesline","Pummel"],"picked":"Clash","floor":19},{"not_picked":["Flex+1","Evolve+1"],"picked":"Inflame+1","floor":21},{"not_picked":["Hemokinesis+1","True Grit"],"picked":"Flame Barrier+1","floor":22},{"not_picked":["Limit Break","Evolve+1"],"picked":"Rampage+1","floor":27},{"not_picked":["Sword Boomerang","Anger"],"picked":"Body Slam+1","floor":28},{"not_picked":["Twin Strike","Impervious"],"picked":"Battle Trance+1","floor":30},{"not_picked":["True Grit+1","Thunderclap+1"],"picked":"Twin Strike+1","floor":31},{"not_picked":["Offering","Dark Embrace+1"],"picked":"Demon Form+1","floor":33},{"not_picked":["Heavy Blade+1","Clash+1"],"picked":"Metallicize+1","floor":35},{"not_picked":["Reckless Charge+1","Burning Pact"],"picked":"Battle Trance+1","floor":37},{"not_picked":["Perfected Strike+1","Corruption+1"],"picked":"Whirlwind+1","floor":39},{"not_picked":["Wild Strike+1","Armaments","Heavy Blade+1"],"picked":"SKIP","floor":44},{"not_picked":["Evolve+1","Havoc"],"picked":"Metallicize+1","floor":45},{"not_picked":["Heavy Blade+1","Combust+1"],"picked":"Pummel+1","floor":48}],"player_experience":5522,"relics_obtained":[{"floor":7,"key":"Frozen Egg 2"},{"floor":9,"key":"Kunai"},{"floor":10,"key":"Thread and Needle"},{"floor":11,"key":"Strawberry"},{"floor":12,"key":"Art of War"},{"floor":14,"key":"Regal Pillow"},{"floor":26,"key":"Bottled Lightning"},{"floor":27,"key":"Smiling Mask"},{"floor":30,"key":"Molten Egg 2"},{"floor":41,"key":"War Paint"},{"floor":43,"key":"Charon\u0027s Ashes"},{"floor":44,"key":"Anchor"}],"event_choices":[{"cards_removed":["Strike_R"],"damage_healed":0,"gold_gain":0,"player_choice":"Card Removal","damage_taken":7,"max_hp_gain":0,"max_hp_loss":0,"event_name":"Golden Wing","floor":2,"gold_loss":0},{"damage_healed":0,"gold_gain":0,"player_choice":"1 cards matched","damage_taken":0,"max_hp_gain":0,"max_hp_loss":0,"event_name":"Match and Keep!","floor":5,"gold_loss":0,"cards_obtained":["Perfected Strike"]},{"damage_healed":0,"gold_gain":0,"player_choice":"Punched","damage_taken":3,"max_hp_gain":0,"max_hp_loss":0,"event_name":"Designer","floor":23,"gold_loss":0},{"damage_healed":0,"gold_gain":0,"player_choice":"Embrace Madness","damage_taken":11,"max_hp_gain":0,"max_hp_loss":0,"event_name":"Winding Halls","floor":36,"gold_loss":0,"cards_obtained":["Madness","Madness"]},{"damage_healed":0,"gold_gain":100,"player_choice":"Pray","damage_taken":0,"max_hp_gain":0,"max_hp_loss":0,"event_name":"Golden Shrine","floor":38,"gold_loss":0},{"damage_healed":0,"gold_gain":0,"player_choice":"Paid","damage_taken":0,"relics_obtained":["Red Mask"],"max_hp_gain":0,"max_hp_loss":0,"event_name":"Tomb of Lord Red Mask","floor":46,"gold_loss":14}],"is_beta":false,"boss_relics":[{"not_picked":["Fusion Hammer","Empty Cage"],"picked":"Ectoplasm"},{"not_picked":["Astrolabe","Snecko Eye"],"picked":"Lizard Tail"}],"items_purged_floors":[42],"is_endless":false,"potions_floor_spawned":[1,12,16,22,27,31,35,37,39],"ascension_level":7}