{"gold_per_floor":[112,28,178,178,198,198,233,233,312,312,27,40,68,88,88,160,160,172,222,240,240,257,283,283,283,283,208,221,65,81,112,112,112],"floor_reached":33,"playtime":900,"items_purged":["Doubt","Strike_G"],"score":581,"play_id":"915d758f-d38c-4546-9992-986ab96acffc","local_time":"20190427015730","is_ascension_mode":true,"campfire_choices":[{"data":"Finisher","floor":6,"key":"SMITH"},{"data":"Dagger Throw","floor":8,"key":"SMITH"},{"data":"Neutralize","floor":10,"key":"SMITH"},{"data":"Backstab","floor":15,"key":"SMITH"},{"floor":24,"key":"REST"},{"floor":32,"key":"REST"}],"neow_cost":"NONE","seed_source_timestamp":3416486173843242,"circlet_count":0,"master_deck":["AscendersBane","Defend_G","Defend_G","Defend_G","Defend_G+1","Defend_G","Strike_G+1","Strike_G","Strike_G","Survivor","Neutralize+1","Flying Knee+1","Finisher+1","Dash+1","Dagger Throw+1","Backstab+1","Dagger Throw","Doppelganger","Blade Dance","Blade Dance","Cloak And Dagger"],"relics":["Ring of the Snake","NeowsBlessing","Whetstone","Pantograph","HandDrill","Happy Flower","WristBlade","Singing Bowl","Ornamental Fan","Red Mask"],"potions_floor_usage":[16,16,33,33],"damage_taken":[{"damage":0,"enemies":"2 Louse","floor":1,"turns":1},{"damage":0,"enemies":"Jaw Worm","floor":5,"turns":1},{"damage":0,"enemies":"Lagavulin","floor":7,"turns":1},{"damage":0,"enemies":"Small Slimes","floor":12,"turns":3},{"damage":6,"enemies":"Gremlin Nob","floor":13,"turns":3},{"damage":0,"enemies":"Looter","floor":14,"turns":2},{"damage":33,"enemies":"The Guardian","floor":16,"turns":10},{"damage":0,"enemies":"Shell Parasite","floor":18,"turns":1},{"damage":0,"enemies":"Chosen","floor":20,"turns":4},{"damage":5,"enemies":"Snake Plant","floor":22,"turns":3},{"damage":35,"enemies":"Slavers","floor":23,"turns":7},{"damage":13,"enemies":"Colosseum Slavers","floor":25,"turns":3},{"damage":0,"enemies":"Centurion and Healer","floor":28,"turns":4},{"damage":4,"enemies":"Chosen and Byrds","floor":30,"turns":5},{"damage":7,"enemies":"Masked Bandits","floor":31,"turns":4},{"damage":83,"enemies":"Collector","floor":33,"turns":8}],"seed_played":"-6347077926328387527","potions_obtained":[{"floor":12,"key":"Weak Potion"},{"floor":14,"key":"Dexterity Potion"},{"floor":16,"key":"GhostInAJar"},{"floor":20,"key":"Dexterity Potion"}],"is_trial":false,"path_per_floor":["M","$","?","?","M","R","E","R","T","R","$","M","E","M","R","B",null,"M","?","M","?","M","E","R","?","T","?","M","$","M","?","R","B"],"character_chosen":"THE_SILENT","items_purchased":["Finisher","HandDrill","Blade Dance"],"campfire_rested":2,"item_purchase_floors":[2,11,29],"current_hp_per_floor":[59,59,59,39,39,39,39,39,39,39,39,39,33,33,33,25,56,56,56,56,56,51,18,38,25,25,25,27,27,23,18,39,0],"gold":112,"neow_bonus":"THREE_ENEMY_KILL","is_prod":false,"is_daily":false,"chose_seed":false,"campfire_upgraded":4,"win_rate":0,"timestamp":1556326650,"path_taken":["M","$","?","?","M","R","E","R","T","R","$","M","E","?","R","BOSS","M","?","M","?","M","E","R","?","T","?","?","$","M","?","R","BOSS"],"build_version":"2019-01-23","purchased_purges":2,"victory":false,"max_hp_per_floor":[66,66,66,66,66,66,66,66,66,66,66,66,66,66,66,66,66,66,66,66,66,66,68,68,68,68,68,70,70,70,72,72,72],"card_choices":[{"not_picked":["Flechettes","Setup"],"picked":"Flying Knee","floor":1},{"not_picked":["Outmaneuver","Dagger Spray"],"picked":"Dash","floor":5},{"not_picked":["Outmaneuver","Wraith Form v2"],"picked":"Dagger Throw","floor":7},{"not_picked":["Choke","Finisher"],"picked":"Backstab","floor":12},{"not_picked":["Dagger Spray","Outmaneuver","Dagger Throw"],"picked":"SKIP","floor":13},{"not_picked":["Acrobatics","Reflex"],"picked":"Dagger Throw","floor":14},{"not_picked":["Tools of the Trade","Venomology"],"picked":"Doppelganger","floor":16},{"not_picked":["Deadly Poison","Skewer","Flechettes"],"picked":"SKIP","floor":18},{"not_picked":["Calculated Gamble","Flechettes","Quick Slash"],"picked":"SKIP","floor":20},{"not_picked":["Distraction","Flying Knee"],"picked":"Blade Dance","floor":22},{"not_picked":["Burst","PiercingWail+1","Accuracy"],"picked":"Singing Bowl","floor":23},{"not_picked":["Deadly Poison","PiercingWail","Masterful Stab"],"picked":"Singing Bowl","floor":28},{"not_picked":["Dodge and Roll","Outmaneuver"],"picked":"Cloak And Dagger","floor":30},{"not_picked":["PiercingWail","Dagger Throw","Eviscerate"],"picked":"Singing Bowl","floor":31}],"player_experience":685803,"relics_obtained":[{"floor":7,"key":"Whetstone"},{"floor":9,"key":"Pantograph"},{"floor":13,"key":"Happy Flower"},{"floor":23,"key":"Singing Bowl"},{"floor":26,"key":"Ornamental Fan"},{"floor":31,"key":"Red Mask"}],"event_choices":[{"damage_healed":0,"gold_gain":150,"player_choice":"AGREE","damage_taken":0,"max_hp_gain":0,"max_hp_loss":0,"event_name":"Liars Game","floor":3,"gold_loss":0,"cards_obtained":["Doubt"]},{"damage_healed":0,"gold_gain":0,"player_choice":"Entered Light","damage_taken":20,"max_hp_gain":0,"max_hp_loss":0,"event_name":"Shining Light","floor":4,"gold_loss":0,"cards_upgraded":["Defend_G","Flying Knee"]},{"damage_healed":0,"gold_gain":50,"player_choice":"Stole From Cult","damage_taken":0,"max_hp_gain":0,"max_hp_loss":0,"event_name":"Nest","floor":19,"gold_loss":0},{"damage_healed":0,"gold_gain":0,"player_choice":"Ignored","damage_taken":0,"max_hp_gain":0,"max_hp_loss":0,"event_name":"Vampires","floor":21,"gold_loss":0},{"damage_healed":0,"gold_gain":0,"player_choice":"Fight","damage_taken":0,"max_hp_gain":0,"max_hp_loss":0,"event_name":"Colosseum","floor":25,"gold_loss":0},{"damage_healed":0,"gold_gain":0,"player_choice":"Fled From Nobs","damage_taken":0,"max_hp_gain":0,"max_hp_loss":0,"event_name":"Colosseum","floor":25,"gold_loss":0},{"cards_removed":["Strike_G"],"damage_healed":0,"gold_gain":0,"player_choice":"Gave Gold","damage_taken":0,"max_hp_gain":0,"max_hp_loss":0,"event_name":"Beggar","floor":27,"gold_loss":75},{"damage_healed":0,"gold_gain":0,"player_choice":"Fought Bandits","damage_taken":0,"max_hp_gain":0,"max_hp_loss":0,"event_name":"Masked Bandits","floor":31,"gold_loss":0}],"is_beta":false,"boss_relics":[{"not_picked":["Cursed Key","White Beast Statue"],"picked":"WristBlade"}],"items_purged_floors":[11,29],"is_endless":false,"potions_floor_spawned":[12,14,16,20,22,31],"killed_by":"Collector","ascension_level":19}