{"path_per_floor":["M","M","?","M","M","R","?","$","T","M","M","R","?","E","R","B",null,"M","$","?","M","M","R","M","E","T","M","R","E","R","M","R","B",null,"M","?","?","M","M","R","$","M","T","R","E","R","M","M","R","B"],"character_chosen":"IRONCLAD","items_purchased":["Bag of Marbles","Inflame","Whirlwind","Paper Frog"],"gold_per_floor":[110,123,298,309,324,324,324,68,91,116,135,135,135,170,170,289,289,302,124,124,143,159,159,177,212,212,225,225,256,256,274,274,400,400,416,416,416,429,443,443,56,74,74,74,115,115,134,153,153,153],"floor_reached":51,"campfire_rested":4,"playtime":1879,"current_hp_per_floor":[73,79,79,80,66,66,46,46,46,39,44,80,80,66,66,28,67,75,75,59,61,68,68,49,38,38,47,77,77,77,77,77,77,77,44,44,63,59,54,54,54,39,39,77,64,64,73,69,77,45],"items_purged":["Doubt","Parasite","Writhe"],"gold":153,"score":958,"play_id":"a1b5318f-1ebf-42b2-bea9-be5b7a1db4ab","local_time":"20180303165823","is_prod":false,"is_daily":false,"is_ascension_mode":true,"campfire_upgraded":7,"timestamp":1520096303,"path_taken":["M","?","?","M","M","R","?","$","T","M","?","R","?","E","R","BOSS","M","$","?","M","M","R","M","E","T","M","R","E","R","M","R","BOSS","M","?","?","M","M","R","$","M","T","R","E","R","?","M","R","BOSS"],"build_version":"2018-03-01-PROD1","purchased_purges":3,"victory":true,"master_deck":["Strike_R","Strike_R","Strike_R","Strike_R","Defend_R","Defend_R","Defend_R","Defend_R","Bash","Uppercut+1","Heavy Blade+1","Seeing Red+1","Inflame+1","Headbutt","Brutality","Whirlwind+1","Necronomicurse","Metallicize+1","Demon Form+1","Rupture+1","Offering","Flex+1"],"max_hp_per_floor":[80,80,80,80,80,80,80,80,80,80,80,80,80,80,80,80,80,80,77,77,77,77,77,77,77,77,77,77,77,77,77,77,77,77,77,77,77,77,77,77,77,77,77,77,77,77,77,77,77,77],"relics":["Burning Blood","Regal Pillow","Golden Idol","Bag of Marbles","Bronze Scales","Bird Faced Urn","Velvet Choker","Necronomicon","Centennial Puzzle","Magic Flower","Prayer Wheel","Philosopher\u0027s Stone","Paper Frog","Ice Cream","Happy Flower"],"card_choices":[{"not_picked":["Metallicize","Havoc"],"picked":"Uppercut"},{"not_picked":["Anger","Iron Wave"],"picked":"Heavy Blade"},{"not_picked":["Pommel Strike","Shockwave"],"picked":"Seeing Red"},{"not_picked":["Power Through","Havoc"],"picked":"Headbutt"},{"not_picked":["Bludgeon","Reaper"],"picked":"Brutality"},{"not_picked":["Rampage","Body Slam"],"picked":"Metallicize"},{"not_picked":["Headbutt","Sentinel"],"picked":"Demon Form"},{"not_picked":["Rampage","Flex"],"picked":"Rupture"},{"not_picked":["Fiend Fire","Impervious"],"picked":"Offering"},{"not_picked":["Pommel Strike","Sever Soul"],"picked":"Flex"}],"player_experience":192061,"potions_floor_usage":[16,29,29,33,33,50],"damage_taken":[{"damage":5,"enemies":"Cultist","floor":1,"turns":5},{"damage":0,"enemies":"2 Louse","floor":2,"turns":2},{"damage":4,"enemies":"Small Slimes","floor":4,"turns":6},{"damage":20,"enemies":"Blue Slaver","floor":5,"turns":4},{"damage":13,"enemies":"Large Slime","floor":10,"turns":4},{"damage":1,"enemies":"Exordium Wildlife","floor":11,"turns":2},{"damage":20,"enemies":"Lagavulin","floor":14,"turns":3},{"damage":46,"enemies":"The Guardian","floor":16,"turns":10},{"damage":2,"enemies":"Chosen","floor":18,"turns":4},{"damage":6,"enemies":"Shell Parasite","floor":21,"turns":2},{"damage":1,"enemies":"3 Cultists","floor":22,"turns":3},{"damage":27,"enemies":"Snake Plant","floor":24,"turns":3},{"damage":21,"enemies":"Slavers","floor":25,"turns":2},{"damage":0,"enemies":"Cultist and Chosen","floor":27,"turns":2},{"damage":11,"enemies":"Book of Stabbing","floor":29,"turns":2},{"damage":0,"enemies":"Snecko","floor":31,"turns":2},{"damage":11,"enemies":"Champ","floor":33,"turns":6},{"damage":45,"enemies":"3 Shapes","floor":35,"turns":2},{"damage":13,"enemies":"Orb Walker","floor":38,"turns":2},{"damage":29,"enemies":"Maw","floor":39,"turns":4},{"damage":24,"enemies":"4 Shapes","floor":42,"turns":1},{"damage":22,"enemies":"2 Orb Walkers","floor":45,"turns":2},{"damage":0,"enemies":"Sphere and 2 Shapes","floor":47,"turns":1},{"damage":26,"enemies":"3 Darklings","floor":48,"turns":3},{"damage":47,"enemies":"Donu and Deca","floor":50,"turns":3}],"event_choices":[{"event_name":"Liars Game","player_choice":"agreed","floor":3,"damage_taken":0},{"event_name":"Golden Idol","player_choice":"Take Damage","floor":7,"damage_taken":0},{"event_name":"Upgrade Shrine","player_choice":"Upgraded","floor":13,"damage_taken":0},{"event_name":"Cursed Tome","player_choice":"Obtained Book","floor":20,"damage_taken":0},{"event_name":"Winding Halls","player_choice":"Writhe","floor":37,"damage_taken":0}],"boss_relics":[{"not_picked":["Snecko Eye","Calling Bell"],"picked":"Velvet Choker"},{"not_picked":["Orrery","Pandora\u0027s Box"],"picked":"Philosopher\u0027s Stone"}],"potions_floor_spawned":[1,2,16,24,27,29,33,35,42,45,48],"seed_played":"4185983751803531163","ascension_level":11,"is_trial":false}