{"gold_per_floor":[109,109,122,272,56,56,89,89,89,89,119,129,164,181,181,259,259,278,228,128,145,195,223,239,266,291,302,319,319,319,353,353,430,430,440,440,390,390,442,442,473,473,473,473,315,315,346,362,362,362],"floor_reached":51,"playtime":2846,"items_purged":["Doubt","Strike_R","Writhe","Strike_R"],"score":1416,"play_id":"17115607-062b-4cad-ab7e-c8a700a94cfd","local_time":"20190430175302","is_ascension_mode":true,"campfire_choices":[{"data":"Uppercut","floor":6,"key":"SMITH"},{"floor":10,"key":"REST"},{"data":"True Grit","floor":15,"key":"SMITH"},{"data":"Immolate","floor":29,"key":"SMITH"},{"data":"Sword Boomerang","floor":32,"key":"SMITH"},{"data":"Heavy Blade","floor":40,"key":"SMITH"},{"data":"Strike_R","floor":46,"key":"PURGE"},{"data":"Sword Boomerang","floor":49,"key":"SMITH"}],"neow_cost":"NONE","seed_source_timestamp":9528583053175,"circlet_count":0,"master_deck":["AscendersBane","Strike_R+1","Defend_R+1","Defend_R","Defend_R","Defend_R","Bash+1","Battle Trance","Uppercut+1","Feed","Clothesline+1","Flame Barrier","True Grit+1","Spot Weakness","Headbutt","Immolate+1","Pommel Strike+1","Shockwave","Shrug It Off","Headbutt","Spot Weakness","Shrug It Off","Sword Boomerang+1","Offering","Heavy Blade+1","Sword Boomerang+1","Juggernaut","Feel No Pain","Burning Pact","Disarm+1"],"relics":["Burning Blood","Self Forming Clay","Nunchaku","PreservedInsect","Peace Pipe","Snecko Eye","Regal Pillow","Juzu Bracelet","Happy Flower","Smiling Mask","Sozu","Du-Vu Doll","Charon\u0027s Ashes","Centennial Puzzle"],"potions_floor_usage":[11,16,33],"damage_taken":[{"damage":14,"enemies":"Jaw Worm","floor":1,"turns":3},{"damage":6,"enemies":"Cultist","floor":3,"turns":4},{"damage":57,"enemies":"3 Sentries","floor":7,"turns":14},{"damage":17,"enemies":"Lagavulin","floor":11,"turns":7},{"damage":7,"enemies":"2 Louse","floor":12,"turns":5},{"damage":12,"enemies":"3 Sentries","floor":13,"turns":6},{"damage":8,"enemies":"Looter","floor":14,"turns":5},{"damage":31,"enemies":"Slime Boss","floor":16,"turns":12},{"damage":3,"enemies":"Chosen","floor":18,"turns":4},{"damage":4,"enemies":"Shell Parasite","floor":21,"turns":4},{"damage":42,"enemies":"Slavers","floor":23,"turns":10},{"damage":12,"enemies":"Cultist and Chosen","floor":24,"turns":4},{"damage":0,"enemies":"Gremlin Leader","floor":25,"turns":4},{"damage":0,"enemies":"Snake Plant","floor":27,"turns":2},{"damage":0,"enemies":"Snecko","floor":28,"turns":4},{"damage":2,"enemies":"Book of Stabbing","floor":31,"turns":3},{"damage":52,"enemies":"Champ","floor":33,"turns":15},{"damage":0,"enemies":"3 Darklings","floor":35,"turns":4},{"damage":11,"enemies":"Reptomancer","floor":41,"turns":4},{"damage":15,"enemies":"Giant Head","floor":47,"turns":5},{"damage":0,"enemies":"3 Shapes","floor":48,"turns":1},{"damage":42,"enemies":"Time Eater","floor":50,"turns":9}],"seed_played":"-8149579742900597556","potions_obtained":[{"floor":1,"key":"PowerPotion"},{"floor":7,"key":"SkillPotion"},{"floor":14,"key":"PowerPotion"},{"floor":16,"key":"SkillPotion"},{"floor":33,"key":"SpeedPotion"}],"is_trial":false,"path_per_floor":["M","?","M","?","$","R","E","?","T","R","E","M","E","M","R","B",null,"M","?","$","M","?","E","M","E","T","M","M","R","?","E","R","B",null,"M","?","$","?","T","R","E","?","T","?","$","R","E","M","R","B",null],"character_chosen":"IRONCLAD","items_purchased":["Uppercut","Feed","Feel No Pain","Burning Pact"],"campfire_rested":1,"item_purchase_floors":[5,5,45,45],"current_hp_per_floor":[67,67,67,67,67,67,19,19,19,44,36,38,35,36,36,14,79,85,85,85,90,90,57,51,57,57,63,72,72,72,76,76,30,92,98,112,112,112,112,112,110,110,110,93,93,93,84,90,90,54],"gold":362,"neow_bonus":"TEN_PERCENT_HP_BONUS","is_prod":false,"is_daily":false,"chose_seed":false,"campfire_upgraded":6,"win_rate":0,"timestamp":1556657582,"path_taken":["M","?","?","?","$","R","E","?","T","R","E","M","E","?","R","BOSS","M","?","$","?","?","E","M","E","T","M","M","R","?","E","R","BOSS","M","?","$","?","?","R","E","?","T","?","?","R","E","M","R","BOSS"],"build_version":"2019-01-23","purchased_purges":4,"victory":true,"max_hp_per_floor":[82,82,82,82,82,82,85,85,85,85,88,91,94,97,97,100,100,103,103,103,106,106,109,109,109,109,109,112,112,112,112,112,112,112,112,112,112,112,112,112,115,115,115,115,115,115,115,115,115,115],"card_choices":[{"not_picked":["Sever Soul","Armaments","Clash"],"picked":"SKIP","floor":1},{"not_picked":["Ghostly Armor","Havoc"],"picked":"Battle Trance","floor":3},{"not_picked":["Seeing Red","Reckless Charge"],"picked":"Clothesline","floor":7},{"not_picked":["Body Slam","Shockwave"],"picked":"Flame Barrier","floor":11},{"not_picked":["Pommel Strike","Searing Blow"],"picked":"True Grit","floor":12},{"not_picked":["Shrug It Off","Sentinel"],"picked":"Spot Weakness","floor":13},{"not_picked":["Cleave","Metallicize"],"picked":"Headbutt","floor":14},{"not_picked":["Double Tap","Impervious"],"picked":"Immolate","floor":16},{"not_picked":["Clothesline","Flex"],"picked":"Pommel Strike+1","floor":18},{"not_picked":["Wild Strike","Spot Weakness"],"picked":"Shockwave","floor":21},{"not_picked":["Bloodletting","Havoc+1"],"picked":"Shrug It Off","floor":23},{"not_picked":["Clash","Infernal Blade"],"picked":"Headbutt","floor":24},{"not_picked":["Berserk","Battle Trance"],"picked":"Spot Weakness","floor":25},{"not_picked":["Entrench","Second Wind","Whirlwind"],"picked":"SKIP","floor":27},{"not_picked":["Pommel Strike+1","Clothesline+1","Sever Soul"],"picked":"SKIP","floor":28},{"not_picked":["Double Tap","Pommel Strike"],"picked":"Sword Boomerang","floor":31},{"not_picked":["Immolate","Feed"],"picked":"Offering","floor":33},{"not_picked":["Thunderclap+1","Intimidate+1"],"picked":"Heavy Blade","floor":35},{"not_picked":["Berserk","Twin Strike"],"picked":"Sword Boomerang","floor":41},{"not_picked":["Offering","Power Through","Sword Boomerang"],"picked":"SKIP","floor":47},{"not_picked":["True Grit","Rupture"],"picked":"Disarm+1","floor":48}],"player_experience":790188,"relics_obtained":[{"floor":7,"key":"Self Forming Clay"},{"floor":9,"key":"Nunchaku"},{"floor":11,"key":"PreservedInsect"},{"floor":13,"key":"Peace Pipe"},{"floor":23,"key":"Regal Pillow"},{"floor":25,"key":"Juzu Bracelet"},{"floor":26,"key":"Happy Flower"},{"floor":31,"key":"Smiling Mask"},{"floor":41,"key":"Du-Vu Doll"},{"floor":43,"key":"Charon\u0027s Ashes"},{"floor":47,"key":"Centennial Puzzle"}],"event_choices":[{"damage_healed":0,"gold_gain":0,"player_choice":"Upgraded","damage_taken":0,"max_hp_gain":0,"max_hp_loss":0,"event_name":"Upgrade Shrine","floor":2,"gold_loss":0,"cards_upgraded":["Bash"]},{"damage_healed":0,"gold_gain":150,"player_choice":"AGREE","damage_taken":0,"max_hp_gain":0,"max_hp_loss":0,"event_name":"Liars Game","floor":4,"gold_loss":0,"cards_obtained":["Doubt"]},{"damage_healed":0,"gold_gain":0,"player_choice":"Forge","damage_taken":0,"max_hp_gain":0,"max_hp_loss":0,"event_name":"Accursed Blacksmith","floor":8,"gold_loss":0,"cards_upgraded":["Clothesline"]},{"damage_healed":0,"gold_gain":0,"player_choice":"Upgraded Two","damage_taken":0,"max_hp_gain":0,"max_hp_loss":0,"event_name":"Designer","floor":19,"gold_loss":50,"cards_upgraded":["Defend_R","Strike_R"]},{"damage_healed":0,"gold_gain":50,"player_choice":"Stole From Cult","damage_taken":0,"max_hp_gain":0,"max_hp_loss":0,"event_name":"Nest","floor":22,"gold_loss":0},{"damage_healed":0,"gold_gain":0,"player_choice":"Read","damage_taken":0,"max_hp_gain":0,"max_hp_loss":0,"event_name":"The Library","floor":30,"gold_loss":0,"cards_obtained":["Shrug It Off"]},{"damage_healed":22,"gold_gain":0,"player_choice":"Writhe","damage_taken":0,"max_hp_gain":0,"max_hp_loss":0,"event_name":"Winding Halls","floor":36,"gold_loss":0,"cards_obtained":["Writhe"]},{"damage_healed":0,"gold_gain":0,"player_choice":"Ignored","damage_taken":0,"max_hp_gain":0,"max_hp_loss":0,"event_name":"Tomb of Lord Red Mask","floor":38,"gold_loss":0},{"damage_healed":0,"gold_gain":0,"cards_transformed":["Strike_R"],"player_choice":"Transformed","damage_taken":0,"max_hp_gain":0,"max_hp_loss":0,"event_name":"Transmorgrifier","floor":42,"gold_loss":0,"cards_obtained":["Juggernaut"]},{"damage_healed":0,"gold_gain":0,"player_choice":"Damaged","damage_taken":17,"max_hp_gain":0,"max_hp_loss":0,"event_name":"Wheel of Change","floor":44,"gold_loss":0}],"is_beta":false,"boss_relics":[{"not_picked":["Eternal Feather","Velvet Choker"],"picked":"Snecko Eye"},{"not_picked":["Coffee Dripper","Cursed Key"],"picked":"Sozu"}],"items_purged_floors":[5,20,37,45],"is_endless":false,"potions_floor_spawned":[1,7,14,16,25,27,28,33,48],"ascension_level":15}