{"gold_per_floor":[111,111,122,122,141,141,29,42,42,42,74,90,120,133,133,208,208,221,86,105,105,20,48,58,87,87,116,116,128,146,15,15,15],"floor_reached":33,"playtime":1091,"items_purged":["Defend_G"],"score":751,"play_id":"b8489430-1cc5-45b3-a8e0-c957649a9159","local_time":"20190201202854","is_ascension_mode":true,"campfire_choices":[{"data":"Skewer","floor":6,"key":"SMITH"},{"data":"Dagger Spray","floor":10,"key":"SMITH"},{"data":"Glass Knife","floor":15,"key":"SMITH"},{"floor":28,"key":"REST"},{"data":"Discovery","floor":32,"key":"SMITH"}],"neow_cost":"NONE","seed_source_timestamp":540489653641000,"circlet_count":0,"master_deck":["AscendersBane","Survivor","Neutralize","Backstab","Skewer+1","Infinite Blades","Dagger Spray+1","Backstab","Predator","Glass Knife+1","Dagger Spray","Venomology","A Thousand Cuts","Envenom","Catalyst","Heel Hook","Bullet Time","Dash","A Thousand Cuts","PiercingWail","Backflip","Glass Knife","Cloak And Dagger","Backflip","Discovery+1","Dodge and Roll"],"relics":["Ring of the Snake","NeowsBlessing","Mercury Hourglass","FossilizedHelix","Darkstone Periapt","Pandora\u0027s Box","Nilry\u0027s Codex","Centennial Puzzle","Bottled Lightning","Blue Candle","Omamori","Bottled Tornado"],"potions_floor_usage":[8,23,24,33,33,33],"damage_taken":[{"damage":0,"enemies":"Small Slimes","floor":1,"turns":1},{"damage":0,"enemies":"Cultist","floor":3,"turns":1},{"damage":0,"enemies":"2 Louse","floor":5,"turns":1},{"damage":10,"enemies":"Lots of Slimes","floor":8,"turns":4},{"damage":12,"enemies":"3 Sentries","floor":11,"turns":4},{"damage":0,"enemies":"Gremlin Gang","floor":12,"turns":1},{"damage":0,"enemies":"Gremlin Nob","floor":13,"turns":3},{"damage":0,"enemies":"Large Slime","floor":14,"turns":3},{"damage":0,"enemies":"Slime Boss","floor":16,"turns":5},{"damage":0,"enemies":"Spheric Guardian","floor":18,"turns":2},{"damage":0,"enemies":"3 Byrds","floor":20,"turns":3},{"damage":7,"enemies":"Gremlin Leader","floor":23,"turns":5},{"damage":3,"enemies":"Snake Plant","floor":24,"turns":3},{"damage":14,"enemies":"Book of Stabbing","floor":25,"turns":5},{"damage":0,"enemies":"Gremlin Leader","floor":27,"turns":5},{"damage":12,"enemies":"Chosen and Byrds","floor":29,"turns":4},{"damage":0,"enemies":"3 Cultists","floor":30,"turns":4},{"damage":30,"enemies":"Champ","floor":33,"turns":6}],"seed_played":"-6026624953715690339","potions_obtained":[{"floor":1,"key":"Swift Potion"},{"floor":3,"key":"Ancient Potion"},{"floor":11,"key":"GhostInAJar"},{"floor":16,"key":"Strength Potion"},{"floor":23,"key":"GamblersBrew"}],"is_trial":false,"path_per_floor":["M","?","M","?","M","R","$","M","T","R","E","M","E","M","R","B",null,"M","$","M","?","?","E","M","E","T","E","R","M","M","$","R","B"],"character_chosen":"THE_SILENT","items_purchased":["Infinite Blades","GhostInAJar","Backflip","Discovery","Dodge and Roll"],"campfire_rested":1,"item_purchase_floors":[7,19,19,31,31],"current_hp_per_floor":[59,59,59,66,66,66,66,56,56,56,44,44,44,44,44,44,61,61,61,61,40,40,33,30,16,16,16,35,23,23,23,23,0],"gold":15,"neow_bonus":"THREE_ENEMY_KILL","is_prod":false,"is_daily":false,"chose_seed":false,"campfire_upgraded":4,"win_rate":0,"timestamp":1549052934,"path_taken":["M","?","?","?","M","R","$","M","T","R","E","?","E","M","R","BOSS","M","$","?","?","?","E","M","E","T","E","R","M","M","?","R","BOSS"],"build_version":"2019-01-23","purchased_purges":1,"victory":false,"max_hp_per_floor":[66,66,66,66,66,66,66,66,66,66,66,66,66,66,66,66,66,66,66,66,66,66,66,66,66,66,66,66,66,66,66,66,66],"card_choices":[{"not_picked":["Deadly Poison","Endless Agony"],"picked":"Backstab","floor":1},{"not_picked":["Cloak And Dagger","Blade Dance","Expertise"],"picked":"SKIP","floor":3},{"not_picked":["Distraction","Backflip"],"picked":"Skewer","floor":5},{"not_picked":["Concentrate","Dagger Throw"],"picked":"Dagger Spray","floor":8},{"not_picked":["Flying Knee","Eviscerate"],"picked":"Backstab","floor":11},{"not_picked":["Deflect","PiercingWail"],"picked":"Predator","floor":12},{"not_picked":["Calculated Gamble","Dash"],"picked":"Glass Knife","floor":13},{"not_picked":["Outmaneuver","Cloak And Dagger"],"picked":"Dagger Spray","floor":14},{"not_picked":["Poisoned Stab","Acrobatics"],"picked":"PiercingWail","floor":18},{"not_picked":["Prepared","Setup","Slice+1"],"picked":"SKIP","floor":20},{"not_picked":["Deadly Poison+1","Concentrate"],"picked":"Glass Knife","floor":23},{"not_picked":["Bane","Choke","Slice"],"picked":"SKIP","floor":24},{"not_picked":["Masterful Stab","Bane","All Out Attack"],"picked":"SKIP","floor":25},{"not_picked":["Quick Slash","Outmaneuver+1"],"picked":"Cloak And Dagger","floor":27},{"not_picked":["Cloak And Dagger","Dagger Spray"],"picked":"Backflip","floor":29},{"not_picked":["Slice","Prepared","Skewer"],"picked":"SKIP","floor":30},{"not_picked":["Slice","Prepared","Skewer"],"picked":"SKIP","floor":30}],"player_experience":180443,"relics_obtained":[{"floor":9,"key":"Mercury Hourglass"},{"floor":11,"key":"FossilizedHelix"},{"floor":13,"key":"Darkstone Periapt"},{"floor":21,"key":"Nilry\u0027s Codex"},{"floor":23,"key":"Bottled Lightning"},{"floor":25,"key":"Blue Candle"},{"floor":26,"key":"Omamori"},{"floor":27,"key":"Bottled Tornado"}],"event_choices":[{"cards_removed":["Strike_G"],"damage_healed":0,"gold_gain":0,"player_choice":"Purged","damage_taken":0,"max_hp_gain":0,"max_hp_loss":0,"event_name":"Purifier","floor":2,"gold_loss":0},{"damage_healed":7,"gold_gain":0,"player_choice":"Full Heal","damage_taken":0,"max_hp_gain":0,"max_hp_loss":0,"event_name":"Wheel of Change","floor":4,"gold_loss":0},{"damage_healed":0,"gold_gain":0,"player_choice":"Obtained Book","damage_taken":21,"max_hp_gain":0,"max_hp_loss":0,"event_name":"Cursed Tome","floor":21,"gold_loss":0},{"damage_healed":0,"gold_gain":0,"player_choice":"Obtained Relic","damage_taken":0,"relics_obtained":["Centennial Puzzle"],"max_hp_gain":0,"max_hp_loss":0,"event_name":"Addict","floor":22,"gold_loss":85}],"is_beta":false,"boss_relics":[{"not_picked":["Ring of the Serpent","Busted Crown"],"picked":"Pandora\u0027s Box"}],"items_purged_floors":[7],"is_endless":false,"potions_floor_spawned":[1,3,11,16,18,23,29],"killed_by":"Champ","ascension_level":16}