{"gold_per_floor":[113,125,50,68,68,68,68,95,95,95,112,112,112,122,122,195,195,205,224,124,124,124,152,152,152,223,223],"floor_reached":27,"playtime":716,"items_purged":["Strike_R","Strike_R"],"score":447,"play_id":"0f6edf9e-077d-4293-844a-65f0286638d6","local_time":"20190427174615","is_ascension_mode":true,"campfire_choices":[{"data":"Rampage","floor":6,"key":"SMITH"},{"data":"Barricade","floor":15,"key":"SMITH"},{"data":"Ghostly Armor","floor":24,"key":"SMITH"}],"neow_cost":"NONE","seed_source_timestamp":3473597893493197,"circlet_count":0,"master_deck":["AscendersBane","Strike_R","Strike_R+1","Strike_R","Defend_R","Defend_R","Defend_R","Defend_R","Bash+1","Flame Barrier","Rampage+1","Barricade+1","Flame Barrier","Impervious","Headbutt","Ghostly Armor+1"],"relics":["Burning Blood","NeowsBlessing","Paper Frog","Happy Flower","Pantograph","Meat on the Bone","Sozu","The Courier","Pear"],"potions_floor_usage":[8,23,23],"damage_taken":[{"damage":0,"enemies":"2 Louse","floor":1,"turns":1},{"damage":0,"enemies":"Jaw Worm","floor":2,"turns":1},{"damage":0,"enemies":"Cultist","floor":4,"turns":1},{"damage":50,"enemies":"3 Sentries","floor":8,"turns":11},{"damage":11,"enemies":"Looter","floor":11,"turns":2},{"damage":4,"enemies":"Blue Slaver","floor":14,"turns":5},{"damage":13,"enemies":"The Guardian","floor":16,"turns":10},{"damage":5,"enemies":"Chosen","floor":18,"turns":6},{"damage":27,"enemies":"Spheric Guardian","floor":19,"turns":8},{"damage":23,"enemies":"Gremlin Leader","floor":23,"turns":10},{"damage":72,"enemies":"Slavers","floor":27,"turns":5}],"seed_played":"4849134701229809355","potions_obtained":[{"floor":4,"key":"BloodPotion"},{"floor":8,"key":"Regen Potion"},{"floor":11,"key":"Strength Potion"},{"floor":14,"key":"Weak Potion"},{"floor":16,"key":"LiquidBronze"}],"is_trial":false,"path_per_floor":["M","M","$","M","?","R","T","E","T","?","M","?","?","M","R","B",null,"M","M","$","?","$","E","R","?","T","E"],"character_chosen":"IRONCLAD","items_purchased":[],"campfire_rested":0,"item_purchase_floors":[],"current_hp_per_floor":[74,75,75,75,75,75,75,38,38,38,45,22,27,41,41,59,75,76,55,55,55,55,50,50,50,60,0],"gold":223,"neow_bonus":"THREE_ENEMY_KILL","is_prod":false,"is_daily":false,"chose_seed":false,"campfire_upgraded":3,"win_rate":0,"timestamp":1556383575,"path_taken":["M","M","$","M","?","R","?","E","T","?","?","?","?","M","R","BOSS","M","M","$","?","?","E","R","?","T","E"],"build_version":"2019-01-23","purchased_purges":2,"victory":false,"max_hp_per_floor":[75,75,75,75,75,75,75,75,75,75,75,75,80,80,80,80,80,80,80,80,80,80,80,80,80,90,90],"card_choices":[{"not_picked":["Sword Boomerang","Havoc"],"picked":"Flame Barrier","floor":1},{"not_picked":["Twin Strike","Sword Boomerang"],"picked":"Rampage","floor":2},{"not_picked":["Flex","Clothesline","Spot Weakness"],"picked":"SKIP","floor":4},{"not_picked":["Wild Strike","Dropkick"],"picked":"Barricade","floor":8},{"not_picked":["Clothesline","Thunderclap"],"picked":"Flame Barrier","floor":11},{"not_picked":["Uppercut","Sword Boomerang","Inflame"],"picked":"SKIP","floor":14},{"not_picked":["Brutality","Berserk"],"picked":"Impervious","floor":16},{"not_picked":["Bloodletting+1","Clash","Body Slam"],"picked":"SKIP","floor":18},{"not_picked":["Body Slam","Uppercut"],"picked":"Headbutt","floor":19},{"not_picked":["Wild Strike","Body Slam+1","Fiend Fire"],"picked":"SKIP","floor":23},{"not_picked":["Wild Strike","Body Slam+1","Fiend Fire"],"picked":"SKIP","floor":23}],"player_experience":708278,"relics_obtained":[{"floor":7,"key":"Paper Frog"},{"floor":8,"key":"Happy Flower"},{"floor":9,"key":"Pantograph"},{"floor":23,"key":"The Courier"},{"floor":26,"key":"Pear"}],"event_choices":[{"damage_healed":0,"gold_gain":0,"player_choice":"Ignored","damage_taken":0,"max_hp_gain":0,"max_hp_loss":0,"event_name":"Liars Game","floor":5,"gold_loss":0},{"damage_healed":0,"gold_gain":0,"player_choice":"Gave Potion","damage_taken":0,"relics_obtained":["Meat on the Bone"],"max_hp_gain":0,"max_hp_loss":0,"event_name":"WeMeetAgain","floor":10,"gold_loss":0},{"damage_healed":0,"gold_gain":0,"player_choice":"Entered Light","damage_taken":23,"max_hp_gain":0,"max_hp_loss":0,"event_name":"Shining Light","floor":12,"gold_loss":0,"cards_upgraded":["Strike_R","Bash"]},{"damage_healed":0,"gold_gain":0,"player_choice":"Donut","damage_taken":0,"max_hp_gain":5,"max_hp_loss":0,"event_name":"Big Fish","floor":13,"gold_loss":0},{"damage_healed":0,"gold_gain":0,"player_choice":"Read","damage_taken":0,"max_hp_gain":0,"max_hp_loss":0,"event_name":"The Library","floor":21,"gold_loss":0,"cards_obtained":["Ghostly Armor"]},{"damage_healed":0,"gold_gain":0,"player_choice":"Ignored","damage_taken":0,"max_hp_gain":0,"max_hp_loss":0,"event_name":"Ghosts","floor":25,"gold_loss":0}],"is_beta":false,"boss_relics":[{"not_picked":["Mark of Pain","Tiny House"],"picked":"Sozu"}],"items_purged_floors":[3,20],"is_endless":false,"potions_floor_spawned":[4,8,11,14,16,19],"killed_by":"Slavers","ascension_level":19}