{"gold_per_floor":[113,113,126,145,165,165,165,165,165,165,189,189,208,223,223,322,322,342,1,25,124,138,138,138],"floor_reached":24,"playtime":795,"items_purged":[],"score":314,"play_id":"875f63aa-cded-4769-b8f4-e80f5b963151","local_time":"20190118143957","is_ascension_mode":true,"campfire_choices":[{"data":"Bash","floor":6,"key":"SMITH"},{"data":"Shrug It Off","floor":12,"key":"SMITH"},{"data":"Uppercut","floor":15,"key":"SMITH"},{"data":"Dodge and Roll","floor":23,"key":"SMITH"}],"neow_cost":"NONE","seed_source_timestamp":2063916395223545,"circlet_count":0,"master_deck":["AscendersBane","Strike_R","Strike_R","Defend_R","Defend_R","Defend_R","Defend_R","Bash+1","Cleave+1","Pommel Strike","True Grit+1","Pommel Strike","Shrug It Off+1","Uppercut+1","Offering","Burning Pact+1","Searing Blow+1","Warcry+1","Iron Wave","Beam Cell","Dodge and Roll+1"],"relics":["Burning Blood","Boot","Golden Idol","PreservedInsect","Astrolabe","PrismaticShard","Lantern"],"potions_floor_usage":[5,20],"damage_taken":[{"damage":2,"enemies":"2 Louse","floor":1,"turns":3},{"damage":3,"enemies":"Jaw Worm","floor":3,"turns":4},{"damage":0,"enemies":"Small Slimes","floor":4,"turns":2},{"damage":6,"enemies":"Gremlin Gang","floor":5,"turns":2},{"damage":9,"enemies":"Red Slaver","floor":11,"turns":3},{"damage":13,"enemies":"Blue Slaver","floor":13,"turns":3},{"damage":0,"enemies":"Large Slime","floor":14,"turns":5},{"damage":52,"enemies":"Slime Boss","floor":16,"turns":15},{"damage":11,"enemies":"Chosen","floor":18,"turns":5},{"damage":20,"enemies":"2 Thieves","floor":20,"turns":3},{"damage":7,"enemies":"Centurion and Healer","floor":22,"turns":6},{"damage":51,"enemies":"Book of Stabbing","floor":24,"turns":5}],"seed_played":"-4184240096168629644","potions_obtained":[{"floor":4,"key":"SteroidPotion"},{"floor":5,"key":"Ancient Potion"},{"floor":16,"key":"BloodPotion"}],"is_trial":false,"path_per_floor":["M","?","M","M","M","R","?","?","T","?","M","R","M","M","R","B",null,"M","$","M","?","M","R","E"],"character_chosen":"IRONCLAD","items_purchased":["PrismaticShard","Lantern"],"campfire_rested":0,"item_purchase_floors":[19,19],"current_hp_per_floor":[76,76,79,80,80,80,80,60,60,60,57,57,50,56,56,10,63,58,58,52,52,51,51,0],"gold":138,"neow_bonus":"RANDOM_COMMON_RELIC","is_prod":false,"is_daily":false,"chose_seed":false,"campfire_upgraded":4,"win_rate":0,"timestamp":1547822397,"path_taken":["M","?","M","M","M","R","?","?","T","?","?","R","M","M","R","BOSS","M","$","M","?","M","R","E"],"build_version":"2019-01-17v2","purchased_purges":0,"victory":false,"max_hp_per_floor":[80,80,80,80,80,80,80,80,80,80,80,80,80,80,80,80,80,80,80,80,80,80,80,80],"card_choices":[{"not_picked":["Sentinel","Carnage"],"picked":"Cleave","floor":1},{"not_picked":["Evolve","Heavy Blade"],"picked":"Pommel Strike","floor":3},{"not_picked":["Sentinel","Rupture"],"picked":"True Grit","floor":4},{"not_picked":["Cleave","Sword Boomerang"],"picked":"Pommel Strike","floor":5},{"not_picked":["Cleave","Metallicize"],"picked":"Shrug It Off","floor":11},{"not_picked":["Flex","True Grit","Wild Strike"],"picked":"SKIP","floor":13},{"not_picked":["Power Through","Seeing Red"],"picked":"Uppercut","floor":14},{"not_picked":["Berserk","Feed"],"picked":"Offering","floor":16},{"not_picked":["Seeing Red","Body Slam"],"picked":"Iron Wave","floor":18},{"not_picked":["Slice","Darkness"],"picked":"Beam Cell","floor":20},{"not_picked":["Headbutt","Bouncing Flask+1"],"picked":"Dodge and Roll","floor":22}],"player_experience":408195,"relics_obtained":[{"floor":9,"key":"PreservedInsect"}],"event_choices":[{"damage_healed":0,"gold_gain":0,"player_choice":"Grow","damage_taken":0,"max_hp_gain":0,"max_hp_loss":0,"event_name":"Living Wall","floor":2,"gold_loss":0,"cards_upgraded":["Cleave"]},{"damage_healed":0,"gold_gain":0,"player_choice":"Ignored","damage_taken":0,"max_hp_gain":0,"max_hp_loss":0,"event_name":"Liars Game","floor":7,"gold_loss":0},{"damage_healed":0,"gold_gain":0,"player_choice":"Take Damage","damage_taken":20,"relics_obtained":["Golden Idol"],"max_hp_gain":0,"max_hp_loss":0,"event_name":"Golden Idol","floor":8,"gold_loss":0},{"damage_healed":0,"gold_gain":0,"player_choice":"Forge","damage_taken":0,"max_hp_gain":0,"max_hp_loss":0,"event_name":"Accursed Blacksmith","floor":10,"gold_loss":0,"cards_upgraded":["True Grit"]},{"damage_healed":0,"gold_gain":99,"player_choice":"Stole From Cult","damage_taken":0,"max_hp_gain":0,"max_hp_loss":0,"event_name":"Nest","floor":21,"gold_loss":0}],"is_beta":false,"boss_relics":[{"not_picked":["Eternal Feather","Calling Bell"],"picked":"Astrolabe"}],"items_purged_floors":[],"is_endless":false,"potions_floor_spawned":[4,5,16,18],"killed_by":"Book of Stabbing","ascension_level":13}