{"path_per_floor":["M","?","?","M","M","R","M","E","T","M","?","M","E","M","R","B",null,"M","$","M","$","M","R","E","R","T","R","E","R","E","$","R","B",null,"M","M","M","?","M","R","E"],"character_chosen":"DEFECT","items_purchased":["Coolheaded","Frozen Egg 2","Ice Cream","Capacitor"],"gold_per_floor":[117,117,117,135,148,148,160,190,190,205,455,473,502,515,515,620,620,634,292,306,12,23,23,53,53,53,53,81,81,116,15,15,110,110,125,144,157,157,171,171,203,203],"floor_reached":42,"campfire_rested":6,"playtime":1969,"current_hp_per_floor":[75,72,72,63,62,62,55,42,42,34,34,34,27,9,31,13,75,53,53,43,43,33,55,30,52,52,74,43,65,57,57,57,54,75,60,52,21,21,1,23,6,0],"items_purged":["Strike_B","Pain"],"gold":203,"score":523,"play_id":"d547c76c-d222-4bd4-8835-bbe9cf661594","local_time":"20180429124502","is_prod":false,"is_daily":false,"chose_seed":false,"is_ascension_mode":false,"campfire_upgraded":2,"timestamp":1525027502,"path_taken":["M","?","?","M","M","R","M","E","T","?","?","M","E","M","R","BOSS","M","?","M","$","M","R","E","R","T","R","E","R","E","$","R","BOSS","M","M","?","?","M","R","E","?"],"build_version":"2018-04-27v3","seed_source_timestamp":319069061218661,"purchased_purges":2,"victory":false,"master_deck":["Strike_B","Strike_B","Strike_B","Defend_B","Defend_B","Defend_B","Defend_B","Dualcast+1","Cold Snap","Capacitor+1","Aggregate+1","Blaster+1","Defragment","Blizzard+1","Coolheaded","Regret","Impulse","Fusion","Glacier","Rainbow","Ball Lightning+1","Coolheaded","Ball Lightning+1","Ball Lightning+1","Loop+1","Skim","Coolheaded","Capacitor+1","Amplify","Impulse","Skim+1","Blizzard","Blaster+1","Coolheaded+1"],"max_hp_per_floor":[75,75,75,75,75,75,75,75,75,75,75,75,75,75,75,75,75,75,75,75,75,75,75,75,75,75,75,75,75,75,75,75,75,75,75,75,75,75,75,75,75,75],"relics":["Cracked Core","Centennial Puzzle","War Paint","Smiling Mask","Mercury Hourglass","Cursed Key","Frozen Egg 2","Ice Cream","Lantern","Bronze Scales","Ancient Tea Set","Singing Bowl","Sozu","Molten Egg 2"],"card_choices":[{"not_picked":["Turbo","Force Field"],"picked":"Cold Snap","floor":0},{"not_picked":["Loop","Barrage"],"picked":"Capacitor","floor":1},{"not_picked":["Force Field","Leap"],"picked":"Aggregate","floor":4},{"not_picked":["Stack","Leap"],"picked":"Blaster","floor":5},{"not_picked":["Hologram","Reprogram"],"picked":"Defragment","floor":7},{"not_picked":["Gash","Turbo"],"picked":"Blizzard","floor":8},{"not_picked":["Recycle","Impulse"],"picked":"Coolheaded","floor":10},{"not_picked":["Barrage","Rebound"],"picked":"Impulse","floor":12},{"not_picked":["Buffer","Multi-Cast"],"picked":"Fusion","floor":13},{"not_picked":["FTL","Reinforced Body"],"picked":"Glacier","floor":14},{"not_picked":["Meteor Strike","Prime"],"picked":"Rainbow","floor":16},{"not_picked":["Reprogram","Rebound"],"picked":"Ball Lightning","floor":18},{"not_picked":["Go for the Eyes","Streamline"],"picked":"Ball Lightning","floor":20},{"not_picked":["Rip and Tear","Rebound"],"picked":"Ball Lightning","floor":22},{"not_picked":["Barrage","Prime"],"picked":"Loop","floor":24},{"not_picked":["Hologram","Barrage"],"picked":"Skim","floor":28},{"not_picked":["Beam Cell","Turbo"],"picked":"Coolheaded","floor":30},{"not_picked":["Rainbow","Machine Learning"],"picked":"Amplify","floor":33},{"not_picked":["Genetic Algorithm","Barrage"],"picked":"Impulse","floor":35},{"not_picked":["Go for the Eyes","Turbo"],"picked":"Skim","floor":36},{"not_picked":["Turbo","Axe Kick"],"picked":"Blizzard","floor":37},{"not_picked":["Sweeping Beam","Stack"],"picked":"Blaster","floor":39},{"not_picked":["Biased Cognition","Cold Snap"],"picked":"Coolheaded","floor":41}],"player_experience":360379,"potions_floor_usage":[8,8,12,12,13,20,33,41],"damage_taken":[{"damage":0,"enemies":"Small Slimes","floor":1,"turns":3},{"damage":9,"enemies":"2 Louse","floor":4,"turns":3},{"damage":1,"enemies":"Jaw Worm","floor":5,"turns":4},{"damage":7,"enemies":"3 Louse","floor":7,"turns":2},{"damage":13,"enemies":"Gremlin Nob","floor":8,"turns":4},{"damage":8,"enemies":"Red Slaver","floor":10,"turns":4},{"damage":0,"enemies":"Looter","floor":12,"turns":1},{"damage":7,"enemies":"Lagavulin","floor":13,"turns":8},{"damage":18,"enemies":"Gremlin Gang","floor":14,"turns":3},{"damage":18,"enemies":"Slime Boss","floor":16,"turns":10},{"damage":22,"enemies":"Chosen","floor":18,"turns":5},{"damage":10,"enemies":"3 Byrds","floor":20,"turns":3},{"damage":10,"enemies":"Snake Plant","floor":22,"turns":4},{"damage":25,"enemies":"Book of Stabbing","floor":24,"turns":5},{"damage":31,"enemies":"Slavers","floor":28,"turns":3},{"damage":8,"enemies":"Book of Stabbing","floor":30,"turns":3},{"damage":18,"enemies":"Automaton","floor":33,"turns":9},{"damage":15,"enemies":"Flame Bruiser 1 Orb","floor":35,"turns":5},{"damage":8,"enemies":"3 Shapes","floor":36,"turns":3},{"damage":31,"enemies":"3 Darklings","floor":37,"turns":4},{"damage":20,"enemies":"Flame Bruiser 2 Orb","floor":39,"turns":5},{"damage":17,"enemies":"2 Orb Walkers","floor":41,"turns":3},{"damage":23,"enemies":"Spire Growth","floor":42,"turns":2}],"event_choices":[{"event_name":"Scrap Ooze","player_choice":"success","floor":2,"damage_taken":3},{"event_name":"Living Wall","player_choice":"Grow","floor":3,"damage_taken":0},{"event_name":"Golden Shrine","player_choice":"Desecrate","floor":11,"damage_taken":0}],"boss_relics":[{"not_picked":["Eternal Feather","Velvet Choker"],"picked":"Cursed Key"},{"not_picked":["Snecko Eye","Calling Bell"],"picked":"Sozu"}],"potions_floor_spawned":[4,7,8,10,12,18,30,33,36,37,39],"seed_played":"1041279196880130471","killed_by":"Spire Growth","ascension_level":0,"is_trial":false}