{"gold_per_floor":[116,116,133,183,198,230,230,261,339,339,339,358,370,36,36,107,107,107,32,32,32,32,32,32,32,32,32,32,32,32,32,32,32],"floor_reached":33,"playtime":1191,"items_purged":["Strike_R"],"score":659,"play_id":"cb715806-c427-43c5-a8a9-47f5fe69d8e4","local_time":"20190426173235","is_ascension_mode":true,"campfire_choices":[{"data":"Armaments","floor":7,"key":"SMITH"},{"data":"Twin Strike","floor":11,"key":"SMITH"},{"data":"Whirlwind","floor":15,"key":"SMITH"},{"data":"Armaments","floor":23,"key":"SMITH"},{"floor":25,"key":"REST"},{"floor":30,"key":"REST"},{"floor":32,"key":"REST"}],"neow_cost":"NONE","seed_source_timestamp":3385900672058977,"circlet_count":0,"master_deck":["AscendersBane","Strike_R+1","Strike_R","Strike_R","Defend_R","Defend_R","Defend_R","Defend_R","Bash","Panacea","Armaments+1","Twin Strike+1","Shrug It Off","Inflame","Wild Strike","Cleave+1","Whirlwind+1","Flex","Twin Strike","Armaments+1","Metallicize","Dropkick+1","Shrug It Off"],"relics":["Burning Blood","Pocketwatch","Bronze Scales","Sundial","FaceOfCleric","Sling","Ectoplasm","Matryoshka","Whetstone","Ancient Tea Set","Bottled Flame"],"potions_floor_usage":[6,16,22,24,27,33],"damage_taken":[{"damage":7,"enemies":"Small Slimes","floor":1,"turns":5},{"damage":9,"enemies":"Jaw Worm","floor":3,"turns":5},{"damage":1,"enemies":"Cultist","floor":5,"turns":3},{"damage":49,"enemies":"Gremlin Nob","floor":6,"turns":5},{"damage":25,"enemies":"3 Sentries","floor":8,"turns":9},{"damage":1,"enemies":"2 Fungi Beasts","floor":12,"turns":3},{"damage":1,"enemies":"Red Slaver","floor":13,"turns":4},{"damage":0,"enemies":"Slime Boss","floor":16,"turns":5},{"damage":0,"enemies":"Chosen","floor":18,"turns":3},{"damage":0,"enemies":"Spheric Guardian","floor":20,"turns":3},{"damage":29,"enemies":"Snake Plant","floor":22,"turns":3},{"damage":35,"enemies":"Book of Stabbing","floor":24,"turns":4},{"damage":42,"enemies":"Slavers","floor":27,"turns":3},{"damage":18,"enemies":"Centurion and Healer","floor":28,"turns":5},{"damage":13,"enemies":"Sentry and Sphere","floor":29,"turns":5},{"damage":10,"enemies":"Snecko","floor":31,"turns":4},{"damage":80,"enemies":"Champ","floor":33,"turns":9}],"seed_played":"7120933496743599682","potions_obtained":[{"floor":1,"key":"Regen Potion"},{"floor":8,"key":"EssenceOfSteel"},{"floor":13,"key":"SpeedPotion"},{"floor":18,"key":"Dexterity Potion"},{"floor":20,"key":"AttackPotion"},{"floor":24,"key":"Regen Potion"},{"floor":27,"key":"Poison Potion"}],"is_trial":false,"path_per_floor":["M","?","M","?","M","E","R","E","T","?","R","M","M","$","R","B",null,"M","$","M","$","M","R","E","R","T","E","M","M","R","M","R","B"],"character_chosen":"IRONCLAD","items_purchased":["Sling","Flex","Fire Potion"],"campfire_rested":3,"item_purchase_floors":[14,14,14],"current_hp_per_floor":[67,60,57,57,62,33,33,14,14,14,14,20,26,26,26,33,67,74,74,80,80,58,58,30,54,54,28,17,11,36,33,58,0],"gold":32,"neow_bonus":"RANDOM_COLORLESS","is_prod":false,"is_daily":false,"chose_seed":false,"campfire_upgraded":4,"win_rate":0,"timestamp":1556296355,"path_taken":["M","?","M","?","?","E","R","E","T","?","R","M","?","$","R","BOSS","M","$","?","$","M","R","E","R","T","E","M","M","R","M","R","BOSS"],"build_version":"2019-01-23","purchased_purges":1,"victory":false,"max_hp_per_floor":[75,75,75,75,75,75,75,75,75,75,75,76,77,77,77,78,78,79,79,80,80,81,81,82,82,82,83,84,85,85,86,86,86],"card_choices":[{"not_picked":["Iron Wave","Cleave"],"picked":"Armaments","floor":1},{"not_picked":["Rupture","Ghostly Armor"],"picked":"Twin Strike","floor":3},{"not_picked":["Heavy Blade","Thunderclap"],"picked":"Shrug It Off","floor":5},{"not_picked":["Combust","Heavy Blade"],"picked":"Inflame","floor":6},{"not_picked":["Offering","Heavy Blade"],"picked":"Wild Strike","floor":8},{"not_picked":["Heavy Blade","Evolve"],"picked":"Cleave","floor":12},{"not_picked":["Headbutt","Clothesline"],"picked":"Whirlwind","floor":13},{"not_picked":["Heavy Blade","Iron Wave"],"picked":"Twin Strike","floor":18},{"not_picked":["Thunderclap+1","Body Slam"],"picked":"Armaments","floor":20},{"not_picked":["Armaments","Second Wind","Clothesline"],"picked":"SKIP","floor":22},{"not_picked":["Demon Form","Searing Blow","Clothesline"],"picked":"SKIP","floor":24},{"not_picked":["Brutality","Perfected Strike"],"picked":"Metallicize","floor":27},{"not_picked":["Cleave","Sword Boomerang"],"picked":"Dropkick+1","floor":28},{"not_picked":["Twin Strike","Burning Pact"],"picked":"Shrug It Off","floor":29},{"not_picked":["Searing Blow","Clothesline","Headbutt"],"picked":"SKIP","floor":31}],"player_experience":667756,"relics_obtained":[{"floor":6,"key":"Pocketwatch"},{"floor":8,"key":"Bronze Scales"},{"floor":9,"key":"Sundial"},{"floor":24,"key":"Matryoshka"},{"floor":26,"key":"Whetstone"},{"floor":26,"key":"Ancient Tea Set"},{"floor":27,"key":"Bottled Flame"}],"event_choices":[{"cards_removed":["Strike_R"],"damage_healed":0,"gold_gain":0,"player_choice":"Card Removal","damage_taken":7,"max_hp_gain":0,"max_hp_loss":0,"event_name":"Golden Wing","floor":2,"gold_loss":0},{"damage_healed":0,"gold_gain":50,"player_choice":"Pray","damage_taken":0,"max_hp_gain":0,"max_hp_loss":0,"event_name":"Golden Shrine","floor":4,"gold_loss":0},{"damage_healed":0,"gold_gain":0,"player_choice":"Trade","damage_taken":0,"relics_obtained":["FaceOfCleric"],"max_hp_gain":0,"max_hp_loss":0,"event_name":"FaceTrader","floor":10,"gold_loss":0}],"is_beta":false,"boss_relics":[{"not_picked":["Snecko Eye","Calling Bell"],"picked":"Ectoplasm"}],"items_purged_floors":[19],"is_endless":false,"potions_floor_spawned":[1,8,13,18,20,24,27],"killed_by":"Champ","ascension_level":18}