{"gold_per_floor":[119,119,119,94,108,108,141,166,192,192,212,256,279,299,299,299],"floor_reached":16,"playtime":781,"items_purged":[],"score":179,"play_id":"c7d663cb-9d0a-487d-9aeb-95ea161b0042","local_time":"20190117154518","is_ascension_mode":true,"campfire_choices":[{"data":"Dagger Spray","floor":6,"key":"SMITH"},{"data":"Caltrops","floor":10,"key":"SMITH"},{"data":"Deflect","floor":15,"key":"SMITH"}],"neow_cost":"NONE","seed_source_timestamp":1021811766839718,"circlet_count":0,"master_deck":["AscendersBane","Defend_G","Defend_G","Defend_G","Defend_G","Defend_G","Strike_G","Strike_G","Strike_G","Strike_G","Strike_G","Survivor","Neutralize+1","Dagger Spray+1","Slice","Deflect+1","Caltrops+1","Cloak And Dagger","Dodge and Roll","Backflip"],"relics":["Ring of the Snake","Golden Idol","Vajra","Strawberry","Bag of Preparation"],"potions_floor_usage":[16,16],"damage_taken":[{"damage":15,"enemies":"Jaw Worm","floor":1,"turns":7},{"damage":0,"enemies":"2 Louse","floor":5,"turns":2},{"damage":23,"enemies":"Gremlin Nob","floor":7,"turns":5},{"damage":0,"enemies":"Cultist","floor":8,"turns":3},{"damage":13,"enemies":"3 Louse","floor":11,"turns":3},{"damage":16,"enemies":"3 Sentries","floor":12,"turns":6},{"damage":0,"enemies":"Large Slime","floor":13,"turns":6},{"damage":0,"enemies":"Lots of Slimes","floor":14,"turns":3},{"damage":7,"enemies":"The Guardian","floor":16,"turns":12}],"seed_played":"5005070345846916889","potions_obtained":[{"floor":8,"key":"Weak Potion"},{"floor":11,"key":"Dexterity Potion"},{"floor":14,"key":"Dexterity Potion"}],"is_trial":false,"path_per_floor":["M","?","?","?","M","R","E","M","T","R","M","E","M","M","R","B"],"character_chosen":"THE_SILENT","items_purchased":[],"campfire_rested":0,"item_purchase_floors":[],"current_hp_per_floor":[48,48,48,48,48,48,25,25,32,32,19,3,3,3,3,0],"gold":299,"neow_bonus":"UPGRADE_CARD","is_prod":false,"is_daily":false,"chose_seed":false,"campfire_upgraded":3,"win_rate":0,"timestamp":1547739918,"path_taken":["M","?","?","?","M","R","E","?","T","R","M","E","M","M","R","BOSS"],"build_version":"2019-01-10","purchased_purges":0,"victory":false,"max_hp_per_floor":[70,70,65,65,65,65,65,65,72,72,72,72,72,72,72,72],"card_choices":[{"not_picked":["Backflip","Distraction"],"picked":"Dagger Spray","floor":1},{"not_picked":["Dagger Throw","Escape Plan"],"picked":"Slice","floor":5},{"not_picked":["Bane","Storm of Steel"],"picked":"Deflect","floor":7},{"not_picked":["All Out Attack","Expertise"],"picked":"Caltrops","floor":8},{"not_picked":["Reflex","Underhanded Strike","All Out Attack"],"picked":"SKIP","floor":11},{"not_picked":["All Out Attack","Dagger Spray"],"picked":"Cloak And Dagger","floor":12},{"not_picked":["Outmaneuver","Escape Plan"],"picked":"Dodge and Roll","floor":13},{"not_picked":["Underhanded Strike","Prepared"],"picked":"Backflip","floor":14}],"player_experience":123665,"relics_obtained":[{"floor":7,"key":"Vajra"},{"floor":9,"key":"Strawberry"},{"floor":12,"key":"Bag of Preparation"}],"event_choices":[{"damage_healed":0,"gold_gain":0,"player_choice":"Ignored","damage_taken":0,"max_hp_gain":0,"max_hp_loss":0,"event_name":"Golden Wing","floor":2,"gold_loss":0},{"damage_healed":0,"gold_gain":0,"player_choice":"Lose Max HP","damage_taken":0,"relics_obtained":["Golden Idol"],"max_hp_gain":0,"max_hp_loss":5,"event_name":"Golden Idol","floor":3,"gold_loss":0},{"damage_healed":0,"gold_gain":0,"player_choice":"Left Gold","damage_taken":0,"max_hp_gain":0,"max_hp_loss":0,"event_name":"World of Goop","floor":4,"gold_loss":25}],"is_beta":false,"boss_relics":[],"items_purged_floors":[],"is_endless":false,"potions_floor_spawned":[8,11,13,14],"killed_by":"The Guardian","ascension_level":12}