{"path_per_floor":["M","?","?","?","$","E","R","E","T","M","T","R","M","E","R","B",null,"M","M","M","$","?","R","M","E","T","R","$","M","?"],"character_chosen":"DEFECT","items_purchased":["Matryoshka","Orichalcum"],"gold_per_floor":[214,389,389,389,61,95,95,128,128,139,162,162,181,212,212,309,309,328,340,355,149,0,0,15,45,45,45,45,61,61,61],"floor_reached":31,"campfire_rested":3,"playtime":1181,"item_purchase_floors":[5,21],"current_hp_per_floor":[75,75,75,75,75,49,71,41,41,41,41,41,41,32,32,32,75,50,41,11,11,11,48,48,29,29,66,66,52,52,0],"items_purged":["Strike_B","Regret"],"gold":61,"score":385,"play_id":"aee1ddf2-fc4c-4898-bd54-2dc88166c321","local_time":"20180609190709","is_prod":false,"is_daily":false,"chose_seed":false,"is_ascension_mode":true,"campfire_upgraded":2,"win_rate":0,"timestamp":1528567629,"campfire_choices":[{"floor":7,"key":"REST"},{"data":"Sunder","floor":12,"key":"SMITH"},{"data":"Beam Cell","floor":15,"key":"SMITH"},{"floor":23,"key":"REST"},{"floor":27,"key":"REST"}],"path_taken":["M","?","?","?","$","E","R","E","T","M","?","R","?","E","R","BOSS","M","M","?","$","?","R","M","E","T","R","?","?","?","E"],"build_version":"2018-06-07v3","seed_source_timestamp":173263542122721,"purchased_purges":2,"victory":false,"master_deck":["Strike_B","Strike_B","Strike_B","Defend_B","Defend_B","Defend_B+1","Defend_B","Zap+1","Dualcast+1","Melter","Ball Lightning","Beam Cell+1","Sunder+1","Rip and Tear","Buffer","Doom and Gloom+1","Melter","Stack","Rainbow","Rainbow"],"max_hp_per_floor":[75,75,75,75,75,75,75,75,75,75,75,75,75,75,75,75,75,75,75,75,75,75,75,75,75,75,75,75,75,75,75],"relics":["Cracked Core","Matryoshka","Dream Catcher","Pen Nib","War Paint","Smiling Mask","Omamori","Anchor","Ancient Tea Set","Calling Bell","Regal Pillow","Gremlin Horn","Shovel","Orichalcum","Lantern","Frozen Egg 2"],"card_choices":[{"not_picked":["Leap","Hologram","Stack"],"picked":"SKIP","floor":1},{"not_picked":["Turbo","Steam"],"picked":"Melter","floor":6},{"not_picked":["Compile Driver","Leap"],"picked":"Ball Lightning","floor":7},{"not_picked":["Blizzard","Gash"],"picked":"Beam Cell","floor":8},{"not_picked":["Defragment","Lockon"],"picked":"Sunder","floor":10},{"not_picked":["Hello World","Steam","Redo"],"picked":"SKIP","floor":13},{"not_picked":["Rebound","White Noise"],"picked":"Rip and Tear","floor":14},{"not_picked":["Meteor Strike","Echo Form"],"picked":"Buffer","floor":16},{"not_picked":["Streamline","Steam+1"],"picked":"Doom and Gloom+1","floor":18},{"not_picked":["Aggregate","Go for the Eyes"],"picked":"Melter","floor":19},{"not_picked":["Gash","Force Field+1","Turbo"],"picked":"SKIP","floor":20},{"not_picked":["Hologram","Reprogram"],"picked":"Stack","floor":23},{"not_picked":["Conserve Battery","Capacitor","Hello World"],"picked":"SKIP","floor":24},{"not_picked":["Darkness","Doom and Gloom","Redo"],"picked":"SKIP","floor":25},{"not_picked":["Leap","Lockon"],"picked":"Rainbow","floor":29}],"player_experience":287694,"potions_floor_usage":[16,18,25,25,31],"damage_taken":[{"damage":0,"enemies":"2 Louse","floor":1,"turns":2},{"damage":26,"enemies":"Gremlin Nob","floor":6,"turns":4},{"damage":30,"enemies":"Lagavulin","floor":8,"turns":5},{"damage":0,"enemies":"Jaw Worm","floor":10,"turns":2},{"damage":0,"enemies":"Small Slimes","floor":13,"turns":2},{"damage":9,"enemies":"3 Sentries","floor":14,"turns":4},{"damage":0,"enemies":"Slime Boss","floor":16,"turns":4},{"damage":25,"enemies":"3 Byrds","floor":18,"turns":4},{"damage":9,"enemies":"Spheric Guardian","floor":19,"turns":3},{"damage":30,"enemies":"Centurion and Healer","floor":20,"turns":6},{"damage":0,"enemies":"3 Cultists","floor":24,"turns":4},{"damage":19,"enemies":"Slavers","floor":25,"turns":3},{"damage":14,"enemies":"Chosen and Byrds","floor":29,"turns":4},{"damage":57,"enemies":"Book of Stabbing","floor":31,"turns":5}],"relics_obtained":[{"floor":6,"key":"Dream Catcher"},{"floor":8,"key":"Pen Nib"},{"floor":9,"key":"War Paint"},{"floor":9,"key":"Smiling Mask"},{"floor":11,"key":"Omamori"},{"floor":11,"key":"Anchor"},{"floor":14,"key":"Ancient Tea Set"},{"floor":17,"key":"Regal Pillow"},{"floor":17,"key":"Gremlin Horn"},{"floor":17,"key":"Shovel"},{"floor":25,"key":"Lantern"},{"floor":26,"key":"Frozen Egg 2"}],"event_choices":[{"event_name":"Liars Game","player_choice":"agreed","floor":2,"damage_taken":0},{"event_name":"Living Wall","player_choice":"Forget","floor":3,"damage_taken":0},{"event_name":"Upgrade Shrine","player_choice":"Upgraded","floor":4,"damage_taken":0},{"event_name":"Masked Bandits","player_choice":"Paid Bandits 149 gold","floor":22,"damage_taken":0},{"event_name":"Duplicator","player_choice":"One dupe","floor":30,"damage_taken":0}],"boss_relics":[{"not_picked":["White Beast Statue","Nuclear Battery"],"picked":"Calling Bell"}],"items_purged_floors":[5,21],"potions_floor_spawned":[6,13,14,16,25],"seed_played":"-3223785348359864459","killed_by":"Book of Stabbing","ascension_level":4,"potions_obtained":[{"floor":6,"key":"SteroidPotion"},{"floor":13,"key":"FearPotion"},{"floor":14,"key":"FocusPotion"},{"floor":16,"key":"LiquidBronze"},{"floor":25,"key":"FearPotion"}],"is_trial":false}