{"gold_per_floor":[114,114,114,63,73,107,118,137,137,137,149,180,180,180,180,277,277,291,291,310,323,238,238,258,258,333,333,333,348,359,374,374,374],"floor_reached":33,"playtime":2564,"items_purged":[],"score":259,"play_id":"f508419a-078b-412a-83d1-decab1aec0b8","local_time":"20180705180718","is_ascension_mode":false,"campfire_choices":[{"data":"Warcry","floor":13,"key":"SMITH"},{"data":"Hemokinesis","floor":15,"key":"SMITH"},{"data":"Bash","floor":23,"key":"SMITH"},{"data":"Iron Wave","floor":25,"key":"SMITH"},{"data":"Searing Blow+1","floor":27,"key":"SMITH"},{"data":"Searing Blow+2","floor":32,"key":"SMITH"}],"neow_cost":"FIFTY_PERCENT_DAMAGE","seed_source_timestamp":1572636268946587,"circlet_count":0,"master_deck":["Strike_R","Strike_R","Strike_R","Defend_R+1","Defend_R","Defend_R","Defend_R","Bash+1","Flex+1","Reaper","Anger","Thunderclap","Hemokinesis+1","Iron Wave+1","Blood for Blood","Warcry+1","Immolate","Heavy Blade+1","Searing Blow+3","Anger","Disarm+1","Writhe","Pommel Strike+1"],"relics":["Burning Blood","Thread and Needle","War Paint","Toolbox","Pear","Self Forming Clay","Cursed Key","Molten Egg 2","Letter Opener"],"potions_floor_usage":[16,16,16,24,33],"damage_taken":[{"damage":1,"enemies":"Jaw Worm","floor":1,"turns":3},{"damage":3,"enemies":"2 Louse","floor":5,"turns":2},{"damage":29,"enemies":"Gremlin Nob","floor":6,"turns":5},{"damage":0,"enemies":"Cultist","floor":7,"turns":3},{"damage":3,"enemies":"Large Slime","floor":8,"turns":5},{"damage":0,"enemies":"Exordium Wildlife","floor":11,"turns":3},{"damage":3,"enemies":"3 Sentries","floor":12,"turns":5},{"damage":21,"enemies":"Hexaghost","floor":16,"turns":8},{"damage":12,"enemies":"2 Thieves","floor":18,"turns":3},{"damage":2,"enemies":"Spheric Guardian","floor":20,"turns":2},{"damage":7,"enemies":"Snecko","floor":21,"turns":3},{"damage":6,"enemies":"Centurion and Healer","floor":24,"turns":3},{"damage":14,"enemies":"Sentry and Sphere","floor":29,"turns":4},{"damage":10,"enemies":"Snecko","floor":30,"turns":3},{"damage":2,"enemies":"Snake Plant","floor":31,"turns":3},{"damage":92,"enemies":"Automaton","floor":33,"turns":6}],"seed_played":"5389939957308193661","potions_obtained":[{"floor":1,"key":"Swift Potion"},{"floor":6,"key":"SpeedPotion"},{"floor":10,"key":"FearPotion"},{"floor":10,"key":"Weak Potion"},{"floor":16,"key":"AttackPotion"},{"floor":18,"key":"Dexterity Potion"},{"floor":21,"key":"Energy Potion"}],"is_trial":false,"path_per_floor":["M","?","?","$","M","E","M","M","T","?","M","E","R","T","R","B",null,"M","?","M","M","?","R","M","R","T","R","?","M","M","M","R"],"character_chosen":"IRONCLAD","items_purchased":["Anger"],"campfire_rested":0,"item_purchase_floors":[4],"current_hp_per_floor":[45,45,45,45,56,39,45,48,48,48,60,90,90,90,90,81,90,90,90,90,89,89,89,89,89,89,89,89,81,77,81,81,0],"gold":374,"neow_bonus":"ONE_RARE_RELIC","is_prod":false,"is_daily":false,"chose_seed":false,"campfire_upgraded":6,"win_rate":0,"timestamp":1530785238,"path_taken":["M","?","?","?","M","E","M","?","T","?","?","E","R","?","R","BOSS","M","?","M","?","?","R","M","R","T","R","?","M","M","?","R","BOSS"],"build_version":"2018-06-28","purchased_purges":0,"victory":false,"max_hp_per_floor":[80,80,80,80,80,80,80,80,80,80,80,90,90,90,90,90,90,90,90,90,90,90,90,90,90,90,90,90,90,90,90,90,90],"card_choices":[{"not_picked":["Battle Trance","Sword Boomerang"],"picked":"Flex","floor":1},{"not_picked":["Carnage","True Grit"],"picked":"Thunderclap","floor":5},{"not_picked":["Fire Breathing","Seeing Red"],"picked":"Hemokinesis","floor":6},{"not_picked":["Thunderclap","Headbutt","Twin Strike"],"picked":"SKIP","floor":7},{"not_picked":["Shrug It Off","Body Slam"],"picked":"Iron Wave","floor":8},{"not_picked":["Ghostly Armor","Intimidate"],"picked":"Blood for Blood","floor":11},{"not_picked":["Searing Blow","Rampage"],"picked":"Warcry","floor":12},{"not_picked":["Barricade","Impervious"],"picked":"Immolate","floor":16},{"not_picked":["Perfected Strike","Evolve"],"picked":"Heavy Blade","floor":18},{"not_picked":["Heavy Blade","Cleave+1"],"picked":"Searing Blow+1","floor":20},{"not_picked":["Wild Strike","Ghostly Armor+1"],"picked":"Anger","floor":21},{"not_picked":["Iron Wave+1","Shockwave"],"picked":"Disarm+1","floor":24},{"not_picked":["Havoc","Cleave+1"],"picked":"Pommel Strike+1","floor":29},{"not_picked":["Cleave+1","Wild Strike+1","Rupture"],"picked":"SKIP","floor":30},{"not_picked":["Shockwave","Combust+1","True Grit"],"picked":"SKIP","floor":31}],"player_experience":75225,"relics_obtained":[{"floor":6,"key":"War Paint"},{"floor":9,"key":"Toolbox"},{"floor":12,"key":"Pear"},{"floor":14,"key":"Self Forming Clay"},{"floor":26,"key":"Letter Opener"}],"event_choices":[{"event_name":"Living Wall","player_choice":"Change","floor":2,"damage_taken":0},{"event_name":"Purifier","player_choice":"One Purge","floor":3,"damage_taken":0},{"event_name":"The Lab","player_choice":"Got Potions","floor":10,"damage_taken":0},{"event_name":"Accursed Blacksmith","player_choice":"Forge","floor":19,"damage_taken":0},{"event_name":"Addict","player_choice":"Obtained Relic","floor":22,"damage_taken":0},{"event_name":"Vampires","player_choice":"Ignored","floor":28,"damage_taken":0}],"boss_relics":[{"not_picked":["Snecko Eye","Fusion Hammer"],"picked":"Cursed Key"}],"items_purged_floors":[],"is_endless":false,"potions_floor_spawned":[1,6,12,16,18,21],"killed_by":"Automaton","ascension_level":0}