{"gold_per_floor":[112,387,401,99,99,99,99,124,124,139,169,169,182,199,199,199],"floor_reached":16,"playtime":480,"items_purged":["Regret"],"score":263,"play_id":"ac43185f-d3f0-4bb9-9f57-9df17dace74c","local_time":"20190427023754","is_ascension_mode":true,"campfire_choices":[{"data":"Dual Wield","floor":6,"key":"SMITH"},{"data":"Clothesline","floor":12,"key":"SMITH"},{"data":"Dual Wield","floor":15,"key":"SMITH"}],"neow_cost":"NONE","seed_source_timestamp":3419331085571501,"circlet_count":0,"master_deck":["AscendersBane","Strike_R","Strike_R","Strike_R","Strike_R","Strike_R","Defend_R","Defend_R","Defend_R","Defend_R","Bash","Dual Wield+1","Clothesline+1","Dual Wield+1"],"relics":["Snecko Eye","PrismaticShard","Anchor","Champion Belt","Singing Bowl","Bottled Lightning"],"potions_floor_usage":[11,11,16],"damage_taken":[{"damage":2,"enemies":"Jaw Worm","floor":1,"turns":3},{"damage":5,"enemies":"Cultist","floor":3,"turns":3},{"damage":0,"enemies":"Gremlin Nob","floor":8,"turns":2},{"damage":0,"enemies":"Small Slimes","floor":10,"turns":3},{"damage":17,"enemies":"3 Sentries","floor":11,"turns":5},{"damage":0,"enemies":"Blue Slaver","floor":13,"turns":2},{"damage":1,"enemies":"Large Slime","floor":14,"turns":5},{"damage":63,"enemies":"The Guardian","floor":16,"turns":10}],"seed_played":"6752898565193167513","potions_obtained":[{"floor":1,"key":"Regen Potion"},{"floor":3,"key":"AttackPotion"},{"floor":11,"key":"Weak Potion"},{"floor":14,"key":"Fire Potion"}],"is_trial":false,"path_per_floor":["M","?","M","$","T","R","$","E","T","M","E","R","M","M","R","B"],"character_chosen":"IRONCLAD","items_purchased":["PrismaticShard"],"campfire_rested":0,"item_purchase_floors":[4],"current_hp_per_floor":[66,66,61,61,61,61,61,61,61,63,62,62,62,63,63,0],"gold":199,"neow_bonus":"BOSS_RELIC","is_prod":false,"is_daily":false,"chose_seed":false,"campfire_upgraded":3,"win_rate":0,"timestamp":1556329074,"path_taken":["M","?","M","$","?","R","?","E","T","?","E","R","M","M","R","BOSS"],"build_version":"2019-01-23","purchased_purges":1,"victory":false,"max_hp_per_floor":[75,75,75,75,75,75,75,75,75,77,79,79,79,81,81,81],"card_choices":[{"not_picked":["Bloodletting","Sentinel"],"picked":"Dual Wield","floor":1},{"not_picked":["Whirlwind","Spot Weakness"],"picked":"Clothesline","floor":3},{"not_picked":["Slice","True Grit","Ball Lightning"],"picked":"SKIP","floor":8},{"not_picked":["Beam Cell","Stack","True Grit"],"picked":"Singing Bowl","floor":10},{"not_picked":["Havoc","Hologram","Tools of the Trade"],"picked":"Singing Bowl","floor":11},{"not_picked":["Rip and Tear","True Grit"],"picked":"Dual Wield","floor":13},{"not_picked":["Melter","Sever Soul","Leap"],"picked":"Singing Bowl","floor":14}],"player_experience":688610,"relics_obtained":[{"floor":5,"key":"Anchor"},{"floor":8,"key":"Champion Belt"},{"floor":9,"key":"Singing Bowl"},{"floor":11,"key":"Bottled Lightning"}],"event_choices":[{"damage_healed":0,"gold_gain":275,"player_choice":"Desecrate","damage_taken":0,"max_hp_gain":0,"max_hp_loss":0,"event_name":"Golden Shrine","floor":2,"gold_loss":0,"cards_obtained":["Regret"]}],"is_beta":false,"boss_relics":[],"items_purged_floors":[4],"is_endless":false,"potions_floor_spawned":[1,3,11,14],"killed_by":"The Guardian","ascension_level":19}