{"gold_per_floor":[117,117,132,132,82,82,113,138,138,151,0,0,14,31,31,108,108,120,136,61,80,80,80,111,111,111,111,36,36,0,11,11,87,87,100,0,0,0,14,26,42,142,166,166,176,189,204,79,79,79],"floor_reached":51,"playtime":1827,"items_purged":["Perfected Strike+1","Strike_R","Combust+1"],"score":1068,"play_id":"05583f8c-9e12-4746-9818-62140b7d1096","local_time":"20190118214142","is_ascension_mode":true,"campfire_choices":[{"data":"Thunderclap","floor":6,"key":"SMITH"},{"floor":12,"key":"REST"},{"data":"Body Slam","floor":15,"key":"SMITH"},{"floor":23,"key":"REST"},{"data":"Double Tap","floor":27,"key":"SMITH"},{"data":"Pommel Strike","floor":29,"key":"SMITH"},{"floor":32,"key":"REST"},{"floor":44,"key":"REST"},{"floor":49,"key":"REST"}],"neow_cost":"NONE","seed_source_timestamp":2088177013238936,"circlet_count":0,"master_deck":["AscendersBane","Defend_R","Defend_R","Defend_R+1","Bash","Pommel Strike+1","Thunderclap+1","Thunderclap+1","Ghostly Armor+1","Body Slam+1","Sentinel","Double Tap+1","Whirlwind+1","Iron Wave","Shockwave","Twin Strike","Combust+1","Pommel Strike","Flash of Steel+1","Ghostly Armor","Ghostly Armor","Rupture+1"],"relics":["Sozu","Champion Belt","Letter Opener","Odd Mushroom","Art of War","War Paint","Astrolabe","MutagenicStrength","Self Forming Clay","Frozen Egg 2","Fusion Hammer","Calipers","Whetstone"],"potions_floor_usage":[],"damage_taken":[{"damage":5,"enemies":"2 Louse","floor":1,"turns":2},{"damage":0,"enemies":"Small Slimes","floor":3,"turns":3},{"damage":30,"enemies":"Lagavulin","floor":7,"turns":5},{"damage":10,"enemies":"The Mushroom Lair","floor":8,"turns":3},{"damage":4,"enemies":"Jaw Worm","floor":10,"turns":3},{"damage":1,"enemies":"Exordium Wildlife","floor":13,"turns":2},{"damage":0,"enemies":"2 Fungi Beasts","floor":14,"turns":3},{"damage":45,"enemies":"The Guardian","floor":16,"turns":13},{"damage":19,"enemies":"2 Thieves","floor":18,"turns":3},{"damage":0,"enemies":"Chosen","floor":19,"turns":3},{"damage":6,"enemies":"Snecko","floor":21,"turns":4},{"damage":31,"enemies":"Book of Stabbing","floor":24,"turns":5},{"damage":15,"enemies":"Snake Plant","floor":31,"turns":3},{"damage":45,"enemies":"Collector","floor":33,"turns":8},{"damage":9,"enemies":"3 Darklings","floor":35,"turns":2},{"damage":3,"enemies":"Orb Walker","floor":39,"turns":2},{"damage":0,"enemies":"3 Darklings","floor":40,"turns":1},{"damage":0,"enemies":"Sphere and 2 Shapes","floor":41,"turns":2},{"damage":1,"enemies":"Mind Bloom Boss Battle","floor":42,"turns":3},{"damage":4,"enemies":"4 Shapes","floor":45,"turns":2},{"damage":11,"enemies":"Maw","floor":46,"turns":6},{"damage":8,"enemies":"Transient","floor":47,"turns":5},{"damage":51,"enemies":"Awakened One","floor":50,"turns":12}],"seed_played":"4849158825240024097","potions_obtained":[],"is_trial":false,"path_per_floor":["M","?","M","?","?","R","E","?","T","M","$","R","M","M","R","B",null,"M","M","$","M","?","R","E","?","T","R","?","R","$","M","R","B",null,"M","$","?","?","M","M","M","?","T","R","M","M","M","$","R","B",null],"character_chosen":"IRONCLAD","items_purchased":["War Paint","Combust+1"],"campfire_rested":5,"item_purchase_floors":[11,30],"current_hp_per_floor":[67,64,64,69,69,69,39,29,29,25,25,50,49,49,49,4,65,46,46,46,40,40,65,34,62,62,62,62,62,62,47,72,27,71,62,62,62,62,59,59,59,58,58,83,79,68,60,60,85,34],"gold":79,"neow_bonus":"BOSS_RELIC","is_prod":false,"is_daily":false,"chose_seed":false,"campfire_upgraded":4,"win_rate":0,"timestamp":1547847702,"path_taken":["M","?","M","?","?","R","E","?","T","M","$","R","M","M","R","BOSS","M","M","$","M","?","R","E","?","T","R","?","R","$","M","R","BOSS","M","$","?","?","M","M","M","?","T","R","M","M","M","$","R","BOSS"],"build_version":"2019-01-17v2","purchased_purges":3,"victory":true,"max_hp_per_floor":[80,80,80,85,85,85,85,85,85,85,85,85,85,85,85,85,85,85,85,85,85,85,85,85,85,85,85,85,85,85,85,85,85,85,85,85,85,85,85,85,85,85,85,85,85,85,85,85,85,85],"card_choices":[{"not_picked":["Rampage","Iron Wave"],"picked":"Pommel Strike","floor":1},{"not_picked":["Headbutt","Warcry"],"picked":"Thunderclap","floor":3},{"not_picked":["Rage","Whirlwind","Bloodletting"],"picked":"SKIP","floor":7},{"not_picked":["Rage","Whirlwind","Bloodletting"],"picked":"SKIP","floor":7},{"not_picked":["Wild Strike","Pommel Strike"],"picked":"Thunderclap","floor":8},{"not_picked":["Spot Weakness","Havoc"],"picked":"Ghostly Armor","floor":10},{"not_picked":["Anger","Sword Boomerang"],"picked":"Body Slam","floor":13},{"not_picked":["Sword Boomerang","Perfected Strike"],"picked":"Sentinel","floor":14},{"not_picked":["Feed","Fiend Fire"],"picked":"Double Tap","floor":16},{"not_picked":["Anger","Sword Boomerang+1"],"picked":"Iron Wave","floor":18},{"not_picked":["Sever Soul","Flex"],"picked":"Shockwave","floor":19},{"not_picked":["Perfected Strike","Barricade"],"picked":"Twin Strike","floor":21},{"not_picked":["Heavy Blade","Havoc"],"picked":"Intimidate","floor":24},{"not_picked":["Sword Boomerang+1","Anger","Shockwave"],"picked":"SKIP","floor":31},{"not_picked":["Carnage","Disarm"],"picked":"Pommel Strike","floor":35},{"not_picked":["Chrysalis","Forethought"],"picked":"Flash of Steel","floor":37},{"not_picked":["Headbutt","Wild Strike"],"picked":"Ghostly Armor","floor":39},{"not_picked":["Rage","Headbutt+1","Hemokinesis"],"picked":"SKIP","floor":40},{"not_picked":["Clash+1","Power Through","Anger"],"picked":"SKIP","floor":41},{"not_picked":["Perfected Strike","Wild Strike"],"picked":"Ghostly Armor","floor":45},{"not_picked":["Havoc+1","Whirlwind+1"],"picked":"Rupture+1","floor":46},{"not_picked":["Second Wind","Rupture+1","Anger"],"picked":"SKIP","floor":47}],"player_experience":419245,"relics_obtained":[{"floor":7,"key":"Letter Opener"},{"floor":8,"key":"Odd Mushroom"},{"floor":9,"key":"Art of War"},{"floor":24,"key":"Self Forming Clay"},{"floor":26,"key":"Frozen Egg 2"},{"floor":42,"key":"Calipers"},{"floor":43,"key":"Whetstone"}],"event_choices":[{"damage_healed":0,"gold_gain":0,"player_choice":"Success","damage_taken":3,"relics_obtained":["Champion Belt"],"max_hp_gain":0,"max_hp_loss":0,"event_name":"Scrap Ooze","floor":2,"gold_loss":0},{"damage_healed":0,"gold_gain":0,"player_choice":"Donut","damage_taken":0,"max_hp_gain":5,"max_hp_loss":0,"event_name":"Big Fish","floor":4,"gold_loss":0},{"cards_removed":["Strike_R"],"damage_healed":0,"gold_gain":0,"player_choice":"Card Removal","damage_taken":0,"max_hp_gain":0,"max_hp_loss":0,"event_name":"The Cleric","floor":5,"gold_loss":50},{"damage_healed":0,"gold_gain":0,"player_choice":"Fought Mushrooms","damage_taken":0,"max_hp_gain":0,"max_hp_loss":0,"event_name":"Mushrooms","floor":8,"gold_loss":0},{"damage_healed":0,"gold_gain":0,"player_choice":"Inject Mutagens","damage_taken":0,"relics_obtained":["MutagenicStrength"],"max_hp_gain":0,"max_hp_loss":0,"event_name":"Drug Dealer","floor":22,"gold_loss":0},{"damage_healed":28,"gold_gain":0,"player_choice":"Heal","damage_taken":0,"max_hp_gain":0,"max_hp_loss":0,"event_name":"The Library","floor":25,"gold_loss":0},{"cards_removed":["Intimidate"],"damage_healed":0,"gold_gain":0,"player_choice":"Gave Gold","damage_taken":0,"max_hp_gain":0,"max_hp_loss":0,"event_name":"Beggar","floor":28,"gold_loss":75},{"damage_healed":0,"gold_gain":0,"player_choice":"Memory 1","damage_taken":0,"max_hp_gain":0,"max_hp_loss":0,"event_name":"SensoryStone","floor":37,"gold_loss":0},{"cards_removed":["Defend_R"],"damage_healed":0,"gold_gain":0,"player_choice":"Removed Skill","damage_taken":0,"max_hp_gain":0,"max_hp_loss":0,"event_name":"Falling","floor":38,"gold_loss":0},{"damage_healed":0,"gold_gain":0,"player_choice":"Fight","damage_taken":0,"max_hp_gain":0,"max_hp_loss":0,"event_name":"MindBloom","floor":42,"gold_loss":0}],"is_beta":false,"boss_relics":[{"not_picked":["Ectoplasm","Mark of Pain"],"picked":"Astrolabe"},{"not_picked":["Empty Cage","Runic Pyramid"],"picked":"Fusion Hammer"}],"items_purged_floors":[20,36,48],"is_endless":false,"potions_floor_spawned":[1,7,13,16,19,33,39,41,42,46],"ascension_level":13}