{"path_per_floor":["M","M","M","M","$","R","E","?","T","M","R","M","R","?","R","B",null,"M","M"],"character_chosen":"DEFECT","items_purchased":["Capacitor"],"gold_per_floor":[116,131,151,168,117,117,149,149,172,190,190,204,204,204,204,304,304,324,342,342],"floor_reached":20,"campfire_rested":3,"playtime":1188,"current_hp_per_floor":[75,73,73,41,41,63,44,44,44,34,56,32,54,54,54,23,75,53,33,0],"items_purged":[],"gold":342,"score":185,"play_id":"a950f4bb-e812-4604-9cbf-2519d367666a","local_time":"20180427123020","is_prod":false,"is_daily":false,"chose_seed":false,"is_ascension_mode":true,"campfire_upgraded":1,"timestamp":1524853820,"path_taken":["M","M","?","M","$","R","E","?","T","M","R","M","R","?","R","BOSS","M","?","?"],"build_version":"2018-04-26v2","seed_source_timestamp":145035314593567,"purchased_purges":0,"victory":false,"master_deck":["Strike_B","Strike_B","Defend_B","Defend_B","Defend_B","Defend_B","Zap","Dualcast+1","Darkness+1","Sunder","Amplify+1","Capacitor","Capacitor","White Noise+1","Rebound","Impulse"],"max_hp_per_floor":[75,75,75,75,75,75,75,75,75,75,75,75,75,75,75,75,75,75,75,75],"relics":["Cracked Core","Omamori","War Paint","Sozu"],"card_choices":[{"not_picked":["Loop","Heatsinks"],"picked":"Sunder","floor":1},{"not_picked":["Self Repair","Heatsinks"],"picked":"Amplify","floor":3},{"not_picked":["Coolheaded","Sweeping Beam"],"picked":"Capacitor","floor":4},{"not_picked":["Allocate","Streamline"],"picked":"White Noise","floor":7},{"not_picked":["Coolheaded","Stack"],"picked":"Rebound","floor":10},{"not_picked":["Chaos","Streamline"],"picked":"Impulse","floor":12}],"player_experience":348905,"potions_floor_usage":[7,7,16],"damage_taken":[{"damage":0,"enemies":"Cultist","floor":1,"turns":4},{"damage":2,"enemies":"Small Slimes","floor":2,"turns":4},{"damage":0,"enemies":"2 Louse","floor":3,"turns":1},{"damage":32,"enemies":"Gremlin Gang","floor":4,"turns":4},{"damage":19,"enemies":"Lagavulin","floor":7,"turns":7},{"damage":10,"enemies":"Exordium Thugs","floor":10,"turns":5},{"damage":24,"enemies":"Lots of Slimes","floor":12,"turns":4},{"damage":46,"enemies":"Hexaghost","floor":16,"turns":8},{"damage":22,"enemies":"Shell Parasite","floor":18,"turns":7},{"damage":20,"enemies":"Spheric Guardian","floor":19,"turns":4},{"damage":36,"enemies":"3 Cultists","floor":20,"turns":3}],"event_choices":[{"event_name":"Living Wall","player_choice":"Grow","floor":8,"damage_taken":0},{"event_name":"Bonfire Elementals","player_choice":"BASIC","floor":14,"damage_taken":0}],"boss_relics":[{"not_picked":["Black Star","Tiny House"],"picked":"Sozu"}],"potions_floor_spawned":[1,2,4,12,18,19],"seed_played":"1321218450982470393","killed_by":"3 Cultists","ascension_level":1,"is_trial":false}