{"gold_per_floor":[114,140,215,129,148,148,179,179,179,192,218,218,232,259,259,357,357,368,243,253,253,253,271,285,285],"floor_reached":25,"playtime":1545,"items_purged":["Strike_B"],"score":369,"play_id":"c529fff4-2ae2-486b-a37a-970167081290","local_time":"20190109223708","is_ascension_mode":true,"campfire_choices":[{"data":"Blizzard","floor":6.0,"key":"SMITH"},{"floor":8.0,"key":"REST"},{"floor":15.0,"key":"REST"}],"neow_cost":"TEN_PERCENT_HP_LOSS","seed_source_timestamp":0,"circlet_count":0,"master_deck":["Strike_B","Strike_B","Strike_B","Defend_B","Defend_B+1","Defend_B","Defend_B","Zap","Dualcast+1","Chill","Blizzard+1","Sweeping Beam","Ball Lightning","Beam Cell+1","Doom and Gloom+1","Sweeping Beam+1","Sweeping Beam+1","Core Surge+1","Cold Snap+1","Coolheaded","Conserve Battery+1","Rebound+1","Cold Snap+1"],"special_seed":0,"relics":["Cracked Core","Nunchaku","Oddly Smooth Stone","Molten Egg 2","War Paint","Vajra","Frozen Egg 2","Ginger","Runic Pyramid","MutagenicStrength"],"potions_floor_usage":[25,25,25,25,25,25],"damage_taken":[{"damage":1.0,"enemies":"Cultist","floor":1.0,"turns":3.0},{"damage":6.0,"enemies":"Small Slimes","floor":5.0,"turns":2.0},{"damage":32.0,"enemies":"Gremlin Nob","floor":7.0,"turns":4.0},{"damage":4.0,"enemies":"Jaw Worm","floor":10.0,"turns":2.0},{"damage":3.0,"enemies":"3 Sentries","floor":11.0,"turns":5.0},{"damage":0.0,"enemies":"Large Slime","floor":13.0,"turns":3.0},{"damage":10.0,"enemies":"Gremlin Nob","floor":14.0,"turns":3.0},{"damage":34.0,"enemies":"The Guardian","floor":16.0,"turns":9.0},{"damage":0,"enemies":"3 Byrds","floor":18,"turns":3},{"damage":1,"enemies":"Spheric Guardian","floor":20,"turns":3},{"damage":14,"enemies":"Centurion and Healer","floor":23,"turns":2},{"damage":12,"enemies":"Sentry and Sphere","floor":24,"turns":4},{"damage":31,"enemies":"Book of Stabbing","floor":25,"turns":3}],"seed_played":"3256848366302746753","potions_obtained":[{"floor":1.0,"key":"Strength Potion"},{"floor":7.0,"key":"Ancient Potion"},{"floor":10.0,"key":"Strength Potion"},{"floor":11.0,"key":"Weak Potion"},{"floor":14.0,"key":"PowerPotion"},{"floor":16.0,"key":"EntropicBrew"},{"floor":20,"key":"Regen Potion"},{"floor":23,"key":"FearPotion"}],"is_trial":false,"path_per_floor":["M","T","?","$","M","R","E","R","T","M","E","?","M","E","R","B",null,"M","$","M","?","?","M","M","E"],"character_chosen":"DEFECT","items_purchased":["Blizzard","Sweeping Beam","Coolheaded"],"campfire_rested":2,"item_purchase_floors":[4,4,19],"current_hp_per_floor":[67,67,56,56,50,50,18,38,38,34,31,28,28,18,38,4,68,68,68,67,55,55,41,29,0],"gold":285,"neow_bonus":"ONE_RARE_RELIC","is_prod":false,"is_daily":false,"chose_seed":false,"campfire_upgraded":1,"win_rate":0,"timestamp":1547073428,"path_taken":["M","?","?","$","M","R","E","R","T","?","E","?","M","E","R","BOSS","M","$","M","?","?","M","M","E"],"build_version":"2019-01-03v4","purchased_purges":1,"victory":false,"max_hp_per_floor":[68,68,68,68,68,68,68,68,68,68,68,68,68,68,68,68,68,68,68,68,73,73,73,73,73],"card_choices":[{"not_picked":["Scrape","Hologram"],"picked":"Chill","floor":1.0},{"not_picked":["Redo","Steam"],"picked":"Ball Lightning","floor":5.0},{"not_picked":["Scrape","Hologram","Force Field"],"picked":"SKIP","floor":7.0},{"not_picked":["Static Discharge","Storm"],"picked":"Beam Cell+1","floor":10.0},{"not_picked":["Machine Learning","Go for the Eyes+1"],"picked":"Doom and Gloom+1","floor":11.0},{"not_picked":["Gash+1","Coolheaded"],"picked":"Sweeping Beam+1","floor":13.0},{"not_picked":["Barrage+1","Redo"],"picked":"Sweeping Beam+1","floor":14.0},{"not_picked":["All For One+1","Hyperbeam+1"],"picked":"Core Surge+1","floor":16.0},{"not_picked":["Chaos+1","Skim"],"picked":"Cold Snap+1","floor":18},{"not_picked":["Beam Cell+1","Fusion"],"picked":"Conserve Battery+1","floor":20},{"not_picked":["Barrage+1","Gash+1"],"picked":"Rebound+1","floor":23},{"not_picked":["Stack","Conserve Battery+1"],"picked":"Cold Snap+1","floor":24}],"player_experience":132582,"relics_obtained":[{"floor":2.0,"key":"Oddly Smooth Stone"},{"floor":7.0,"key":"Molten Egg 2"},{"floor":9.0,"key":"War Paint"},{"floor":11.0,"key":"Vajra"},{"floor":14.0,"key":"Ginger"}],"event_choices":[{"damage_healed":0.0,"max_hp_gain":0.0,"max_hp_loss":0.0,"gold_gain":75.0,"event_name":"World of Goop","player_choice":"Gather Gold","floor":3.0,"gold_loss":0.0,"damage_taken":11.0},{"damage_healed":0.0,"max_hp_gain":0.0,"max_hp_loss":0.0,"gold_gain":0.0,"event_name":"Scrap Ooze","player_choice":"Success","floor":12.0,"gold_loss":0.0,"damage_taken":3.0,"relics_obtained":["Frozen Egg 2"]},{"damage_healed":0,"gold_gain":0,"player_choice":"Shed Blood","damage_taken":17,"max_hp_gain":5,"max_hp_loss":0,"event_name":"Forgotten Altar","floor":21,"gold_loss":0},{"damage_healed":0,"gold_gain":0,"player_choice":"Inject Mutagens","damage_taken":0,"relics_obtained":["MutagenicStrength"],"max_hp_gain":0,"max_hp_loss":0,"event_name":"Drug Dealer","floor":22,"gold_loss":0}],"is_beta":false,"boss_relics":[{"not_picked":["Sozu","Eternal Feather"],"picked":"Runic Pyramid"}],"items_purged_floors":[19],"is_endless":false,"potions_floor_spawned":[1,7,10,11,14,16,20,23,24],"killed_by":"Book of Stabbing","ascension_level":3}