{"gold_per_floor":[117,131,151,151,164,164,176,176,199,199,233,233,158,187,187,290,290,308,308,308,54,73,73],"floor_reached":23,"playtime":952,"items_purged":["Strike_G"],"score":289,"play_id":"2060eb45-a91c-4ace-bd95-f2fbfaf26668","local_time":"20180627182344","is_ascension_mode":true,"campfire_choices":[{"data":"Cloak And Dagger","floor":6,"key":"SMITH"},{"data":"Backstab","floor":8,"key":"SMITH"},{"data":"Neutralize","floor":10,"key":"SMITH"},{"floor":12,"key":"REST"},{"data":"Cloak And Dagger","floor":15,"key":"SMITH"}],"neow_cost":"NONE","seed_source_timestamp":241108606735216,"circlet_count":0,"master_deck":["Defend_G","Defend_G","Defend_G","Defend_G","Defend_G","Strike_G","Strike_G","Strike_G","Strike_G","Survivor","Neutralize+1","Terror","Distraction","Noxious Fumes","Cloak And Dagger+1","Glass Knife","Infinite Blades+1","Cloak And Dagger+1","Infinite Blades","Backstab+1","Blur","Envenom","Blur","Adrenaline","Jack Of All Trades","Crippling Poison"],"relics":["Orrery","Oddly Smooth Stone","Art of War","Juzu Bracelet","Sozu"],"potions_floor_usage":[5,11,14,18],"damage_taken":[{"damage":6,"enemies":"Jaw Worm","floor":1,"turns":4},{"damage":0,"enemies":"Cultist","floor":2,"turns":4},{"damage":0,"enemies":"Small Slimes","floor":3,"turns":4},{"damage":2,"enemies":"3 Louse","floor":5,"turns":4},{"damage":4,"enemies":"Red Slaver","floor":7,"turns":5},{"damage":11,"enemies":"Gremlin Nob","floor":11,"turns":3},{"damage":9,"enemies":"3 Sentries","floor":14,"turns":5},{"damage":39,"enemies":"Slime Boss","floor":16,"turns":10},{"damage":12,"enemies":"Chosen","floor":18,"turns":5},{"damage":20,"enemies":"2 Thieves","floor":22,"turns":4},{"damage":27,"enemies":"Gremlin Leader","floor":23,"turns":3}],"seed_played":"-4601838430830874581","potions_obtained":[{"floor":1,"key":"PowerPotion"},{"floor":3,"key":"FearPotion"},{"floor":11,"key":"Strength Potion"},{"floor":16,"key":"AttackPotion"}],"is_trial":false,"path_per_floor":["M","M","M","?","M","R","M","R","T","R","E","R","$","E","R","B",null,"M","?","?","$","M"],"character_chosen":"THE_SILENT","items_purchased":["Adrenaline","Jack Of All Trades"],"campfire_rested":1,"item_purchase_floors":[21,21],"current_hp_per_floor":[57,57,57,57,55,55,51,51,51,51,40,61,61,52,52,13,56,44,44,44,44,24,0],"gold":73,"neow_bonus":"BOSS_RELIC","is_prod":false,"is_daily":false,"chose_seed":false,"campfire_upgraded":4,"win_rate":0,"timestamp":1530145424,"path_taken":["M","M","M","?","M","R","?","R","T","R","E","R","$","E","R","BOSS","M","?","?","$","M","E"],"build_version":"2018-06-26","purchased_purges":1,"victory":false,"max_hp_per_floor":[70,70,70,70,70,70,70,70,70,70,70,70,70,70,70,70,70,70,70,70,70,70,70],"card_choices":[{"not_picked":["Masterful Stab","Bane"],"picked":"Terror","floor":0},{"not_picked":["Slice","Skewer"],"picked":"Distraction","floor":0},{"not_picked":["All Out Attack","Outmaneuver"],"picked":"Noxious Fumes","floor":0},{"not_picked":["Riddle With Holes","Deflect"],"picked":"Cloak And Dagger","floor":0},{"not_picked":["Skewer","Poisoned Stab"],"picked":"Glass Knife","floor":1},{"not_picked":["PiercingWail","Deflect"],"picked":"Infinite Blades","floor":2},{"not_picked":["Well Laid Plans","Noxious Fumes"],"picked":"Cloak And Dagger","floor":3},{"not_picked":["Slice","Bane"],"picked":"Infinite Blades","floor":5},{"not_picked":["Calculated Gamble","Dagger Spray"],"picked":"Backstab","floor":7},{"not_picked":["Concentrate","Well Laid Plans"],"picked":"Blur","floor":11},{"not_picked":["Deadly Poison","Phantasmal Killer","Outmaneuver"],"picked":"SKIP","floor":14},{"not_picked":["Tactician","Burst"],"picked":"Envenom","floor":16},{"not_picked":["Deadly Poison","Caltrops"],"picked":"Blur","floor":18},{"not_picked":["Poisoned Stab+1","Bane"],"picked":"Crippling Poison","floor":22}],"player_experience":403275,"relics_obtained":[{"floor":9,"key":"Oddly Smooth Stone"},{"floor":11,"key":"Art of War"},{"floor":14,"key":"Juzu Bracelet"}],"event_choices":[{"event_name":"Living Wall","player_choice":"Grow","floor":4,"damage_taken":0},{"event_name":"Ghosts","player_choice":"Ignored","floor":19,"damage_taken":0},{"event_name":"Drug Dealer","player_choice":"Ignored","floor":20,"damage_taken":0}],"boss_relics":[{"not_picked":["Philosopher\u0027s Stone","Coffee Dripper"],"picked":"Sozu"}],"items_purged_floors":[13],"is_endless":false,"potions_floor_spawned":[1,3,11,16,18],"killed_by":"Gremlin Leader","ascension_level":9}