{"path_per_floor":["M","$","?","?","$","R","M","R","T","E","M","E","M","M","R","B",null,"M","?","?","M","$","R","M","?","T","M"],"character_chosen":"IRONCLAD","items_purchased":["Shrug It Off","Feel No Pain","Iron Wave"],"gold_per_floor":[119,18,18,18,18,18,32,32,55,84,98,124,135,148,148,247,247,265,265,265,282,86,86,103,103,185,204],"floor_reached":28,"campfire_rested":0,"playtime":2633,"current_hp_per_floor":[80,80,80,80,80,80,80,80,80,80,80,63,68,74,74,38,80,62,46,31,32,32,32,13,13,13,19],"items_purged":["Strike_R","Decay"],"gold":204,"score":278,"play_id":"a9c730b8-c235-4a7d-8bce-7c2c24f2176f","local_time":"20180303235528","is_prod":false,"is_daily":false,"is_ascension_mode":true,"campfire_upgraded":4,"timestamp":1520117728,"path_taken":["M","$","?","?","?","R","M","R","T","E","M","E","?","M","R","BOSS","M","?","?","M","$","R","M","?","T","M","M"],"build_version":"2018-03-01-PROD1","purchased_purges":2,"victory":false,"master_deck":["Bash+1","Spot Weakness","Shrug It Off+1","Second Wind","Shrug It Off","Body Slam+1","Whirlwind","Power Through","True Grit+1","Double Tap","Anger","Clash","Thunderclap","Shrug It Off","Wild Strike","Headbutt","Warcry","Pummel","Warcry","Feel No Pain","Iron Wave","Battle Trance"],"max_hp_per_floor":[80,80,80,80,80,80,80,80,80,80,80,80,80,80,80,80,80,80,80,85,85,85,85,85,85,85,85],"relics":["Burning Blood","NeowsBlessing","Oddly Smooth Stone","Bottled Lightning","Lantern","Pandora\u0027s Box","Enchiridion","Pantograph"],"card_choices":[{"not_picked":["Bloodletting","Havoc"],"picked":"Spot Weakness"},{"not_picked":["Perfected Strike","Sentinel"],"picked":"Second Wind"},{"not_picked":["Thunderclap","Reckless Charge"],"picked":"Shrug It Off"},{"not_picked":["Reckless Charge","Spot Weakness"],"picked":"Body Slam"},{"not_picked":["Berserk","Second Wind"],"picked":"Whirlwind"},{"not_picked":["Havoc","Clash"],"picked":"Power Through"},{"not_picked":["Headbutt","Thunderclap"],"picked":"True Grit"},{"not_picked":["Offering","Impervious"],"picked":"Double Tap"},{"not_picked":["Rampage","Power Through"],"picked":"Pummel"},{"not_picked":["Headbutt","Anger"],"picked":"Warcry"},{"not_picked":["Cleave","Warcry"],"picked":"Battle Trance"}],"player_experience":129452,"potions_floor_usage":[16,16,21,24],"damage_taken":[{"damage":0,"enemies":"Jaw Worm","floor":1,"turns":1},{"damage":0,"enemies":"Cultist","floor":7,"turns":1},{"damage":0,"enemies":"Gremlin Nob","floor":10,"turns":1},{"damage":4,"enemies":"Small Slimes","floor":11,"turns":4},{"damage":23,"enemies":"Lagavulin","floor":12,"turns":8},{"damage":1,"enemies":"Looter","floor":13,"turns":3},{"damage":0,"enemies":"2 Fungi Beasts","floor":14,"turns":3},{"damage":57,"enemies":"Hexaghost","floor":16,"turns":13},{"damage":24,"enemies":"Chosen","floor":18,"turns":6},{"damage":5,"enemies":"2 Thieves","floor":21,"turns":3},{"damage":25,"enemies":"Chosen and Byrds","floor":24,"turns":9},{"damage":0,"enemies":"Slaver and Parasite","floor":27,"turns":7},{"damage":23,"enemies":"Cultist and Chosen","floor":28,"turns":4}],"event_choices":[{"event_name":"Wheel of Change","player_choice":"Curse","floor":3,"damage_taken":0},{"event_name":"The Cleric","player_choice":"Leave","floor":4,"damage_taken":0},{"event_name":"Cursed Tome","player_choice":"Obtained Book","floor":19,"damage_taken":0},{"event_name":"Forgotten Altar","player_choice":"Shed Blood","floor":20,"damage_taken":0},{"event_name":"Back to Basics","player_choice":"Elegance","floor":25,"damage_taken":0}],"boss_relics":[{"not_picked":["Runic Dome","Tiny House"],"picked":"Pandora\u0027s Box"}],"potions_floor_spawned":[1,10,14,16,18,27],"seed_played":"6822185193647394958","killed_by":"Cultist and Chosen","ascension_level":2,"is_trial":false}