{"gold_per_floor":[114,23,23,23,35,49,49,49,49,63,73,73,73,104,104,202,202,213,123,133,147,15,15,35,35,35,53,53,70,80,31,31,31],"floor_reached":33,"playtime":759,"items_purged":[],"score":299,"play_id":"9c9e7f48-5254-46bd-8eea-14c421179794","local_time":"20190427131817","is_ascension_mode":false,"campfire_choices":[{"data":"Rainbow","floor":7,"key":"SMITH"},{"data":"Rip and Tear","floor":12,"key":"SMITH"},{"data":"Barrage","floor":15,"key":"SMITH"},{"data":"Consume","floor":23,"key":"SMITH"},{"floor":25,"key":"REST"},{"floor":32,"key":"REST"}],"neow_cost":"NONE","seed_source_timestamp":3457478275783414,"circlet_count":0,"master_deck":["Strike_B","Strike_B","Strike_B","Defend_B","Defend_B","Defend_B","Defend_B","Zap","Dualcast","Rainbow+1","Turbo","Capacitor+1","Sweeping Beam","Ball Lightning+1","Conserve Battery","Cold Snap","Rip and Tear+1","Barrage+1","Reboot","Ball Lightning","Conserve Battery","Steam","Consume+1","Ball Lightning+1","Turbo+1","Capacitor","Coolheaded","Sweeping Beam","Cold Snap","Ball Lightning","Capacitor+1","Cold Snap","Core Surge","Coolheaded"],"relics":["Cracked Core","Cables","Happy Flower","Boot","Orrery","Strawberry"],"potions_floor_usage":[14,14,29,29,29,30],"damage_taken":[{"damage":0,"enemies":"Small Slimes","floor":1,"turns":3},{"damage":0,"enemies":"2 Louse","floor":5,"turns":2},{"damage":0,"enemies":"Cultist","floor":6,"turns":3},{"damage":8,"enemies":"Large Slime","floor":10,"turns":4},{"damage":2,"enemies":"2 Fungi Beasts","floor":11,"turns":2},{"damage":0,"enemies":"Gremlin Nob","floor":14,"turns":2},{"damage":53,"enemies":"The Guardian","floor":16,"turns":7},{"damage":6,"enemies":"Shell Parasite","floor":18,"turns":5},{"damage":27,"enemies":"3 Byrds","floor":20,"turns":4},{"damage":22,"enemies":"Shelled Parasite and Fungi","floor":21,"turns":5},{"damage":18,"enemies":"Snake Plant","floor":24,"turns":4},{"damage":0,"enemies":"Centurion and Healer","floor":27,"turns":5},{"damage":25,"enemies":"3 Cultists","floor":29,"turns":4},{"damage":10,"enemies":"Shelled Parasite and Fungi","floor":30,"turns":5},{"damage":41,"enemies":"Automaton","floor":33,"turns":6}],"seed_played":"-8670506212834045436","potions_obtained":[{"floor":1,"key":"GamblersBrew"},{"floor":5,"key":"Fire Potion"},{"floor":16,"key":"Energy Potion"},{"floor":21,"key":"LiquidBronze"},{"floor":24,"key":"EssenceOfSteel"},{"floor":29,"key":"Fire Potion"}],"is_trial":false,"path_per_floor":["M","$","?","?","M","M","R","?","T","M","M","R","?","E","R","B",null,"M","?","M","M","$","R","M","R","T","M","?","M","M","$","R","B"],"character_chosen":"DEFECT","items_purchased":["Capacitor","Sweeping Beam","Capacitor","Coolheaded","Sweeping Beam","Coolheaded"],"campfire_rested":2,"item_purchase_floors":[2,2,22,22,22,31],"current_hp_per_floor":[75,75,75,80,80,80,80,80,80,72,70,70,70,70,70,17,80,74,74,47,25,25,25,7,31,38,38,38,13,3,3,29,0],"gold":31,"neow_bonus":"ONE_RANDOM_RARE_CARD","is_prod":false,"is_daily":false,"chose_seed":false,"campfire_upgraded":4,"win_rate":0,"timestamp":1556367497,"path_taken":["M","$","?","?","M","M","R","?","T","?","M","R","?","E","R","BOSS","M","?","M","M","$","R","M","R","T","?","?","M","?","?","R","BOSS"],"build_version":"2019-01-23","purchased_purges":0,"victory":false,"max_hp_per_floor":[75,75,75,80,80,80,80,80,80,80,80,80,80,80,80,80,80,80,80,80,80,80,80,80,80,87,87,87,87,87,87,87,87],"card_choices":[{"not_picked":["Barrage","Beam Cell"],"picked":"Turbo","floor":1},{"not_picked":["Stack","Beam Cell"],"picked":"Ball Lightning","floor":5},{"not_picked":["FTL","Core Surge"],"picked":"Conserve Battery","floor":6},{"not_picked":["Hologram","Leap"],"picked":"Cold Snap","floor":10},{"not_picked":["Skim","Chaos"],"picked":"Rip and Tear","floor":11},{"not_picked":["Conserve Battery","Streamline"],"picked":"Barrage","floor":14},{"not_picked":["Creative AI","All For One"],"picked":"Reboot","floor":16},{"not_picked":["Redo","Steam Power"],"picked":"Ball Lightning","floor":17},{"not_picked":["Redo","Turbo"],"picked":"Conserve Battery","floor":17},{"not_picked":["Hologram","Go for the Eyes"],"picked":"Steam","floor":17},{"not_picked":["Go for the Eyes","Doom and Gloom"],"picked":"Consume","floor":17},{"not_picked":["Meteor Strike","Rebound","Go for the Eyes"],"picked":"SKIP","floor":18},{"not_picked":["Turbo+1","Glacier"],"picked":"Ball Lightning+1","floor":20},{"not_picked":["Redo","Tempest+1"],"picked":"Turbo+1","floor":21},{"not_picked":["Barrage","Hologram+1"],"picked":"Cold Snap","floor":24},{"not_picked":["Darkness","Sweeping Beam"],"picked":"Ball Lightning","floor":27},{"not_picked":["Streamline","Turbo"],"picked":"Cold Snap","floor":29},{"not_picked":["Turbo","Redo"],"picked":"Core Surge","floor":30}],"player_experience":696039,"relics_obtained":[{"floor":8,"key":"Cables"},{"floor":9,"key":"Happy Flower"},{"floor":14,"key":"Boot"},{"floor":26,"key":"Strawberry"}],"event_choices":[{"damage_healed":0,"gold_gain":0,"player_choice":"Grow","damage_taken":0,"max_hp_gain":0,"max_hp_loss":0,"event_name":"Living Wall","floor":3,"gold_loss":0,"cards_upgraded":["Capacitor"]},{"damage_healed":0,"gold_gain":0,"player_choice":"Donut","damage_taken":0,"max_hp_gain":5,"max_hp_loss":0,"event_name":"Big Fish","floor":4,"gold_loss":0},{"damage_healed":0,"gold_gain":0,"player_choice":"Relic","damage_taken":0,"max_hp_gain":0,"max_hp_loss":0,"event_name":"Wheel of Change","floor":8,"gold_loss":0},{"damage_healed":0,"gold_gain":0,"player_choice":"Leave","damage_taken":0,"max_hp_gain":0,"max_hp_loss":0,"event_name":"The Cleric","floor":13,"gold_loss":0},{"cards_removed":["Strike_B"],"damage_healed":0,"gold_gain":0,"player_choice":"Upgrade and Remove","damage_taken":0,"max_hp_gain":0,"max_hp_loss":0,"event_name":"Designer","floor":19,"gold_loss":90,"cards_upgraded":["Ball Lightning"]},{"damage_healed":0,"gold_gain":0,"player_choice":"Copied","damage_taken":0,"max_hp_gain":0,"max_hp_loss":0,"event_name":"Duplicator","floor":28,"gold_loss":0,"cards_obtained":["Capacitor"]}],"is_beta":false,"boss_relics":[{"not_picked":["Snecko Eye","Astrolabe"],"picked":"Orrery"}],"items_purged_floors":[],"is_endless":false,"potions_floor_spawned":[1,5,16,21,24,29],"killed_by":"Automaton","ascension_level":0}