{"gold_per_floor":[113,188,198,216,15,41,61,61,61,61,96,110,110,110,110,215,215,229,229,244,259,259,259,292,292,292,307,325,339,339,309,309,407,407,424,438,452,212,227,227,258,358,432,432,432,0,10,20,20,20,20,20,20,54,54],"floor_reached":56,"playtime":5099,"items_purged":["Strike_R","Strike_R"],"score":1449,"play_id":"1fb2d0b8-9982-411c-8984-17d15ac990da","local_time":"20190421025927","is_ascension_mode":true,"campfire_choices":[{"data":"Uppercut","floor":8,"key":"SMITH"},{"data":"Armaments","floor":10,"key":"SMITH"},{"data":"Metallicize","floor":13,"key":"SMITH"},{"floor":15,"key":"REST"},{"data":"True Grit","floor":23,"key":"SMITH"},{"data":"Feel No Pain","floor":25,"key":"SMITH"},{"data":"Shrug It Off","floor":30,"key":"SMITH"},{"data":"J.A.X.","floor":32,"key":"SMITH"},{"data":"Demon Form","floor":40,"key":"SMITH"},{"data":"Fiend Fire","floor":45,"key":"SMITH"},{"floor":49,"key":"RECALL"},{"data":"Impervious","floor":52,"key":"SMITH"}],"neow_cost":"NONE","seed_source_timestamp":831393753907095,"circlet_count":0,"master_deck":["Strike_R","Strike_R","Defend_R","Defend_R","Defend_R","Defend_R","Bash+1","Feel No Pain+1","Carnage","Metallicize+1","Uppercut+1","Armaments+1","Feed","Headbutt","Reaper","Fire Breathing","J.A.X.+1","Shrug It Off+1","True Grit+1","Ghostly","Ghostly","Ghostly","Ghostly","Ghostly","Fiend Fire+1","Spot Weakness","Warcry+1","Demon Form+1","Shrug It Off+1","Havoc","Corruption","Havoc","Body Slam+1","Pommel Strike+1","Impervious+1"],"relics":["Burning Blood","Red Skull","Blood Vial","Mercury Hourglass","Snecko Eye","Centennial Puzzle","Runic Pyramid","Paper Frog","Charon\u0027s Ashes","Red Mask","Happy Flower"],"potions_floor_usage":[11,16,24,33,33,37,38,41,41,55,55],"damage_taken":[{"damage":3,"enemies":"2 Louse","floor":1,"turns":3},{"damage":13,"enemies":"Jaw Worm","floor":3,"turns":4},{"damage":11,"enemies":"Cultist","floor":4,"turns":4},{"damage":32,"enemies":"Lagavulin","floor":6,"turns":8},{"damage":9,"enemies":"Exordium Wildlife","floor":7,"turns":3},{"damage":17,"enemies":"Gremlin Nob","floor":11,"turns":4},{"damage":9,"enemies":"Looter","floor":12,"turns":3},{"damage":30,"enemies":"Hexaghost","floor":16,"turns":10},{"damage":17,"enemies":"3 Byrds","floor":18,"turns":5},{"damage":6,"enemies":"Spheric Guardian","floor":20,"turns":3},{"damage":6,"enemies":"Snecko","floor":21,"turns":4},{"damage":3,"enemies":"Book of Stabbing","floor":24,"turns":6},{"damage":12,"enemies":"Centurion and Healer","floor":27,"turns":11},{"damage":3,"enemies":"Sentry and Sphere","floor":28,"turns":4},{"damage":8,"enemies":"Cultist and Chosen","floor":29,"turns":9},{"damage":69,"enemies":"Collector","floor":33,"turns":11},{"damage":9,"enemies":"Orb Walker","floor":35,"turns":6},{"damage":18,"enemies":"3 Shapes","floor":36,"turns":8},{"damage":1,"enemies":"Jaw Worm Horde","floor":37,"turns":8},{"damage":3,"enemies":"Spire Growth","floor":39,"turns":5},{"damage":77,"enemies":"Reptomancer","floor":41,"turns":9},{"damage":3,"enemies":"Mind Bloom Boss Battle","floor":42,"turns":6},{"damage":2,"enemies":"4 Shapes","floor":47,"turns":5},{"damage":1,"enemies":"Transient","floor":48,"turns":5},{"damage":66,"enemies":"Donu and Deca","floor":50,"turns":11},{"damage":4,"enemies":"Shield and Spear","floor":54,"turns":6},{"damage":80,"enemies":"The Heart","floor":55,"turns":11}],"seed_played":"-4663898697883409451","potions_obtained":[{"floor":1,"key":"SkillPotion"},{"floor":3,"key":"LiquidBronze"},{"floor":7,"key":"Poison Potion"},{"floor":11,"key":"LiquidBronze"},{"floor":12,"key":"Weak Potion"},{"floor":20,"key":"PowerPotion"},{"floor":27,"key":"Poison Potion"},{"floor":33,"key":"Fruit Juice"},{"floor":36,"key":"Fruit Juice"},{"floor":37,"key":"Swift Potion"},{"floor":41,"key":"Explosive Potion"},{"floor":48,"key":"AttackPotion"}],"is_trial":false,"path_per_floor":["M","?","M","M","$","E","M","R","T","R","E","M","R","?","R","B",null,"M","?","M","M","?","R","E","R","T","M","M","M","R","?","R","B",null,"M","M","M","$","M","R","E","?","T","?","R","?","M","M","R","B",null,"R","$","E","B",null],"character_chosen":"IRONCLAD","items_purchased":["Uppercut","Armaments","Corruption","Havoc","SkillPotion"],"campfire_rested":1,"item_purchase_floors":[5,5,38,38,38],"current_hp_per_floor":[75,64,57,52,52,26,26,26,26,26,20,19,19,12,37,19,72,66,66,74,87,48,48,48,48,48,49,51,53,53,53,53,22,47,59,56,71,76,80,80,60,65,65,55,55,55,64,87,87,48,80,80,80,94,58],"gold":54,"neow_bonus":"UPGRADE_CARD","is_prod":false,"is_daily":false,"chose_seed":false,"campfire_upgraded":10,"win_rate":0,"timestamp":1555833567,"path_taken":["M","?","M","M","$","E","M","R","T","R","E","M","R","?","R","BOSS","M","?","M","M","?","R","E","R","T","?","M","M","R","?","R","BOSS","M","M","M","$","M","R","E","?","T","?","R","?","M","M","R","BOSS","R","$","E","BOSS"],"build_version":"2019-01-23","purchased_purges":2,"victory":true,"max_hp_per_floor":[80,80,80,80,80,80,83,83,83,83,86,86,86,86,86,90,90,93,93,93,97,48,48,48,48,48,51,51,55,55,55,55,55,55,59,62,71,76,80,80,84,84,84,84,84,84,87,87,87,91,91,91,91,94,94],"card_choices":[{"not_picked":["Seeing Red","Warcry"],"picked":"Feel No Pain","floor":1},{"not_picked":["Perfected Strike","Twin Strike"],"picked":"Carnage","floor":3},{"not_picked":["Cleave","Ghostly Armor"],"picked":"Metallicize","floor":4},{"not_picked":["Rage","Blood for Blood"],"picked":"Feed","floor":6},{"not_picked":["Twin Strike","Blood for Blood"],"picked":"Headbutt","floor":11},{"not_picked":["Clash","Twin Strike","Dropkick"],"picked":"SKIP","floor":12},{"not_picked":["Berserk","Juggernaut"],"picked":"Reaper","floor":16},{"not_picked":["Clothesline+1","Pommel Strike"],"picked":"Fire Breathing","floor":18},{"not_picked":["Twin Strike","Headbutt"],"picked":"Shrug It Off","floor":20},{"not_picked":["Wild Strike","Heavy Blade"],"picked":"True Grit","floor":21},{"not_picked":["Feel No Pain","Disarm"],"picked":"Fiend Fire","floor":24},{"not_picked":["Thunderclap","Anger"],"picked":"Spot Weakness","floor":27},{"not_picked":["Burning Pact","Body Slam"],"picked":"Warcry+1","floor":28},{"not_picked":["Burning Pact","Demon Form","Warcry"],"picked":"SKIP","floor":29},{"not_picked":["Juggernaut","Reaper"],"picked":"Demon Form","floor":33},{"not_picked":["Bloodletting","Shockwave"],"picked":"Shrug It Off+1","floor":35},{"not_picked":["Cleave+1","Headbutt+1","Perfected Strike+1"],"picked":"SKIP","floor":36},{"not_picked":["Clash","Second Wind"],"picked":"Havoc","floor":37},{"not_picked":["Clothesline+1","Warcry+1"],"picked":"Body Slam+1","floor":39},{"not_picked":["Rage+1","Shrug It Off"],"picked":"Pommel Strike+1","floor":41},{"not_picked":["Perfected Strike+1","Infernal Blade"],"picked":"Impervious","floor":42},{"not_picked":["Cleave","Ghostly Armor","Armaments+1"],"picked":"SKIP","floor":47},{"not_picked":["Searing Blow","Power Through+1","Intimidate+1"],"picked":"SKIP","floor":48},{"not_picked":["Double Tap","Headbutt+1","Flex"],"picked":"SKIP","floor":54}],"player_experience":640223,"relics_obtained":[{"floor":6,"key":"Red Skull"},{"floor":9,"key":"Blood Vial"},{"floor":11,"key":"Mercury Hourglass"},{"floor":24,"key":"Centennial Puzzle"},{"floor":41,"key":"Paper Frog"},{"floor":42,"key":"Charon\u0027s Ashes"},{"floor":54,"key":"Happy Flower"}],"event_choices":[{"damage_healed":0,"gold_gain":75,"player_choice":"Gather Gold","damage_taken":11,"max_hp_gain":0,"max_hp_loss":0,"event_name":"World of Goop","floor":2,"gold_loss":0},{"cards_removed":["Strike_R"],"damage_healed":0,"gold_gain":0,"player_choice":"Card Removal","damage_taken":7,"max_hp_gain":0,"max_hp_loss":0,"event_name":"Golden Wing","floor":14,"gold_loss":0},{"damage_healed":0,"gold_gain":0,"player_choice":"Obtain J.A.X.","damage_taken":0,"max_hp_gain":0,"max_hp_loss":0,"event_name":"Drug Dealer","floor":19,"gold_loss":0,"cards_obtained":["J.A.X."]},{"damage_healed":0,"gold_gain":0,"player_choice":"Became a Ghost","damage_taken":0,"max_hp_gain":0,"max_hp_loss":49,"event_name":"Ghosts","floor":22,"gold_loss":0,"cards_obtained":["Ghostly","Ghostly","Ghostly","Ghostly","Ghostly"]},{"damage_healed":0,"gold_gain":0,"player_choice":"Bought 2 Potions","damage_taken":0,"max_hp_gain":0,"max_hp_loss":0,"event_name":"The Woman in Blue","floor":31,"gold_loss":0},{"damage_healed":0,"gold_gain":0,"player_choice":"Fight","damage_taken":0,"max_hp_gain":0,"max_hp_loss":0,"event_name":"MindBloom","floor":42,"gold_loss":0},{"damage_healed":0,"gold_gain":0,"player_choice":"Memory 3","damage_taken":10,"max_hp_gain":0,"max_hp_loss":0,"event_name":"SensoryStone","floor":44,"gold_loss":0},{"damage_healed":0,"gold_gain":0,"player_choice":"Paid","damage_taken":0,"relics_obtained":["Red Mask"],"max_hp_gain":0,"max_hp_loss":0,"event_name":"Tomb of Lord Red Mask","floor":46,"gold_loss":432}],"is_beta":false,"boss_relics":[{"not_picked":["Coffee Dripper","Astrolabe"],"picked":"Snecko Eye"},{"not_picked":["White Beast Statue","Orrery"],"picked":"Runic Pyramid"}],"items_purged_floors":[5,38],"is_endless":false,"potions_floor_spawned":[1,3,7,11,12,20,27,33,36,37,41,48],"ascension_level":6}