{"path_per_floor":["M","M","?","M","?","R","E","R","T","M","M","?","R","E","R","B",null,"M","?","T","M","M","R","E","M","T","M","M","R","E","M","R"],"character_chosen":"IRONCLAD","items_purchased":[],"gold_per_floor":[117,134,134,148,98,98,125,125,150,160,175,175,175,202,202,273,273,288,288,288,304,323,323,348,364,420,433,452,452,487,501,501,501],"floor_reached":33,"campfire_rested":4,"playtime":1706,"current_hp_per_floor":[26,30,56,58,58,58,31,70,70,59,65,65,65,49,80,56,74,66,66,66,71,44,80,71,75,75,70,67,67,41,8,47,0],"items_purged":[],"gold":501,"score":493,"play_id":"0c5605f3-11dc-48bc-9863-aed89feaf57c","local_time":"20180517153215","is_prod":false,"is_daily":false,"chose_seed":false,"is_ascension_mode":true,"campfire_upgraded":3,"timestamp":1526567535,"path_taken":["M","M","?","?","?","R","E","R","T","M","M","?","R","E","R","BOSS","M","?","?","M","M","R","E","M","T","?","M","R","E","M","R","BOSS"],"build_version":"2018-05-10","seed_source_timestamp":76661403987130,"purchased_purges":0,"victory":false,"master_deck":["Strike_R","Strike_R","Strike_R","Defend_R","Defend_R","Defend_R","Defend_R","Bash+1","AscendersBane","Metallicize","Flex+1","Battle Trance","Carnage+1","Thunderclap","Immolate+1","Inflame+1","Dropkick","Clash","Burning Pact","Seeing Red+1","Battle Trance"],"max_hp_per_floor":[80,80,80,80,80,80,80,80,80,80,80,80,80,80,80,80,80,80,80,80,80,80,80,80,80,80,80,80,80,80,80,80,80],"relics":["Burning Blood","Champion Belt","Regal Pillow","Blood Vial","Bronze Scales","Runic Dome","Shuriken","Toolbox","Tiny Chest","Art of War"],"card_choices":[{"not_picked":["Fire Breathing","Headbutt"],"picked":"Metallicize","floor":1},{"not_picked":["Anger","Warcry"],"picked":"Flex","floor":2},{"not_picked":["Headbutt","Cleave"],"picked":"Battle Trance","floor":7},{"not_picked":["Pommel Strike","Burning Pact"],"picked":"Carnage","floor":11},{"not_picked":["Berserk","Sword Boomerang"],"picked":"Thunderclap","floor":14},{"not_picked":["Limit Break","Bludgeon"],"picked":"Immolate","floor":16},{"not_picked":["Burning Pact","Sword Boomerang"],"picked":"Inflame","floor":21},{"not_picked":["Anger","Carnage"],"picked":"Dropkick","floor":22},{"not_picked":["Cleave","Metallicize"],"picked":"Clash","floor":24},{"not_picked":["Sword Boomerang","Hemokinesis"],"picked":"Burning Pact","floor":25},{"not_picked":["Infernal Blade","Cleave"],"picked":"Seeing Red","floor":27},{"not_picked":["True Grit","Twin Strike"],"picked":"Battle Trance","floor":30}],"player_experience":243389,"potions_floor_usage":[7,16,27,30,33,33],"damage_taken":[{"damage":16,"enemies":"Small Slimes","floor":1,"turns":4},{"damage":2,"enemies":"Jaw Worm","floor":2,"turns":4},{"damage":4,"enemies":"Cultist","floor":4,"turns":3},{"damage":33,"enemies":"3 Sentries","floor":7,"turns":9},{"damage":19,"enemies":"Large Slime","floor":10,"turns":9},{"damage":2,"enemies":"2 Fungi Beasts","floor":11,"turns":7},{"damage":24,"enemies":"Lagavulin","floor":14,"turns":6},{"damage":30,"enemies":"Hexaghost","floor":16,"turns":8},{"damage":16,"enemies":"2 Thieves","floor":18,"turns":3},{"damage":3,"enemies":"Spheric Guardian","floor":21,"turns":3},{"damage":35,"enemies":"Cultist and Chosen","floor":22,"turns":5},{"damage":15,"enemies":"Gremlin Leader","floor":24,"turns":4},{"damage":4,"enemies":"Centurion and Healer","floor":25,"turns":3},{"damage":15,"enemies":"Snake Plant","floor":27,"turns":2},{"damage":15,"enemies":"Slaver and Parasite","floor":28,"turns":3},{"damage":42,"enemies":"Book of Stabbing","floor":30,"turns":4},{"damage":45,"enemies":"Cultist and Chosen","floor":31,"turns":5},{"damage":56,"enemies":"Champ","floor":33,"turns":6}],"event_choices":[{"event_name":"Big Fish","player_choice":"Banana","floor":3,"damage_taken":0},{"event_name":"The Cleric","player_choice":"Card Removal","floor":5,"damage_taken":0},{"event_name":"Living Wall","player_choice":"Grow","floor":12,"damage_taken":0},{"event_name":"Wheel of Change","player_choice":"Card Removal","floor":19,"damage_taken":0}],"boss_relics":[{"not_picked":["Calling Bell","Eternal Feather"],"picked":"Runic Dome"}],"potions_floor_spawned":[1,2,10,14,21,25,30],"seed_played":"4240837569619871460","killed_by":"Champ","ascension_level":13,"is_trial":false}