{"gold_per_floor":[113,130,29,29,44,44,73,43,43,43,63,83,83,115,115,212,212,212,212,212,14,14,14,14,14,14,14,14,14,14,14,14,14],"floor_reached":33,"playtime":1514,"items_purged":["Doubt"],"score":450,"play_id":"c194bb4a-d837-4f25-b819-83b6a14d369a","local_time":"20190429013557","is_ascension_mode":true,"campfire_choices":[{"data":"Beam Cell","floor":6,"key":"SMITH"},{"floor":13,"key":"REST"},{"floor":15,"key":"REST"},{"floor":23,"key":"REST"},{"floor":25,"key":"REST"},{"floor":32,"key":"REST"}],"neow_cost":"CURSE","seed_source_timestamp":408000820303222,"circlet_count":0,"master_deck":["Strike_B","Strike_B","Strike_B","Defend_B","Defend_B","Defend_B","Defend_B","Zap","Dualcast","Gash","Ball Lightning","Go for the Eyes","Beam Cell+1","Electrodynamics","Gash","Go for the Eyes","Redo+1","RitualDagger","Beam Cell","Go for the Eyes+1","FTL","Ghostly","Ghostly","Ghostly","Ghostly","Ghostly","FTL"],"relics":["Cracked Core","Nunchaku","Gremlin Horn","Ancient Tea Set","Potion Belt","Ectoplasm","Red Mask","Bag of Preparation","Ornamental Fan","Regal Pillow","Lantern"],"potions_floor_usage":[19,27,28,28,31,33],"damage_taken":[{"damage":1,"enemies":"Cultist","floor":1,"turns":3},{"damage":7,"enemies":"Small Slimes","floor":2,"turns":3},{"damage":2,"enemies":"Jaw Worm","floor":5,"turns":2},{"damage":15,"enemies":"Lagavulin","floor":7,"turns":4},{"damage":12,"enemies":"Blue Slaver","floor":11,"turns":3},{"damage":1,"enemies":"Exordium Wildlife","floor":12,"turns":2},{"damage":25,"enemies":"Gremlin Nob","floor":14,"turns":4},{"damage":16,"enemies":"Slime Boss","floor":16,"turns":7},{"damage":7,"enemies":"3 Byrds","floor":18,"turns":2},{"damage":19,"enemies":"Masked Bandits","floor":19,"turns":3},{"damage":8,"enemies":"Chosen","floor":22,"turns":3},{"damage":9,"enemies":"Snake Plant","floor":27,"turns":2},{"damage":12,"enemies":"Snecko","floor":28,"turns":4},{"damage":21,"enemies":"Book of Stabbing","floor":29,"turns":4},{"damage":2,"enemies":"Slavers","floor":31,"turns":4},{"damage":41,"enemies":"Collector","floor":33,"turns":8}],"seed_played":"-437476153763917333","potions_obtained":[{"floor":2,"key":"SmokeBomb"},{"floor":5,"key":"Ancient Potion"},{"floor":14,"key":"SneckoOil"},{"floor":16,"key":"Fire Potion"},{"floor":19,"key":"Explosive Potion"},{"floor":22,"key":"Energy Potion"},{"floor":29,"key":"AttackPotion"},{"floor":31,"key":"LiquidBronze"}],"is_trial":false,"path_per_floor":["M","M","$","?","M","R","E","?","T","$","M","M","R","E","R","B",null,"M","?","?","$","M","R","$","R","T","M","M","E","?","E","R","B"],"character_chosen":"DEFECT","items_purchased":["Go for the Eyes","Bag of Preparation","Beam Cell"],"campfire_rested":5,"item_purchase_floors":[3,21,21],"current_hp_per_floor":[67,60,60,53,51,51,36,36,36,36,24,23,45,20,42,26,63,56,37,31,31,23,45,45,67,67,58,46,25,25,23,37,0],"gold":14,"neow_bonus":"ONE_RARE_RELIC","is_prod":false,"is_daily":false,"chose_seed":false,"campfire_upgraded":1,"win_rate":0,"timestamp":1556523357,"path_taken":["M","?","$","?","M","R","E","?","T","$","M","M","R","E","R","BOSS","M","?","?","$","M","R","?","R","T","M","M","E","?","E","R","BOSS"],"build_version":"2019-04-23","purchased_purges":1,"victory":false,"max_hp_per_floor":[75,75,75,75,75,75,75,75,75,75,75,75,75,75,75,75,75,75,75,75,75,75,75,75,75,75,75,75,75,37,37,37,37],"card_choices":[{"not_picked":["Recycle","Beam Cell"],"picked":"Gash","floor":1},{"not_picked":["Genetic Algorithm","Steam"],"picked":"Ball Lightning","floor":2},{"not_picked":["Coolheaded","Capacitor"],"picked":"Beam Cell","floor":5},{"not_picked":["FTL","Compile Driver"],"picked":"Electrodynamics","floor":7},{"not_picked":["Redo","Sweeping Beam","Hologram"],"picked":"SKIP","floor":11},{"not_picked":["Rip and Tear","Streamline"],"picked":"Gash","floor":12},{"not_picked":["Scrape","Barrage"],"picked":"Go for the Eyes","floor":14},{"not_picked":["Turbo+1","Rebound","Storm+1"],"picked":"SKIP","floor":18},{"not_picked":["Streamline+1","Ball Lightning"],"picked":"Redo+1","floor":19},{"not_picked":["Streamline","Go for the Eyes","Cold Snap"],"picked":"SKIP","floor":22},{"not_picked":["Sweeping Beam","Reboot"],"picked":"Go for the Eyes+1","floor":27},{"not_picked":["Compile Driver","Melter","Reprogram+1"],"picked":"SKIP","floor":28},{"not_picked":["Ball Lightning","Beam Cell"],"picked":"FTL","floor":29},{"not_picked":["Redo","Ball Lightning"],"picked":"FTL","floor":31}],"player_experience":567597,"relics_obtained":[{"floor":7,"key":"Gremlin Horn"},{"floor":9,"key":"Ancient Tea Set"},{"floor":14,"key":"Potion Belt"},{"floor":19,"key":"Red Mask"},{"floor":26,"key":"Ornamental Fan"},{"floor":29,"key":"Regal Pillow"},{"floor":31,"key":"Lantern"}],"event_choices":[{"cards_removed":["Strike_B"],"damage_healed":0,"gold_gain":0,"player_choice":"Card Removal","damage_taken":7,"max_hp_gain":0,"max_hp_loss":0,"event_name":"Golden Wing","floor":4,"gold_loss":0},{"damage_healed":0,"gold_gain":0,"player_choice":"Left Gold","damage_taken":0,"max_hp_gain":0,"max_hp_loss":0,"event_name":"World of Goop","floor":8,"gold_loss":30},{"damage_healed":0,"gold_gain":0,"player_choice":"Fought Bandits","damage_taken":0,"max_hp_gain":0,"max_hp_loss":0,"event_name":"Masked Bandits","floor":19,"gold_loss":0},{"damage_healed":0,"gold_gain":0,"player_choice":"Joined the Cult","damage_taken":6,"max_hp_gain":0,"max_hp_loss":0,"event_name":"Nest","floor":20,"gold_loss":0,"cards_obtained":["RitualDagger"]},{"damage_healed":0,"gold_gain":0,"player_choice":"Became a Ghost","damage_taken":0,"max_hp_gain":0,"max_hp_loss":38,"event_name":"Ghosts","floor":30,"gold_loss":0,"cards_obtained":["Ghostly","Ghostly","Ghostly","Ghostly","Ghostly"]}],"is_beta":true,"boss_relics":[{"not_picked":["Coffee Dripper","Velvet Choker"],"picked":"Ectoplasm"}],"items_purged_floors":[3],"is_endless":false,"potions_floor_spawned":[2,5,14,16,19,22,29,31],"killed_by":"Collector","ascension_level":9}