{"path_per_floor":["M","M","?","M","?","R","$","R","T","R","?","M","E","?","R"],"character_chosen":"DEFECT","items_purchased":[],"gold_per_floor":[118,129,129,148,148,148,148,148,148,148,148,166,194,269,269,269],"floor_reached":16,"campfire_rested":1,"playtime":731,"item_purchase_floors":[],"current_hp_per_floor":[72,72,77,76,76,76,76,76,76,76,60,53,30,19,43,0],"items_purged":[],"gold":269,"score":103,"play_id":"b429c4a4-a52e-4a99-829d-5a27d0ec6819","local_time":"20180601101348","is_prod":false,"is_daily":false,"chose_seed":false,"is_ascension_mode":true,"campfire_upgraded":3,"win_rate":0.0,"timestamp":1527844428,"campfire_choices":[{"data":"Fusion","floor":6,"key":"SMITH"},{"data":"Streamline","floor":8,"key":"SMITH"},{"data":"Zap","floor":10,"key":"SMITH"},{"floor":15,"key":"REST"}],"path_taken":["M","M","?","M","?","R","?","R","T","R","?","?","E","?","R","BOSS"],"build_version":"2018-05-31","seed_source_timestamp":776596605360571,"purchased_purges":0,"victory":false,"master_deck":["Strike_B","Strike_B","Strike_B","Strike_B","Defend_B","Defend_B","Defend_B+1","Defend_B","Zap+1","Dualcast+1","Streamline+1","Fusion+1","Chaos+1","Loop","Aggregate"],"max_hp_per_floor":[75,75,80,80,80,80,80,80,80,80,80,80,80,80,80,80],"relics":["Cracked Core","Ornamental Fan","Smiling Mask"],"card_choices":[{"not_picked":["Stack","Go for the Eyes"],"picked":"Streamline","floor":1},{"not_picked":["Sweeping Beam","Cold Snap"],"picked":"Fusion","floor":2},{"not_picked":["Stack","Beam Cell"],"picked":"Chaos","floor":4},{"not_picked":["Redo","Coolheaded"],"picked":"Loop","floor":12},{"not_picked":["Stack","Thunder Strike"],"picked":"Aggregate","floor":13}],"player_experience":263535,"potions_floor_usage":[16,16],"damage_taken":[{"damage":3,"enemies":"Jaw Worm","floor":1,"turns":3},{"damage":0,"enemies":"Small Slimes","floor":2,"turns":2},{"damage":1,"enemies":"Cultist","floor":4,"turns":3},{"damage":7,"enemies":"Exordium Wildlife","floor":12,"turns":3},{"damage":23,"enemies":"Lagavulin","floor":13,"turns":5},{"damage":45,"enemies":"The Guardian","floor":16,"turns":14}],"relics_obtained":[{"floor":9,"key":"Ornamental Fan"},{"floor":13,"key":"Smiling Mask"}],"event_choices":[{"event_name":"Big Fish","player_choice":"Donut","floor":3,"damage_taken":0},{"event_name":"The Lab","player_choice":"Got Potions","floor":5,"damage_taken":0},{"event_name":"Shining Light","player_choice":"Entered Light","floor":11,"damage_taken":0},{"event_name":"World of Goop","player_choice":"Gather Gold","floor":14,"damage_taken":0}],"boss_relics":[],"items_purged_floors":[],"potions_floor_spawned":[2,12],"seed_played":"-8345527071504791803","killed_by":"The Guardian","ascension_level":1,"potions_obtained":[{"floor":2,"key":"EssenceOfSteel"},{"floor":5,"key":"Explosive Potion"},{"floor":5,"key":"SpeedPotion"}],"is_trial":false}