{"gold_per_floor":[110,110,110,125,143,143,157,157,184,184,198,123,123,123,123,212,212,225,248,248],"floor_reached":20,"playtime":529,"items_purged":["Parasite"],"score":279,"play_id":"dc957c60-9276-42d2-9d60-8d68a4607d54","local_time":"20190120201553","is_ascension_mode":true,"campfire_choices":[{"data":"Skim","floor":6,"key":"SMITH"},{"floor":8,"key":"REST"},{"floor":13,"key":"REST"},{"data":"Capacitor","floor":15,"key":"SMITH"}],"neow_cost":"PERCENT_DAMAGE","seed_source_timestamp":2257146719847708,"circlet_count":0,"master_deck":["AscendersBane","Strike_B","Strike_B","Strike_B","Strike_B","Defend_B","Defend_B","Defend_B","Defend_B","Zap","Dualcast","Compile Driver","Leap","Skim+1","Capacitor+1","Ball Lightning","Electrodynamics","Coolheaded","Cold Snap"],"relics":["Cracked Core","Ice Cream","Golden Idol","Bronze Scales","Inserter"],"potions_floor_usage":[16,16,19,20],"damage_taken":[{"damage":3,"enemies":"Small Slimes","floor":1,"turns":3},{"damage":6,"enemies":"2 Louse","floor":4,"turns":3},{"damage":3,"enemies":"Jaw Worm","floor":5,"turns":3},{"damage":12,"enemies":"Exordium Wildlife","floor":7,"turns":5},{"damage":30,"enemies":"Gremlin Gang","floor":11,"turns":3},{"damage":24,"enemies":"Slime Boss","floor":16,"turns":9},{"damage":28,"enemies":"3 Byrds","floor":18,"turns":3},{"damage":17,"enemies":"Spheric Guardian","floor":19,"turns":4},{"damage":9,"enemies":"Snake Plant","floor":20,"turns":1}],"seed_played":"9115087059749320179","potions_obtained":[{"floor":1,"key":"FocusPotion"},{"floor":4,"key":"Strength Potion"},{"floor":18,"key":"Explosive Potion"},{"floor":19,"key":"SkillPotion"}],"is_trial":false,"path_per_floor":["M","?","?","M","M","R","M","R","T","?","M","$","R","?","R","B",null,"M","M","M"],"character_chosen":"DEFECT","items_purchased":[],"campfire_rested":2,"item_purchase_floors":[],"current_hp_per_floor":[43,43,43,37,34,34,22,41,41,57,27,27,45,45,45,21,53,25,8,0],"gold":248,"neow_bonus":"ONE_RARE_RELIC","is_prod":false,"is_daily":false,"chose_seed":false,"campfire_upgraded":2,"win_rate":0,"timestamp":1548015353,"path_taken":["M","?","?","M","M","R","M","R","T","?","M","?","R","?","R","BOSS","M","M","M"],"build_version":"2019-01-17v2","purchased_purges":1,"victory":false,"max_hp_per_floor":[71,71,66,66,66,66,66,66,66,66,66,63,63,63,63,63,63,63,63,63],"card_choices":[{"not_picked":["Recycle","Melter"],"picked":"Compile Driver","floor":1},{"not_picked":["Scrape","Barrage"],"picked":"Leap","floor":4},{"not_picked":["Streamline","Meteor Strike"],"picked":"Skim","floor":5},{"not_picked":["Sweeping Beam","Redo"],"picked":"Capacitor","floor":7},{"not_picked":["Gash","Sweeping Beam"],"picked":"Ball Lightning","floor":11},{"not_picked":["All For One","Amplify"],"picked":"Electrodynamics","floor":16},{"not_picked":["Tempest","Redo"],"picked":"Coolheaded","floor":18},{"not_picked":["Gash","Compile Driver"],"picked":"Cold Snap","floor":19}],"player_experience":433897,"relics_obtained":[{"floor":9,"key":"Bronze Scales"}],"event_choices":[{"damage_healed":0,"gold_gain":0,"player_choice":"Ignored","damage_taken":0,"max_hp_gain":0,"max_hp_loss":0,"event_name":"Golden Wing","floor":2,"gold_loss":0},{"damage_healed":0,"gold_gain":0,"player_choice":"Lose Max HP","damage_taken":0,"relics_obtained":["Golden Idol"],"max_hp_gain":0,"max_hp_loss":5,"event_name":"Golden Idol","floor":3,"gold_loss":0},{"damage_healed":16,"gold_gain":0,"player_choice":"Healed and dodged fight","damage_taken":0,"max_hp_gain":0,"max_hp_loss":0,"event_name":"Mushrooms","floor":10,"gold_loss":0,"cards_obtained":["Parasite"]},{"damage_healed":0,"gold_gain":0,"player_choice":"Ignored","damage_taken":0,"max_hp_gain":0,"max_hp_loss":0,"event_name":"Liars Game","floor":14,"gold_loss":0}],"is_beta":false,"boss_relics":[{"not_picked":["Fusion Hammer","Black Star"],"picked":"Inserter"}],"items_purged_floors":[12],"is_endless":false,"potions_floor_spawned":[1,4,5,18,19],"killed_by":"Snake Plant","ascension_level":14}