{"gold_per_floor":[109,128,139,89,89,89,114,114,114,114,134,152,172,183,183,281,281,292,392,407,427,427,454,467,467,467,480,102,117,142,156,156,257,257,276,291,303,316,328,387,387,401,401,401,413,447,459,488,488,488,488,488,4,31,31],"floor_reached":56,"playtime":10751,"items_purged":["Consume+1"],"score":1514,"play_id":"e0768669-f792-47e4-bf9c-d52c3f0f79c8","local_time":"20190409023423","is_ascension_mode":false,"campfire_choices":[{"data":"Genetic Algorithm","floor":6.0,"key":"SMITH"},{"data":"Redo","floor":8.0,"key":"SMITH"},{"data":"Dualcast","floor":15.0,"key":"SMITH"},{"data":"Echo Form","floor":25.0,"key":"SMITH"},{"floor":32.0,"key":"RECALL"},{"data":"Defragment","floor":41.0,"key":"SMITH"},{"data":"Coolheaded","floor":49.0,"key":"SMITH"},{"data":"Thunder Strike","floor":52.0,"key":"SMITH"}],"neow_cost":"NONE","seed_source_timestamp":0,"circlet_count":0,"master_deck":["Zap+1","Dualcast+1","Redo+1","Coolheaded+1","Genetic Algorithm+1","Conserve Battery+1","Self Repair","Coolheaded+1","Coolheaded+1","Stack+1","Reboot+1","Fission+1","Rainbow+1","Defragment+1","Echo Form+1","Auto Shields+1","Turbo+1","Thunder Strike+1","Hologram+1","Redo+1","Force Field+1","Loop","Glacier+1","Steam Power+1","The Bomb+1","Coolheaded+1","Amplify+1","Aggregate+1","Seek+1","Redo+1","Chaos+1","Chill+1","Tempest+1","Melter+1","Double Energy+1","Panache"],"special_seed":0,"relics":["Cracked Core","Toxic Egg 2","Strawberry","Mercury Hourglass","Pandora\u0027s Box","FossilizedHelix","Bottled Lightning","The Courier","Cables","Strange Spoon","Dodecahedron","Black Star","Peace Pipe","Tiny Chest","Potion Belt","Molten Egg 2","Bottled Flame","Happy Flower","Pen Nib","Medical Kit","Orichalcum","Ornamental Fan","Ginger"],"potions_floor_usage":[55,55,55],"damage_taken":[{"damage":0.0,"enemies":"Small Slimes","floor":1.0,"turns":2.0},{"damage":0.0,"enemies":"Jaw Worm","floor":2.0,"turns":3.0},{"damage":0.0,"enemies":"Cultist","floor":3.0,"turns":3.0},{"damage":33.0,"enemies":"3 Sentries","floor":7.0,"turns":11.0},{"damage":1.0,"enemies":"Blue Slaver","floor":11.0,"turns":3.0},{"damage":0.0,"enemies":"3 Louse","floor":12.0,"turns":3.0},{"damage":1.0,"enemies":"Large Slime","floor":13.0,"turns":6.0},{"damage":0.0,"enemies":"Exordium Thugs","floor":14.0,"turns":4.0},{"damage":21.0,"enemies":"Slime Boss","floor":16.0,"turns":13.0},{"damage":0.0,"enemies":"Shell Parasite","floor":18.0,"turns":5.0},{"damage":0.0,"enemies":"Colosseum Slavers","floor":19.0,"turns":3.0},{"damage":3.0,"enemies":"Colosseum Nobs","floor":19.0,"turns":4.0},{"damage":0.0,"enemies":"3 Byrds","floor":20.0,"turns":5.0},{"damage":0.0,"enemies":"Snake Plant","floor":21.0,"turns":3.0},{"damage":18.0,"enemies":"Gremlin Leader","floor":23.0,"turns":7.0},{"damage":0.0,"enemies":"3 Cultists","floor":24.0,"turns":6.0},{"damage":0.0,"enemies":"Centurion and Healer","floor":27.0,"turns":5.0},{"damage":2.0,"enemies":"Cultist and Chosen","floor":29.0,"turns":5.0},{"damage":0.0,"enemies":"Book of Stabbing","floor":30.0,"turns":7.0},{"damage":0.0,"enemies":"Sentry and Sphere","floor":31.0,"turns":4.0},{"damage":0.0,"enemies":"Champ","floor":33.0,"turns":10.0},{"damage":0.0,"enemies":"3 Shapes","floor":35.0,"turns":3.0},{"damage":0.0,"enemies":"Orb Walker","floor":36.0,"turns":5.0},{"damage":0.0,"enemies":"Maw","floor":37.0,"turns":7.0},{"damage":0.0,"enemies":"3 Darklings","floor":38.0,"turns":3.0},{"damage":0.0,"enemies":"4 Shapes","floor":39.0,"turns":4.0},{"damage":0.0,"enemies":"Nemesis","floor":40.0,"turns":6.0},{"damage":0.0,"enemies":"Sphere and 2 Shapes","floor":42.0,"turns":3.0},{"damage":0.0,"enemies":"3 Darklings","floor":45.0,"turns":6.0},{"damage":0.0,"enemies":"Reptomancer","floor":46.0,"turns":4.0},{"damage":0.0,"enemies":"Spire Growth","floor":47.0,"turns":4.0},{"damage":0.0,"enemies":"Nemesis","floor":48.0,"turns":5.0},{"damage":5.0,"enemies":"Awakened One","floor":50.0,"turns":10.0},{"damage":0.0,"enemies":"Shield and Spear","floor":54.0,"turns":3.0},{"damage":0,"enemies":"The Heart","floor":55,"turns":7}],"seed_played":"-8451766082804511485","potions_obtained":[{"floor":3.0,"key":"Strength Potion"},{"floor":11.0,"key":"LiquidBronze"},{"floor":12.0,"key":"FearPotion"},{"floor":14.0,"key":"Regen Potion"},{"floor":19.0,"key":"FocusPotion"},{"floor":20.0,"key":"AttackPotion"},{"floor":24.0,"key":"GamblersBrew"},{"floor":29.0,"key":"Regen Potion"},{"floor":46.0,"key":"AttackPotion"},{"floor":47.0,"key":"FocusPotion"},{"floor":48.0,"key":"Dexterity Potion"}],"is_trial":false,"path_per_floor":["M","M","M","?","?","R","E","R","T","T","M","M","M","M","R","B",null,"M","?","M","M","?","E","M","R","T","M","$","M","E","M","R","B",null,"M","M","M","M","M","E","R","M","T","?","M","E","M","E","R","B",null,"R","$","E","B",null],"character_chosen":"DEFECT","items_purchased":["Strange Spoon","Steam Power+1","The Bomb+1","Medical Kit","Panache","Orichalcum"],"campfire_rested":0,"item_purchase_floors":[28,28,28,53,53,53],"current_hp_per_floor":[75,75,75,75,57,57,31,31,31,31,30,37,43,50,50,36,82,82,82,82,82,82,78,82,82,82,82,82,82,82,82,82,82,82,82,82,82,82,82,82,82,82,82,78,78,78,78,78,78,78,78,78,78,78,78],"gold":31,"neow_bonus":"UPGRADE_CARD","is_prod":false,"is_daily":false,"chose_seed":false,"campfire_upgraded":7,"win_rate":0,"timestamp":1554798863,"path_taken":["M","M","M","?","?","R","E","R","T","?","M","?","M","M","R","BOSS","M","?","M","M","?","E","M","R","T","M","$","M","E","M","R","BOSS","M","M","M","M","M","E","R","M","T","?","M","E","M","E","R","BOSS","R","$","E","BOSS"],"build_version":"2019-01-23","purchased_purges":1,"victory":true,"max_hp_per_floor":[75,75,75,75,75,75,82,82,82,82,82,82,82,82,82,82,82,82,82,82,82,82,82,82,82,82,82,82,82,82,82,82,82,82,82,82,82,82,82,82,82,82,82,78,78,78,78,78,78,78,78,78,78,78,78],"card_choices":[{"not_picked":["Sweeping Beam","Cold Snap"],"picked":"Redo","floor":1.0},{"not_picked":["Cold Snap","Compile Driver"],"picked":"Coolheaded","floor":2.0},{"not_picked":["Steam","Go for the Eyes"],"picked":"Genetic Algorithm","floor":3.0},{"not_picked":["Reboot+1","Go for the Eyes"],"picked":"Conserve Battery+1","floor":7.0},{"not_picked":["Undo+1","Go for the Eyes"],"picked":"Self Repair","floor":11.0},{"not_picked":["Steam+1","Stack+1"],"picked":"Coolheaded+1","floor":12.0},{"not_picked":["Steam+1","Rip and Tear"],"picked":"Coolheaded+1","floor":13.0},{"not_picked":["Storm","Genetic Algorithm+1"],"picked":"Stack+1","floor":14.0},{"not_picked":["Rainbow+1","Machine Learning"],"picked":"Reboot+1","floor":16.0},{"not_picked":["Chaos+1","Darkness+1"],"picked":"Hologram+1","floor":18.0},{"not_picked":["Compile Driver+1","Steam+1"],"picked":"Redo+1","floor":19.0},{"not_picked":["Genetic Algorithm+1","Steam+1"],"picked":"Force Field+1","floor":20.0},{"not_picked":["BootSequence+1","Reinforced Body+1"],"picked":"Loop","floor":21.0},{"not_picked":["Stack+1","Rebound"],"picked":"Glacier+1","floor":23.0},{"not_picked":["Leap+1","Beam Cell","Loop"],"picked":"SKIP","floor":24.0},{"not_picked":["Sweeping Beam","Barrage+1","Reprogram+1"],"picked":"SKIP","floor":27.0},{"not_picked":["Rainbow+1","Steam+1"],"picked":"Coolheaded+1","floor":29.0},{"not_picked":["Aggregate+1","Force Field+1"],"picked":"Amplify+1","floor":30.0},{"not_picked":["Ball Lightning","Cold Snap"],"picked":"Aggregate+1","floor":31.0},{"not_picked":["Rainbow+1","Hyperbeam"],"picked":"Seek+1","floor":33.0},{"not_picked":["Go for the Eyes","Stack+1"],"picked":"Redo+1","floor":35.0},{"not_picked":["Hello World","Compile Driver","Rebound"],"picked":"SKIP","floor":36.0},{"not_picked":["Undo+1","Cold Snap"],"picked":"Chaos+1","floor":37.0},{"not_picked":["Beam Cell+1","Seek+1","Turbo+1"],"picked":"SKIP","floor":38.0},{"not_picked":["Steam+1","Go for the Eyes+1"],"picked":"Chill+1","floor":39.0},{"not_picked":["Barrage","Steam+1"],"picked":"Tempest+1","floor":40.0},{"not_picked":["Self Repair","Sunder","Glacier+1"],"picked":"SKIP","floor":42.0},{"not_picked":["Chaos+1","Sweeping Beam+1"],"picked":"Consume+1","floor":45.0},{"not_picked":["Sunder+1","Leap+1"],"picked":"Melter","floor":46.0},{"not_picked":["Stack+1","Conserve Battery+1","Recycle+1"],"picked":"SKIP","floor":47.0},{"not_picked":["Ball Lightning+1","Go for the Eyes+1"],"picked":"Double Energy+1","floor":48.0},{"not_picked":["Rebound+1","Gash+1","Conserve Battery+1"],"picked":"SKIP","floor":54.0}],"player_experience":412067,"relics_obtained":[{"floor":7.0,"key":"Strawberry"},{"floor":10.0,"key":"Mercury Hourglass"},{"floor":19.0,"key":"FossilizedHelix"},{"floor":19.0,"key":"Bottled Lightning"},{"floor":23.0,"key":"The Courier"},{"floor":26.0,"key":"Cables"},{"floor":30.0,"key":"Dodecahedron"},{"floor":40.0,"key":"Peace Pipe"},{"floor":40.0,"key":"Tiny Chest"},{"floor":43.0,"key":"Potion Belt"},{"floor":46.0,"key":"Molten Egg 2"},{"floor":46.0,"key":"Bottled Flame"},{"floor":48.0,"key":"Happy Flower"},{"floor":48.0,"key":"Pen Nib"},{"floor":54.0,"key":"Ornamental Fan"},{"floor":54.0,"key":"Ginger"}],"event_choices":[{"cards_removed":["Strike_B"],"damage_healed":0.0,"max_hp_gain":0.0,"max_hp_loss":0.0,"gold_gain":0.0,"event_name":"The Cleric","player_choice":"Card Removal","floor":4.0,"gold_loss":50.0,"damage_taken":0.0},{"damage_healed":0.0,"max_hp_gain":0.0,"max_hp_loss":0.0,"gold_gain":0.0,"event_name":"Scrap Ooze","player_choice":"Success","floor":5.0,"gold_loss":0.0,"damage_taken":18.0,"relics_obtained":["Toxic Egg 2"]},{"damage_healed":0.0,"max_hp_gain":0.0,"max_hp_loss":0.0,"gold_gain":0.0,"event_name":"Colosseum","player_choice":"Fight","floor":19.0,"gold_loss":0.0,"damage_taken":0.0},{"damage_healed":0.0,"max_hp_gain":0.0,"max_hp_loss":0.0,"gold_gain":0.0,"event_name":"Colosseum","player_choice":"Fought Nobs","floor":19.0,"gold_loss":0.0,"damage_taken":0.0},{"damage_healed":0.0,"max_hp_gain":0.0,"max_hp_loss":0.0,"gold_gain":0.0,"event_name":"Beggar","player_choice":"Ignored","floor":22.0,"gold_loss":0.0,"damage_taken":0.0},{"damage_healed":0.0,"max_hp_gain":0.0,"max_hp_loss":4.0,"gold_gain":0.0,"event_name":"Winding Halls","player_choice":"Max HP","floor":44.0,"gold_loss":0.0,"damage_taken":0.0}],"is_beta":false,"boss_relics":[{"not_picked":["White Beast Statue","Runic Pyramid"],"picked":"Pandora\u0027s Box"},{"not_picked":["Eternal Feather","Velvet Choker"],"picked":"Black Star"}],"items_purged_floors":[53],"is_endless":false,"potions_floor_spawned":[3,11,12,14,19,20,24,29,33,35,38,40,46,47,48],"ascension_level":0}