{"gold_per_floor":[112,262,262,35,46,80,96,129,152,152,167,200,170,187,187,187],"floor_reached":16,"playtime":433,"items_purged":[],"score":290,"play_id":"5789e290-b791-4452-b997-0800bea5fa74","local_time":"20190429170913","is_ascension_mode":true,"campfire_choices":[{"data":"Perfected Strike","floor":10,"key":"SMITH"},{"data":"Metallicize","floor":15,"key":"SMITH"}],"neow_cost":"NONE","seed_source_timestamp":3644468266804140,"circlet_count":0,"master_deck":["AscendersBane","Strike_R","Strike_R","Strike_R","Strike_R","Strike_R","Defend_R","Defend_R+1","Defend_R+1","Defend_R","Bash","Perfected Strike+1","Feel No Pain","Seeing Red","Iron Wave","Cleave","Metallicize+1","Headbutt"],"relics":["Burning Blood","NeowsBlessing","ClockworkSouvenir","War Paint","Blood Vial","Omamori","Orichalcum"],"potions_floor_usage":[12,12,16,16],"damage_taken":[{"damage":0,"enemies":"Small Slimes","floor":1,"turns":1},{"damage":0,"enemies":"2 Louse","floor":5,"turns":1},{"damage":0,"enemies":"Lagavulin","floor":6,"turns":1},{"damage":0,"enemies":"Cultist","floor":7,"turns":2},{"damage":29,"enemies":"3 Sentries","floor":8,"turns":11},{"damage":7,"enemies":"Exordium Wildlife","floor":11,"turns":4},{"damage":17,"enemies":"Lagavulin","floor":12,"turns":4},{"damage":7,"enemies":"Red Slaver","floor":14,"turns":3},{"damage":48,"enemies":"Hexaghost","floor":16,"turns":11}],"seed_played":"-4182284754755204033","potions_obtained":[{"floor":1,"key":"Weak Potion"},{"floor":6,"key":"Energy Potion"},{"floor":11,"key":"Strength Potion"},{"floor":13,"key":"Block Potion"},{"floor":13,"key":"SneckoOil"}],"is_trial":false,"path_per_floor":["M","?","?","$","M","E","M","E","T","R","M","E","?","M","R","B"],"character_chosen":"IRONCLAD","items_purchased":["ClockworkSouvenir"],"campfire_rested":0,"item_purchase_floors":[4],"current_hp_per_floor":[74,74,74,74,75,75,75,52,52,52,53,44,44,45,45,0],"gold":187,"neow_bonus":"THREE_ENEMY_KILL","is_prod":false,"is_daily":false,"chose_seed":false,"campfire_upgraded":2,"win_rate":0,"timestamp":1556554153,"path_taken":["M","?","?","$","M","E","M","E","T","R","?","E","?","?","R","BOSS"],"build_version":"2019-01-23","purchased_purges":0,"victory":false,"max_hp_per_floor":[75,75,75,75,75,75,75,75,75,75,75,75,75,75,75,75],"card_choices":[{"not_picked":["Metallicize","Clothesline"],"picked":"Perfected Strike","floor":1},{"not_picked":["Flame Barrier","Clash"],"picked":"Feel No Pain","floor":5},{"not_picked":["Spot Weakness","Havoc"],"picked":"Seeing Red","floor":6},{"not_picked":["Bloodletting","Burning Pact"],"picked":"Iron Wave","floor":7},{"not_picked":["Bloodletting","Warcry"],"picked":"Cleave","floor":8},{"not_picked":["Clash","Combust","Body Slam"],"picked":"SKIP","floor":11},{"not_picked":["Rupture","Hemokinesis"],"picked":"Metallicize","floor":12},{"not_picked":["Flex","Body Slam"],"picked":"Headbutt","floor":14}],"player_experience":734673,"relics_obtained":[{"floor":6,"key":"War Paint"},{"floor":8,"key":"Blood Vial"},{"floor":9,"key":"Omamori"},{"floor":12,"key":"Orichalcum"}],"event_choices":[{"damage_healed":0,"gold_gain":150,"player_choice":"AGREE","damage_taken":0,"max_hp_gain":0,"max_hp_loss":0,"event_name":"Liars Game","floor":2,"gold_loss":0,"cards_obtained":["Doubt"]},{"cards_removed":["Doubt"],"damage_healed":0,"gold_gain":0,"player_choice":"Purged","damage_taken":0,"max_hp_gain":0,"max_hp_loss":0,"event_name":"Purifier","floor":3,"gold_loss":0},{"damage_healed":0,"gold_gain":0,"player_choice":"Bought 2 Potions","damage_taken":0,"max_hp_gain":0,"max_hp_loss":0,"event_name":"The Woman in Blue","floor":13,"gold_loss":0}],"is_beta":false,"boss_relics":[],"items_purged_floors":[],"is_endless":false,"potions_floor_spawned":[1,6,7,11],"killed_by":"Hexaghost","ascension_level":20}