{"gold_per_floor":[109,184,45,45,63,97,97,112,112,77,96,112,144,157,157,228,228,247,26,26,42,61,61,396,396,472,94,94,118,136,167,167,244,244,254,254,254,0,11,11,21,33,60,73,173,173,196,214,214,214],"floor_reached":51,"playtime":1968,"items_purged":["Dualcast","Strike_B","Strike_B"],"score":1389,"play_id":"8245156a-82cc-4ba2-832f-512aa755af50","local_time":"20190423154804","is_ascension_mode":true,"campfire_choices":[{"data":"Sunder","floor":7,"key":"SMITH"},{"floor":15,"key":"REST"},{"floor":23,"key":"REST"},{"floor":25,"key":"REST"},{"floor":32,"key":"REST"},{"data":"White Noise","floor":40,"key":"SMITH"},{"floor":46,"key":"REST"},{"floor":49,"key":"REST"}],"neow_cost":"NONE","seed_source_timestamp":3119629936522181,"circlet_count":0,"master_deck":["AscendersBane","Strike_B","Strike_B","Defend_B+1","Defend_B","Defend_B+1","Defend_B","Zap","Reinforced Body","Sunder+1","Cold Snap","Steam","Sweeping Beam","Reinforced Body","Gash+1","Compile Driver+1","Electrodynamics+1","Loop+1","White Noise+1","Conserve Battery","Cold Snap","Compile Driver+1","Biased Cognition+1","Buffer+1","Loop+1"],"relics":["Cracked Core","Smiling Mask","Mercury Hourglass","War Paint","Singing Bowl","Frozen Egg 2","Orrery","Chemical X","Old Coin","Tiny Chest","OrangePellets","Ancient Tea Set","Bottled Tornado","Philosopher\u0027s Stone","Shuriken","Potion Belt","Whetstone","Prayer Wheel","Lantern"],"potions_floor_usage":[22,22,22,24,33,50,50,50,50],"damage_taken":[{"damage":0,"enemies":"Small Slimes","floor":1,"turns":3},{"damage":0,"enemies":"Cultist","floor":5,"turns":3},{"damage":15,"enemies":"3 Sentries","floor":6,"turns":6},{"damage":0,"enemies":"2 Louse","floor":8,"turns":2},{"damage":3,"enemies":"Blue Slaver","floor":11,"turns":4},{"damage":11,"enemies":"Exordium Thugs","floor":12,"turns":4},{"damage":14,"enemies":"Lagavulin","floor":13,"turns":7},{"damage":2,"enemies":"3 Louse","floor":14,"turns":3},{"damage":40,"enemies":"Slime Boss","floor":16,"turns":8},{"damage":11,"enemies":"3 Byrds","floor":18,"turns":2},{"damage":6,"enemies":"Spheric Guardian","floor":21,"turns":4},{"damage":33,"enemies":"Cultist and Chosen","floor":22,"turns":6},{"damage":10,"enemies":"Book of Stabbing","floor":24,"turns":5},{"damage":16,"enemies":"Snake Plant","floor":30,"turns":4},{"damage":16,"enemies":"Gremlin Leader","floor":31,"turns":5},{"damage":29,"enemies":"Champ","floor":33,"turns":10},{"damage":0,"enemies":"3 Shapes","floor":35,"turns":4},{"damage":10,"enemies":"Orb Walker","floor":39,"turns":3},{"damage":24,"enemies":"Sphere and 2 Shapes","floor":41,"turns":6},{"damage":11,"enemies":"Spire Growth","floor":42,"turns":6},{"damage":1,"enemies":"Writhing Mass","floor":44,"turns":5},{"damage":7,"enemies":"Mind Bloom Boss Battle","floor":45,"turns":6},{"damage":0,"enemies":"4 Shapes","floor":48,"turns":4},{"damage":0,"enemies":"Donu and Deca","floor":50,"turns":6}],"seed_played":"914986352939647324","potions_obtained":[{"floor":1,"key":"Energy Potion"},{"floor":12,"key":"SneckoOil"},{"floor":13,"key":"EntropicBrew"},{"floor":16,"key":"FocusPotion"},{"floor":33,"key":"LiquidBronze"},{"floor":35,"key":"SteroidPotion"},{"floor":44,"key":"Fire Potion"},{"floor":48,"key":"Explosive Potion"}],"is_trial":false,"path_per_floor":["M","?","$","?","M","E","R","M","T","?","M","M","E","M","R","B",null,"M","$","?","M","M","R","E","R","T","$","?","T","M","E","R","B",null,"M","T","?","$","M","R","M","M","T","M","?","R","T","M","R","B",null],"character_chosen":"DEFECT","items_purchased":["Sunder","Chemical X","OrangePellets","SpeedPotion","PowerPotion","Loop+1","Potion Belt"],"campfire_rested":6,"item_purchase_floors":[3,19,27,27,27,38,38],"current_hp_per_floor":[64,53,53,53,53,38,38,38,38,55,52,41,27,27,48,8,59,50,50,50,46,15,39,29,53,53,53,53,53,39,23,47,18,67,69,69,69,69,61,61,39,30,30,31,26,54,54,58,87,87],"gold":214,"neow_bonus":"RANDOM_COMMON_RELIC","is_prod":false,"is_daily":false,"chose_seed":false,"campfire_upgraded":2,"win_rate":0,"timestamp":1556030884,"path_taken":["M","?","$","?","?","E","R","M","T","?","M","M","E","M","R","BOSS","M","$","?","M","M","R","E","R","T","$","?","?","?","E","R","BOSS","M","?","?","$","M","R","M","M","T","M","?","R","?","M","R","BOSS"],"build_version":"2019-01-23","purchased_purges":3,"victory":true,"max_hp_per_floor":[71,71,71,71,71,71,71,71,71,71,71,71,71,73,73,73,75,77,77,77,79,81,81,81,81,81,81,81,81,83,83,83,83,83,85,85,85,85,87,87,89,91,91,93,95,95,95,99,99,99],"card_choices":[{"not_picked":["Coolheaded","Leap"],"picked":"Reinforced Body","floor":1},{"not_picked":["Go for the Eyes","Steam"],"picked":"Cold Snap","floor":5},{"not_picked":["Static Discharge","FTL"],"picked":"Steam","floor":6},{"not_picked":["Darkness","Steam Power"],"picked":"Sweeping Beam","floor":8},{"not_picked":["Cold Snap","Creative AI"],"picked":"Reinforced Body","floor":11},{"not_picked":["Coolheaded","Chaos"],"picked":"Gash","floor":12},{"not_picked":["Turbo","Auto Shields"],"picked":"Compile Driver","floor":13},{"not_picked":["Leap","Ball Lightning","Streamline"],"picked":"Singing Bowl","floor":14},{"not_picked":["Rainbow","Meteor Strike"],"picked":"Electrodynamics+1","floor":16},{"not_picked":["Rebound","Hologram"],"picked":"Loop+1","floor":17},{"not_picked":["Hello World+1","Heatsinks+1"],"picked":"White Noise","floor":17},{"not_picked":["Stack","Ball Lightning"],"picked":"Conserve Battery","floor":17},{"not_picked":["Chaos","Redo"],"picked":"Cold Snap","floor":17},{"not_picked":["Tempest","Conserve Battery","Reprogram"],"picked":"Singing Bowl","floor":17},{"not_picked":["Lockon","Stack","Steam Power"],"picked":"Singing Bowl","floor":18},{"not_picked":["Barrage","All For One","Sweeping Beam"],"picked":"Singing Bowl","floor":21},{"not_picked":["Sweeping Beam","Turbo","Double Energy"],"picked":"Singing Bowl","floor":22},{"not_picked":["Barrage","Stack"],"picked":"Compile Driver+1","floor":24},{"not_picked":["Barrage","Turbo","Conserve Battery"],"picked":"Singing Bowl","floor":30},{"not_picked":["Amplify","Tempest"],"picked":"Biased Cognition+1","floor":31},{"not_picked":["Reboot","Machine Learning+1"],"picked":"Buffer+1","floor":33},{"not_picked":["Hello World+1","Reprogram","Compile Driver"],"picked":"Singing Bowl","floor":35},{"not_picked":["Beam Cell","Genetic Algorithm","Ball Lightning"],"picked":"Singing Bowl","floor":39},{"not_picked":["Turbo","Stack","Cold Snap"],"picked":"Singing Bowl","floor":41},{"not_picked":["Turbo","Rebound","Stack+1"],"picked":"Singing Bowl","floor":42},{"not_picked":["Redo","Doom and Gloom+1","Reprogram"],"picked":"Singing Bowl","floor":44},{"not_picked":["Turbo+1","Redo","Coolheaded"],"picked":"Singing Bowl","floor":45},{"not_picked":["Rebound+1","Conserve Battery","Leap"],"picked":"Singing Bowl","floor":48},{"not_picked":["Leap+1","Creative AI+1","Scrape"],"picked":"Singing Bowl","floor":48}],"player_experience":634802,"relics_obtained":[{"floor":4,"key":"Mercury Hourglass"},{"floor":6,"key":"War Paint"},{"floor":9,"key":"Singing Bowl"},{"floor":13,"key":"Frozen Egg 2"},{"floor":24,"key":"Old Coin"},{"floor":26,"key":"Tiny Chest"},{"floor":29,"key":"Ancient Tea Set"},{"floor":31,"key":"Bottled Tornado"},{"floor":36,"key":"Shuriken"},{"floor":43,"key":"Whetstone"},{"floor":45,"key":"Prayer Wheel"},{"floor":47,"key":"Lantern"}],"event_choices":[{"damage_healed":0,"gold_gain":75,"player_choice":"Gather Gold","damage_taken":11,"max_hp_gain":0,"max_hp_loss":0,"event_name":"World of Goop","floor":2,"gold_loss":0},{"damage_healed":0,"gold_gain":0,"player_choice":"Relic","damage_taken":0,"max_hp_gain":0,"max_hp_loss":0,"event_name":"Wheel of Change","floor":4,"gold_loss":0},{"damage_healed":17,"gold_gain":0,"player_choice":"Healed","damage_taken":0,"max_hp_gain":0,"max_hp_loss":0,"event_name":"The Cleric","floor":10,"gold_loss":35},{"damage_healed":0,"gold_gain":0,"player_choice":"Ignored","damage_taken":0,"max_hp_gain":0,"max_hp_loss":0,"event_name":"Ghosts","floor":20,"gold_loss":0},{"damage_healed":0,"gold_gain":0,"player_choice":"Ignored","damage_taken":0,"max_hp_gain":0,"max_hp_loss":0,"event_name":"Vampires","floor":28,"gold_loss":0},{"damage_healed":0,"gold_gain":0,"player_choice":"Ignored","damage_taken":0,"max_hp_gain":0,"max_hp_loss":0,"event_name":"Tomb of Lord Red Mask","floor":37,"gold_loss":0},{"damage_healed":0,"gold_gain":0,"player_choice":"Fight","damage_taken":0,"max_hp_gain":0,"max_hp_loss":0,"event_name":"MindBloom","floor":45,"gold_loss":0}],"is_beta":false,"boss_relics":[{"not_picked":["Calling Bell","Pandora\u0027s Box"],"picked":"Orrery"},{"not_picked":["Coffee Dripper","Runic Dome"],"picked":"Philosopher\u0027s Stone"}],"items_purged_floors":[3,27,38],"is_endless":false,"potions_floor_spawned":[1,12,13,16,18,21,33,35,44,48],"ascension_level":17}