{"path_per_floor":["M","?","$","M","M","E","R","?","T","R","M","R","M","$","R","B",null,"M","M","M","$","?","R"],"character_chosen":"THE_SILENT","items_purchased":["Leg Sweep"],"gold_per_floor":[114,114,39,49,63,98,98,98,98,98,116,116,126,26,26,121,121,138,118,137,68,68,68,68],"floor_reached":24,"campfire_rested":2,"playtime":974,"current_hp_per_floor":[63,63,63,63,63,62,62,48,48,69,69,69,69,69,69,41,63,60,49,12,12,12,33,0],"items_purged":["Strike_G","Writhe"],"gold":68,"score":274,"play_id":"371ca34d-af2a-43e5-b6e7-2a086e1c4e0a","local_time":"20180405143914","is_prod":false,"is_daily":false,"is_ascension_mode":true,"campfire_upgraded":3,"timestamp":1522960754,"path_taken":["M","?","$","?","M","E","R","?","T","R","M","R","M","$","R","BOSS","M","M","M","$","?","R","M"],"build_version":"2018-04-04","purchased_purges":2,"victory":false,"master_deck":["Defend_G","Defend_G","Defend_G","Defend_G","Defend_G+1","Strike_G","Strike_G","Strike_G","Strike_G","Survivor","Neutralize","Noxious Fumes+1","Neutralize","Sucker Punch+1","Footwork","Cloak And Dagger+1","Burst+1","Terror","Envenom","Flying Knee","Night Terror","Infinite Blades","Leg Sweep"],"max_hp_per_floor":[70,70,70,70,70,70,70,70,70,70,70,70,70,70,70,70,70,70,70,70,70,70,70,70],"relics":["Cursed Key","Bottled Flame","Gremlin Horn","Runic Dome"],"card_choices":[{"not_picked":["Underhanded Strike","Flying Knee"],"picked":"Noxious Fumes","floor":1},{"not_picked":["Backflip","Quick Slash"],"picked":"Footwork","floor":5},{"not_picked":["Dodge and Roll","Expertise"],"picked":"Cloak And Dagger","floor":6},{"not_picked":["Dagger Spray","Deadly Poison"],"picked":"Burst","floor":11},{"not_picked":["Distraction","Masterful Stab"],"picked":"Terror","floor":13},{"not_picked":["Bullet Time","Glass Knife"],"picked":"Envenom","floor":16},{"not_picked":["Slice","Quick Slash"],"picked":"Flying Knee","floor":18},{"not_picked":["Dodge and Roll","Blade Dance"],"picked":"Night Terror","floor":19},{"not_picked":["Deadly Poison","Quick Slash"],"picked":"Infinite Blades","floor":20}],"player_experience":278535,"potions_floor_usage":[],"damage_taken":[{"damage":0,"enemies":"2 Louse","floor":1,"turns":3},{"damage":0,"enemies":"Cultist","floor":4,"turns":4},{"damage":0,"enemies":"Small Slimes","floor":5,"turns":3},{"damage":1,"enemies":"Lagavulin","floor":6,"turns":11},{"damage":0,"enemies":"Blue Slaver","floor":11,"turns":5},{"damage":0,"enemies":"2 Fungi Beasts","floor":13,"turns":3},{"damage":28,"enemies":"Slime Boss","floor":16,"turns":9},{"damage":3,"enemies":"Shell Parasite","floor":18,"turns":5},{"damage":11,"enemies":"2 Thieves","floor":19,"turns":4},{"damage":37,"enemies":"Cultist and Chosen","floor":20,"turns":8},{"damage":35,"enemies":"Slaver and Parasite","floor":24,"turns":6}],"event_choices":[{"event_name":"Match and Keep!","player_choice":"2 cards matched","floor":2,"damage_taken":0},{"event_name":"Shining Light","player_choice":"Entered Light","floor":8,"damage_taken":0},{"event_name":"Drug Dealer","player_choice":"Ignored","floor":22,"damage_taken":0}],"boss_relics":[{"not_picked":["Tiny House","Velvet Choker"],"picked":"Runic Dome"}],"potions_floor_spawned":[4,11,16,18,20],"seed_played":"-2132861141171019988","killed_by":"Slaver and Parasite","ascension_level":8,"is_trial":false}