{"gold_per_floor":[113,129,144,144,144,144,163,163,213,213,229,244,244,270,270,367,367,367,367,367,367,38,38,38,38,38,38,38,38,38,38,38,38,38,38,38,38,38,38,38,38,38,38,38,38,38,38,38,38,38],"floor_reached":51,"playtime":2294,"items_purged":["Strike_R"],"score":1182,"play_id":"b8780ebd-39bb-43d5-a3b0-cbd24f88007f","local_time":"20190114194112","is_ascension_mode":true,"campfire_choices":[{"data":"Shrug It Off","floor":6.0,"key":"SMITH"},{"data":"Shrug It Off","floor":8.0,"key":"SMITH"},{"data":"Body Slam","floor":10.0,"key":"SMITH"},{"data":"Shrug It Off","floor":15.0,"key":"SMITH"},{"data":"Barricade","floor":24,"key":"SMITH"},{"data":"Shrug It Off","floor":30,"key":"SMITH"},{"data":"Shrug It Off","floor":32,"key":"SMITH"},{"floor":40,"key":"RECALL"},{"data":"Shrug It Off","floor":46,"key":"SMITH"},{"data":"Ghostly","floor":49,"key":"SMITH"}],"neow_cost":"NONE","seed_source_timestamp":775255246044752,"circlet_count":0,"master_deck":["Strike_R","Strike_R","Defend_R","Defend_R","Defend_R","Defend_R+1","Bash","Shrug It Off+1","Sword Boomerang","Body Slam+1","Shrug It Off+1","Shrug It Off+1","Flame Barrier","Barricade+1","Shrug It Off+1","Shrug It Off+1","Shrug It Off+1","Ghostly+1","Ghostly","Ghostly","Ghostly","Ghostly","Wild Strike+1","Metallicize+1"],"special_seed":0,"relics":["Burning Blood","Bag of Preparation","Happy Flower","Kunai","Ectoplasm","Molten Egg 2","Strawberry","Du-Vu Doll","Coffee Dripper","Boot"],"potions_floor_usage":[29,29,29,50,50,50],"damage_taken":[{"damage":6.0,"enemies":"Cultist","floor":1.0,"turns":3.0},{"damage":4.0,"enemies":"Small Slimes","floor":2.0,"turns":4.0},{"damage":18.0,"enemies":"Jaw Worm","floor":3.0,"turns":4.0},{"damage":14.0,"enemies":"Large Slime","floor":7.0,"turns":9.0},{"damage":0.0,"enemies":"Looter","floor":11.0,"turns":3.0},{"damage":0.0,"enemies":"Blue Slaver","floor":12.0,"turns":4.0},{"damage":4.0,"enemies":"3 Sentries","floor":14.0,"turns":9.0},{"damage":10.0,"enemies":"The Guardian","floor":16.0,"turns":18.0},{"damage":1.0,"enemies":"Shell Parasite","floor":18.0,"turns":5.0},{"damage":8.0,"enemies":"Spheric Guardian","floor":19.0,"turns":5.0},{"damage":22.0,"enemies":"Colosseum Slavers","floor":20.0,"turns":6.0},{"damage":6.0,"enemies":"Centurion and Healer","floor":21.0,"turns":6.0},{"damage":0,"enemies":"Snake Plant","floor":23,"turns":3},{"damage":9,"enemies":"3 Cultists","floor":25,"turns":7},{"damage":14,"enemies":"Snecko","floor":28,"turns":7},{"damage":13,"enemies":"Slavers","floor":29,"turns":10},{"damage":0,"enemies":"Automaton","floor":33,"turns":14},{"damage":0,"enemies":"3 Darklings","floor":35,"turns":16},{"damage":1,"enemies":"Orb Walker","floor":36,"turns":5},{"damage":0,"enemies":"4 Shapes","floor":37,"turns":10},{"damage":0,"enemies":"Spire Growth","floor":39,"turns":5},{"damage":0,"enemies":"Writhing Mass","floor":45,"turns":5},{"damage":0,"enemies":"Maw","floor":47,"turns":6},{"damage":0,"enemies":"Donu and Deca","floor":50,"turns":14}],"seed_played":"-3040918755078562690","potions_obtained":[{"floor":1.0,"key":"Dexterity Potion"},{"floor":3.0,"key":"Energy Potion"},{"floor":14.0,"key":"GamblersBrew"},{"floor":19.0,"key":"AttackPotion"},{"floor":25,"key":"BloodPotion"},{"floor":29,"key":"SneckoOil"},{"floor":35,"key":"FearPotion"},{"floor":39,"key":"Ancient Potion"}],"is_trial":false,"path_per_floor":["M","M","M","?","?","R","M","R","T","R","M","M","?","E","R","B",null,"M","M","?","M","$","M","R","M","T","?","M","E","R","?","R","B",null,"M","M","M","?","M","R","?","?","T","?","M","R","M","?","R","B",null],"character_chosen":"IRONCLAD","items_purchased":["Molten Egg 2"],"campfire_rested":0,"item_purchase_floors":[22],"current_hp_per_floor":[72,74,62,44,44,44,36,36,36,36,42,48,74,76,76,72,78,80,78,62,62,62,68,68,65,72,55,47,49,49,46,46,46,46,46,46,46,42,46,46,46,46,46,46,46,46,46,46,46,46],"gold":38,"neow_bonus":"UPGRADE_CARD","is_prod":false,"is_daily":false,"chose_seed":false,"campfire_upgraded":9,"win_rate":0,"timestamp":1547494872,"path_taken":["M","M","?","?","?","R","M","R","T","R","M","M","?","E","R","BOSS","M","M","?","M","$","M","R","M","T","?","M","E","R","?","R","BOSS","M","M","M","?","?","R","?","?","T","?","?","R","M","?","R","BOSS"],"build_version":"2019-01-10","purchased_purges":1,"victory":true,"max_hp_per_floor":[80,80,80,80,80,80,80,80,80,80,80,80,80,80,80,80,80,80,80,80,80,80,80,80,80,87,92,92,92,92,46,46,46,46,46,46,46,46,46,46,46,46,46,46,46,46,46,46,46,46],"card_choices":[{"not_picked":["Wild Strike","Body Slam"],"picked":"Shrug It Off","floor":1.0},{"not_picked":["Perfected Strike","Heavy Blade"],"picked":"Sword Boomerang","floor":2.0},{"not_picked":["Perfected Strike","Anger"],"picked":"Body Slam","floor":3.0},{"not_picked":["Dropkick","Wild Strike"],"picked":"Shrug It Off","floor":7.0},{"not_picked":["Flex","Spot Weakness"],"picked":"Shrug It Off","floor":11.0},{"not_picked":["Shockwave","Havoc","Perfected Strike"],"picked":"SKIP","floor":12.0},{"not_picked":["Wild Strike","Sever Soul"],"picked":"Flame Barrier","floor":14.0},{"not_picked":["Fiend Fire","Offering"],"picked":"Barricade","floor":16.0},{"not_picked":["Clash","Wild Strike+1","Dual Wield"],"picked":"SKIP","floor":18.0},{"not_picked":["Havoc","Cleave"],"picked":"Shrug It Off","floor":19.0},{"not_picked":["Cleave","Warcry","Bludgeon"],"picked":"SKIP","floor":21.0},{"not_picked":["Inflame+1","True Grit","Warcry"],"picked":"SKIP","floor":23},{"not_picked":["Burning Pact","Heavy Blade+1"],"picked":"Shrug It Off","floor":25},{"not_picked":["Clothesline+1","Thunderclap+1","Power Through+1"],"picked":"SKIP","floor":28},{"not_picked":["Evolve","Cleave+1"],"picked":"Shrug It Off","floor":29},{"not_picked":["Spot Weakness","Sword Boomerang+1","True Grit+1"],"picked":"SKIP","floor":35},{"not_picked":["Thunderclap+1","Sword Boomerang+1","Clothesline+1"],"picked":"SKIP","floor":36},{"not_picked":["Thunderclap+1","Fiend Fire+1","Spot Weakness"],"picked":"SKIP","floor":37},{"not_picked":["Perfected Strike+1","Corruption+1","Intimidate+1"],"picked":"SKIP","floor":39},{"not_picked":["True Grit","Havoc","Clothesline+1"],"picked":"SKIP","floor":45},{"not_picked":["Sword Boomerang+1","Shrug It Off"],"picked":"Metallicize+1","floor":47}],"player_experience":92559,"relics_obtained":[{"floor":9.0,"key":"Happy Flower"},{"floor":14.0,"key":"Kunai"},{"floor":26,"key":"Strawberry"},{"floor":29,"key":"Du-Vu Doll"},{"floor":43,"key":"Boot"}],"event_choices":[{"damage_healed":0.0,"max_hp_gain":0.0,"max_hp_loss":0.0,"gold_gain":0.0,"event_name":"Scrap Ooze","player_choice":"Success","floor":4.0,"gold_loss":0.0,"damage_taken":18.0,"relics_obtained":["Bag of Preparation"]},{"damage_healed":0.0,"max_hp_gain":0.0,"max_hp_loss":0.0,"gold_gain":0.0,"event_name":"Liars Game","player_choice":"Ignored","floor":5.0,"gold_loss":0.0,"damage_taken":0.0},{"damage_healed":26.0,"max_hp_gain":0.0,"max_hp_loss":0.0,"gold_gain":0.0,"event_name":"Big Fish","player_choice":"Banana","floor":13.0,"gold_loss":0.0,"damage_taken":0.0},{"damage_healed":0.0,"max_hp_gain":0.0,"max_hp_loss":0.0,"gold_gain":0.0,"event_name":"Colosseum","player_choice":"Fight","floor":20.0,"gold_loss":0.0,"damage_taken":0.0},{"damage_healed":0.0,"max_hp_gain":0.0,"max_hp_loss":0.0,"gold_gain":0.0,"event_name":"Colosseum","player_choice":"Fled From Nobs","floor":20.0,"gold_loss":0.0,"damage_taken":0.0},{"damage_healed":0,"gold_gain":0,"player_choice":"Shed Blood","damage_taken":22,"max_hp_gain":5,"max_hp_loss":0,"event_name":"Forgotten Altar","floor":27,"gold_loss":0},{"damage_healed":0,"gold_gain":0,"player_choice":"Became a Ghost","damage_taken":0,"max_hp_gain":0,"max_hp_loss":46,"event_name":"Ghosts","floor":31,"gold_loss":0,"cards_obtained":["Ghostly","Ghostly","Ghostly","Ghostly","Ghostly"]},{"damage_healed":0,"gold_gain":0,"player_choice":"Damaged","damage_taken":4,"max_hp_gain":0,"max_hp_loss":0,"event_name":"Wheel of Change","floor":38,"gold_loss":0},{"damage_healed":0,"gold_gain":0,"player_choice":"Memory 1","damage_taken":0,"max_hp_gain":0,"max_hp_loss":0,"event_name":"SensoryStone","floor":41,"gold_loss":0},{"cards_removed":["Strike_R"],"damage_healed":0,"gold_gain":0,"player_choice":"Removed Attack","damage_taken":0,"max_hp_gain":0,"max_hp_loss":0,"event_name":"Falling","floor":42,"gold_loss":0},{"damage_healed":0,"gold_gain":0,"cards_transformed":["Strike_R"],"player_choice":"Transformed","damage_taken":0,"max_hp_gain":0,"max_hp_loss":0,"event_name":"Transmorgrifier","floor":44,"gold_loss":0,"cards_obtained":["Wild Strike"]},{"damage_healed":0,"gold_gain":0,"player_choice":"Ignored","damage_taken":0,"max_hp_gain":0,"max_hp_loss":0,"event_name":"Mysterious Sphere","floor":48,"gold_loss":0}],"is_beta":false,"boss_relics":[{"not_picked":["Black Star","Orrery"],"picked":"Ectoplasm"},{"not_picked":["Philosopher\u0027s Stone","Busted Crown"],"picked":"Coffee Dripper"}],"items_purged_floors":[22],"is_endless":false,"potions_floor_spawned":[1,3,14,19,20,25,29,35,39,47],"ascension_level":9}