{"gold_per_floor":[114,114,36,186,197,222,222,254,254,254,254],"floor_reached":11,"playtime":336,"items_purged":[],"score":158,"play_id":"94cc1e4d-813f-4d24-9fa6-5561b6e8e737","local_time":"20190311204842","is_ascension_mode":true,"campfire_choices":[{"floor":7,"key":"REST"}],"neow_cost":"PERCENT_DAMAGE","seed_source_timestamp":428114193960100,"circlet_count":0,"master_deck":["AscendersBane","Strike_R","Strike_R","Strike_R","Strike_R","Defend_R","Defend_R","Defend_R","Bash","Thunderclap","Sever Soul","Doubt","Battle Trance","Impervious","Flex"],"relics":["Burning Blood","Champion Belt","Bag of Preparation","Bird Faced Urn"],"potions_floor_usage":[8],"damage_taken":[{"damage":6,"enemies":"Cultist","floor":1,"turns":3},{"damage":8,"enemies":"2 Louse","floor":5,"turns":3},{"damage":40,"enemies":"Lagavulin","floor":6,"turns":6},{"damage":12,"enemies":"Gremlin Nob","floor":8,"turns":4},{"damage":20,"enemies":"3 Sentries","floor":11,"turns":3}],"seed_played":"8013094328702480649","potions_obtained":[{"floor":6,"key":"PowerPotion"}],"is_trial":false,"path_per_floor":["M","?","$","?","M","E","R","E","T","$","E"],"character_chosen":"IRONCLAD","items_purchased":["Sever Soul"],"campfire_rested":1,"item_purchase_floors":[3],"current_hp_per_floor":[50,46,46,46,44,10,32,26,26,26,6],"gold":254,"neow_bonus":"REMOVE_TWO","is_prod":false,"is_daily":false,"chose_seed":false,"campfire_upgraded":0,"win_rate":0,"timestamp":1552337322,"path_taken":["M","?","?","?","M","E","R","E","T","$","E"],"build_version":"2019-01-23","purchased_purges":0,"victory":false,"max_hp_per_floor":[75,75,75,75,75,75,75,75,75,75,75],"card_choices":[{"not_picked":["Iron Wave","Fire Breathing"],"picked":"Thunderclap","floor":1},{"not_picked":["Pommel Strike","Sword Boomerang"],"picked":"Battle Trance","floor":5},{"not_picked":["Barricade","Havoc"],"picked":"Impervious","floor":6},{"not_picked":["Thunderclap","Fire Breathing"],"picked":"Flex","floor":8}],"player_experience":399892,"relics_obtained":[{"floor":6,"key":"Champion Belt"},{"floor":8,"key":"Bag of Preparation"},{"floor":9,"key":"Bird Faced Urn"}],"event_choices":[{"damage_healed":0,"gold_gain":0,"player_choice":"Bought 0 Potions","damage_taken":0,"max_hp_gain":0,"max_hp_loss":0,"event_name":"The Woman in Blue","floor":2,"gold_loss":0},{"damage_healed":0,"gold_gain":150,"player_choice":"AGREE","damage_taken":0,"max_hp_gain":0,"max_hp_loss":0,"event_name":"Liars Game","floor":4,"gold_loss":0,"cards_obtained":["Doubt"]}],"is_beta":false,"boss_relics":[],"items_purged_floors":[],"is_endless":false,"potions_floor_spawned":[6],"killed_by":"3 Sentries","ascension_level":20}