{"gold_per_floor":[117,131,131,151,151,151,131,150,150,169,169,180,196,28,28,127,127,127,67,67,67,67,67,67,67,67,67,67,67,67,67,67,67,67,67,67,67,67,67,67,67,67,67,67,67,67,67,67,67,67],"floor_reached":51,"playtime":6868,"items_purged":[],"score":752,"play_id":"d182359a-70b9-47ae-a345-5161c15537fe","local_time":"20190421021118","is_ascension_mode":false,"campfire_choices":[{"floor":6.0,"key":"REST"},{"floor":15.0,"key":"REST"},{"floor":23.0,"key":"RECALL"},{"floor":32.0,"key":"REST"},{"floor":44,"key":"REST"},{"floor":46,"key":"REST"},{"floor":49,"key":"REST"}],"neow_cost":"NONE","seed_source_timestamp":0,"circlet_count":0,"master_deck":["Strike_R","Strike_R","Strike_R","Strike_R","Defend_R","Defend_R","Defend_R","Defend_R+1","Bash","Shrug It Off+1","Headbutt","Feed","Reaper+1","Havoc","Apotheosis","Barricade","Battle Trance","Flex","Warcry","Feel No Pain","Blood for Blood","Metallicize","Shrug It Off+1","Bludgeon","Intimidate+1","Madness","Madness","Panacea","Fire Breathing+1","Body Slam","Heavy Blade+1","Normality","Inflame+1","Metallicize"],"special_seed":0,"relics":["Fusion Hammer","Pantograph","Ectoplasm","Shuriken","Ginger","Cursed Key","Du-Vu Doll","Question Card","Vajra","The Courier"],"potions_floor_usage":[50,50,50],"damage_taken":[{"damage":4.0,"enemies":"2 Louse","floor":1.0,"turns":2.0},{"damage":0.0,"enemies":"Small Slimes","floor":2.0,"turns":2.0},{"damage":0.0,"enemies":"Cultist","floor":4.0,"turns":2.0},{"damage":0.0,"enemies":"Blue Slaver","floor":8.0,"turns":3.0},{"damage":2.0,"enemies":"Exordium Thugs","floor":10.0,"turns":3.0},{"damage":6.0,"enemies":"3 Louse","floor":12.0,"turns":4.0},{"damage":0.0,"enemies":"Looter","floor":13.0,"turns":3.0},{"damage":34.0,"enemies":"Slime Boss","floor":16.0,"turns":13.0},{"damage":2.0,"enemies":"Spheric Guardian","floor":18.0,"turns":8.0},{"damage":4.0,"enemies":"2 Thieves","floor":19.0,"turns":4.0},{"damage":23.0,"enemies":"Shelled Parasite and Fungi","floor":21.0,"turns":7.0},{"damage":0.0,"enemies":"Centurion and Healer","floor":22.0,"turns":7.0},{"damage":34.0,"enemies":"3 Cultists","floor":24.0,"turns":6.0},{"damage":13.0,"enemies":"Snake Plant","floor":25.0,"turns":6.0},{"damage":12.0,"enemies":"Snecko","floor":28.0,"turns":6.0},{"damage":23.0,"enemies":"Book of Stabbing","floor":29.0,"turns":6.0},{"damage":1.0,"enemies":"3 Cultists","floor":30.0,"turns":6.0},{"damage":14.0,"enemies":"Centurion and Healer","floor":31.0,"turns":7.0},{"damage":15.0,"enemies":"Automaton","floor":33.0,"turns":11.0},{"damage":8,"enemies":"3 Darklings","floor":35,"turns":6},{"damage":0,"enemies":"Mind Bloom Boss Battle","floor":38,"turns":7},{"damage":20,"enemies":"Orb Walker","floor":39,"turns":5},{"damage":5,"enemies":"Sphere and 2 Shapes","floor":40,"turns":10},{"damage":35,"enemies":"Spire Growth","floor":41,"turns":6},{"damage":67,"enemies":"Nemesis","floor":42,"turns":7},{"damage":38,"enemies":"Jaw Worm Horde","floor":47,"turns":6},{"damage":16,"enemies":"Giant Head","floor":48,"turns":7},{"damage":64,"enemies":"Time Eater","floor":50,"turns":14}],"seed_played":"717183399043491964","potions_obtained":[{"floor":7.0,"key":"GamblersBrew"},{"floor":8.0,"key":"GamblersBrew"},{"floor":13.0,"key":"Dexterity Potion"},{"floor":16.0,"key":"Swift Potion"},{"floor":18.0,"key":"PowerPotion"},{"floor":21.0,"key":"BloodPotion"},{"floor":29.0,"key":"EssenceOfSteel"},{"floor":35,"key":"LiquidBronze"}],"is_trial":false,"path_per_floor":["M","M","?","M","?","R","?","M","T","M","?","M","M","$","R","B",null,"M","M","?","M","M","R","M","M","T","?","M","E","M","M","R","B",null,"M","?","?","?","M","M","M","E","T","R","$","R","M","E","R","B",null],"character_chosen":"IRONCLAD","items_purchased":["Apotheosis"],"campfire_rested":6,"item_purchase_floors":[14],"current_hp_per_floor":[76,76,60,60,53,77,77,77,77,78,78,78,81,81,89,69,93,95,94,94,85,103,103,88,85,85,85,83,79,89,91,130,136,136,136,119,119,140,129,146,115,59,59,105,105,151,126,110,157,107],"gold":67,"neow_bonus":"BOSS_RELIC","is_prod":false,"is_daily":false,"chose_seed":false,"campfire_upgraded":0,"win_rate":0,"timestamp":1555834278,"path_taken":["M","M","?","M","?","R","?","?","T","M","?","M","M","$","R","BOSS","M","M","?","M","?","R","M","M","T","?","M","E","M","M","R","BOSS","M","?","?","?","?","M","M","E","T","R","$","R","M","E","R","BOSS"],"build_version":"2019-01-23","purchased_purges":0,"victory":true,"max_hp_per_floor":[80,80,80,80,80,80,80,80,80,83,83,86,89,89,89,93,93,97,100,100,104,108,108,112,116,116,116,120,124,128,132,132,136,136,136,136,136,140,144,148,152,156,156,156,156,156,159,159,159,159],"card_choices":[{"not_picked":["Cleave","Intimidate"],"picked":"Shrug It Off","floor":1.0},{"not_picked":["Evolve","Combust"],"picked":"Headbutt","floor":2.0},{"not_picked":["Shrug It Off","Twin Strike"],"picked":"Feed","floor":4.0},{"not_picked":["Sever Soul","Fire Breathing","Bloodletting"],"picked":"SKIP","floor":8.0},{"not_picked":["Heavy Blade","Pummel"],"picked":"Reaper","floor":10.0},{"not_picked":["Cleave","Anger"],"picked":"Havoc","floor":12.0},{"not_picked":["Body Slam","Dual Wield","Reckless Charge"],"picked":"SKIP","floor":13.0},{"not_picked":["Juggernaut","Exhume"],"picked":"Barricade","floor":16.0},{"not_picked":["Wild Strike","Twin Strike+1","Infernal Blade"],"picked":"SKIP","floor":18.0},{"not_picked":["Havoc","Second Wind"],"picked":"Battle Trance","floor":19.0},{"not_picked":["Perfected Strike","Clothesline"],"picked":"Flex","floor":21.0},{"not_picked":["Power Through","Havoc"],"picked":"Warcry","floor":22.0},{"not_picked":["Shockwave","Twin Strike"],"picked":"Feel No Pain","floor":24.0},{"not_picked":["Dropkick","True Grit"],"picked":"Blood for Blood","floor":25.0},{"not_picked":["Hemokinesis","Thunderclap","Flex"],"picked":"SKIP","floor":28.0},{"not_picked":["Clothesline","Uppercut","Pummel+1"],"picked":"SKIP","floor":29.0},{"not_picked":["Clothesline","Corruption","Twin Strike"],"picked":"SKIP","floor":30.0},{"not_picked":["Brutality","Twin Strike"],"picked":"Shrug It Off+1","floor":31.0},{"not_picked":["Fiend Fire","Barricade"],"picked":"Bludgeon","floor":33.0},{"not_picked":["Wild Strike","Rage"],"picked":"Intimidate+1","floor":35},{"not_picked":["Finesse","HandOfGreed"],"picked":"Panacea","floor":37},{"not_picked":["Clash","Sentinel","Havoc"],"picked":"SKIP","floor":39},{"not_picked":["Flex","Shrug It Off+1"],"picked":"Fire Breathing+1","floor":40},{"not_picked":["Cleave","Hemokinesis"],"picked":"Body Slam","floor":41},{"not_picked":["Perfected Strike","Barricade"],"picked":"Heavy Blade+1","floor":42},{"not_picked":["Sword Boomerang","Burning Pact","Dropkick"],"picked":"Inflame+1","floor":47},{"not_picked":["Armaments","Body Slam+1","Disarm"],"picked":"Metallicize","floor":48}],"player_experience":430986,"relics_obtained":[{"floor":9.0,"key":"Pantograph"},{"floor":26.0,"key":"Shuriken"},{"floor":29.0,"key":"Ginger"},{"floor":38,"key":"Du-Vu Doll"},{"floor":42,"key":"Question Card"},{"floor":43,"key":"Vajra"},{"floor":48,"key":"The Courier"}],"event_choices":[{"damage_healed":0.0,"max_hp_gain":0.0,"max_hp_loss":0.0,"gold_gain":0.0,"event_name":"Shining Light","player_choice":"Entered Light","floor":3.0,"gold_loss":0.0,"damage_taken":16.0,"cards_upgraded":["Shrug It Off","Defend_R"]},{"cards_removed":["Strike_R"],"damage_healed":0.0,"max_hp_gain":0.0,"max_hp_loss":0.0,"gold_gain":0.0,"event_name":"Golden Wing","player_choice":"Card Removal","floor":5.0,"gold_loss":0.0,"damage_taken":7.0},{"damage_healed":0.0,"max_hp_gain":0.0,"max_hp_loss":0.0,"gold_gain":0.0,"event_name":"The Woman in Blue","player_choice":"Bought 1 Potion","floor":7.0,"gold_loss":0.0,"damage_taken":0.0},{"damage_healed":0.0,"max_hp_gain":0.0,"max_hp_loss":0.0,"gold_gain":0.0,"event_name":"Upgrade Shrine","player_choice":"Upgraded","floor":11.0,"gold_loss":0.0,"damage_taken":0.0,"cards_upgraded":["Reaper"]},{"damage_healed":0.0,"max_hp_gain":0.0,"max_hp_loss":0.0,"gold_gain":0.0,"event_name":"Golden Shrine","player_choice":"Ignored","floor":20.0,"gold_loss":0.0,"damage_taken":0.0},{"damage_healed":0.0,"max_hp_gain":0.0,"max_hp_loss":0.0,"gold_gain":0.0,"event_name":"The Library","player_choice":"Read","floor":27.0,"gold_loss":0.0,"damage_taken":0.0,"cards_obtained":["Metallicize"]},{"damage_healed":0,"gold_gain":0,"player_choice":"Embrace Madness","damage_taken":17,"max_hp_gain":0,"max_hp_loss":0,"event_name":"Winding Halls","floor":36,"gold_loss":0,"cards_obtained":["Madness","Madness"]},{"damage_healed":0,"gold_gain":0,"player_choice":"Memory 1","damage_taken":0,"max_hp_gain":0,"max_hp_loss":0,"event_name":"SensoryStone","floor":37,"gold_loss":0},{"damage_healed":0,"gold_gain":0,"player_choice":"Fight","damage_taken":0,"max_hp_gain":0,"max_hp_loss":0,"event_name":"MindBloom","floor":38,"gold_loss":0}],"is_beta":false,"boss_relics":[{"not_picked":["Black Star","Runic Pyramid"],"picked":"Ectoplasm"},{"not_picked":["Coffee Dripper","Astrolabe"],"picked":"Cursed Key"}],"items_purged_floors":[],"is_endless":false,"potions_floor_spawned":[8,13,16,18,21,29,30,33,35,38,40,48],"ascension_level":0}