{"gold_per_floor":[115,127,127,141,66,66,81,119,143,143,164,164,189,222,222,346,346,366,266,279,3,3,3],"floor_reached":23,"playtime":1986,"items_purged":["Strike_B","Strike_B","Strike_B"],"score":241,"play_id":"fc5cb134-43c9-4303-93dc-45748fa1847c","local_time":"20180801150149","is_ascension_mode":true,"campfire_choices":[{"data":"Core Surge","floor":10,"key":"SMITH"},{"data":"Redo","floor":12,"key":"SMITH"},{"data":"Hologram","floor":15,"key":"SMITH"}],"neow_cost":"NONE","seed_source_timestamp":411202022858735,"circlet_count":0,"master_deck":["Strike_B","Defend_B","Defend_B","Defend_B+1","Defend_B","Zap+1","Dualcast+1","Conserve Battery","Cold Snap","Core Surge+1","Redo+1","Hologram+1","Multi-Cast","Skim","Turbo"],"relics":["FrozenCore","Golden Idol","Potion Belt","Bag of Preparation","Regal Pillow","Art of War","Emotion Chip"],"potions_floor_usage":[16,16,16],"damage_taken":[{"damage":0,"enemies":"Small Slimes","floor":1,"turns":3},{"damage":0,"enemies":"2 Louse","floor":2,"turns":3},{"damage":0,"enemies":"Cultist","floor":4,"turns":3},{"damage":0,"enemies":"3 Louse","floor":7,"turns":4},{"damage":4,"enemies":"Lagavulin","floor":8,"turns":7},{"damage":11,"enemies":"Large Slime","floor":11,"turns":5},{"damage":0,"enemies":"Looter","floor":13,"turns":2},{"damage":3,"enemies":"3 Sentries","floor":14,"turns":8},{"damage":37,"enemies":"Hexaghost","floor":16,"turns":11},{"damage":6,"enemies":"Shell Parasite","floor":18,"turns":8},{"damage":9,"enemies":"Spheric Guardian","floor":20,"turns":4},{"damage":70,"enemies":"Gremlin Leader","floor":23,"turns":6}],"seed_played":"4170129190099626766","potions_obtained":[{"floor":2,"key":"Swift Potion"},{"floor":11,"key":"EssenceOfSteel"},{"floor":13,"key":"Explosive Potion"},{"floor":14,"key":"FearPotion"},{"floor":18,"key":"GamblersBrew"}],"is_trial":false,"path_per_floor":["M","M","?","M","$","?","M","E","T","R","M","R","M","E","R","B",null,"M","$","M","$","?"],"character_chosen":"DEFECT","items_purchased":["Art of War"],"campfire_rested":0,"item_purchase_floors":[21],"current_hp_per_floor":[75,75,60,60,60,60,60,56,56,56,45,45,45,42,42,5,69,63,63,54,54,54,0],"gold":3,"neow_bonus":"UPGRADE_CARD","is_prod":false,"is_daily":false,"chose_seed":false,"campfire_upgraded":3,"win_rate":0,"timestamp":1533106909,"path_taken":["M","M","?","M","$","?","M","E","T","R","M","R","M","E","R","BOSS","M","$","M","$","?","E"],"build_version":"2018-07-26","purchased_purges":3,"victory":false,"max_hp_per_floor":[75,75,75,75,75,69,69,69,69,69,69,69,69,69,69,69,69,69,69,69,69,69,69],"card_choices":[{"not_picked":["Redo","Skim"],"picked":"Conserve Battery","floor":1},{"not_picked":["Steam","Sweeping Beam","Barrage"],"picked":"SKIP","floor":2},{"not_picked":["Go for the Eyes","Lockon"],"picked":"Cold Snap","floor":4},{"not_picked":["Static Discharge","Steam Power"],"picked":"Core Surge","floor":7},{"not_picked":["Reinforced Body","Static Discharge","Coolheaded"],"picked":"SKIP","floor":8},{"not_picked":["Ball Lightning","Sunder"],"picked":"Redo","floor":11},{"not_picked":["Ball Lightning","Core Surge"],"picked":"Hologram","floor":13},{"not_picked":["Force Field","Coolheaded","Stack"],"picked":"SKIP","floor":14},{"not_picked":["Creative AI","Amplify"],"picked":"Multi-Cast","floor":16},{"not_picked":["Conserve Battery","Cold Snap"],"picked":"Skim","floor":18},{"not_picked":["Aggregate","Self Repair+1"],"picked":"Turbo","floor":20}],"player_experience":232036,"relics_obtained":[{"floor":8,"key":"Potion Belt"},{"floor":9,"key":"Bag of Preparation"},{"floor":14,"key":"Regal Pillow"}],"event_choices":[{"event_name":"Shining Light","player_choice":"Entered Light","floor":3,"damage_taken":0},{"event_name":"Golden Idol","player_choice":"Lose Max HP","floor":6,"damage_taken":0},{"event_name":"The Mausoleum","player_choice":"Yes","floor":22,"damage_taken":0}],"is_beta":false,"boss_relics":[{"not_picked":["Coffee Dripper","Ectoplasm"],"picked":"FrozenCore"}],"items_purged_floors":[5,19,21],"is_endless":false,"potions_floor_spawned":[2,11,13,14,18],"killed_by":"Gremlin Leader","ascension_level":4}