{"path_per_floor":["M","M","?","M","M","R","M","R","T","$","E","M","$","M","R","B",null,"M","$","?","M","M","R"],"character_chosen":"THE_SILENT","items_purchased":["Oddly Smooth Stone","Regen Potion"],"gold_per_floor":[118,133,133,144,154,154,166,166,166,10,36,54,3,21,21,116,116,131,56,56,76,93,93],"floor_reached":24,"campfire_rested":3,"playtime":1904,"current_hp_per_floor":[60,50,36,27,10,31,30,51,51,51,38,27,27,39,39,30,70,50,50,50,28,3,24],"items_purged":["Regret"],"gold":93,"play_id":"1ab32638-e272-492b-8511-8ac5d598898f","is_prod":false,"is_daily":false,"campfire_rituals":0,"campfire_upgraded":1,"is_hardmode":false,"path_taken":["M","M","?","?","M","R","?","R","T","?","E","M","$","M","R","BOSS","M","$","?","M","M","R","M"],"build_version":"2017-12-21-PROD1","purchased_purges":1,"victory":false,"master_deck":["Defend_G","Defend_G","Defend_G","Defend_G","Defend_G","Strike_G","Strike_G","Strike_G","Strike_G","Strike_G","Survivor","Neutralize","Quick Slash","Deadly Poison","Footwork","Poisoned Stab","Bouncing Flask","Poisoned Stab","Dagger Throw","Deadly Poison","Burst","Injury","Injury","Poisoned Stab","Deflect","Slice"],"max_hp_per_floor":[70,70,70,70,70,70,70,70,70,70,70,70,70,70,70,70,70,70,70,70,70,70,70],"relics":["Ring of the Snake","Peace Pipe","Oddly Smooth Stone","Pantograph","Calling Bell","Juzu Bracelet","Tingsha","Omamori"],"campfire_meditates":0,"card_choices":[{"not_picked":["Bouncing Flask","Riddle With Holes"],"picked":"Quick Slash"},{"not_picked":["Outmaneuver","Dagger Spray"],"picked":"Deadly Poison"},{"not_picked":["Acrobatics","Distraction"],"picked":"Footwork"},{"not_picked":["Escape Plan","Bouncing Flask"],"picked":"Poisoned Stab"},{"not_picked":["Deflect","Dagger Throw"],"picked":"Bouncing Flask"},{"not_picked":["Prepared","Die Die Die"],"picked":"Poisoned Stab"},{"not_picked":["Escape Plan","Deflect"],"picked":"Dagger Throw"},{"not_picked":["Acrobatics","Adrenaline"],"picked":"Deadly Poison"},{"not_picked":["Phantasmal Killer","Doppelganger"],"picked":"Burst"},{"not_picked":["Outmaneuver","Slice"],"picked":"Poisoned Stab"},{"not_picked":["Caltrops","Noxious Fumes"],"picked":"Deflect"},{"not_picked":["Dagger Spray","Unload"],"picked":"Slice"}],"player_experience":13959,"potions_floor_usage":[14,16,21,22,24],"damage_taken":[{"damage":10,"enemies":"Cultist","floor":1,"turns":6},{"damage":10,"enemies":"Looter","floor":2,"turns":3},{"damage":9,"enemies":"Blue Slaver","floor":4,"turns":3},{"damage":17,"enemies":"Gremlin Gang","floor":5,"turns":8},{"damage":1,"enemies":"Red Slaver","floor":7,"turns":5},{"damage":13,"enemies":"Lagavulin","floor":11,"turns":6},{"damage":11,"enemies":"3 Louse","floor":12,"turns":4},{"damage":0,"enemies":"Large Slime","floor":14,"turns":4},{"damage":34,"enemies":"The Guardian","floor":16,"turns":7},{"damage":20,"enemies":"Shell Parasite","floor":18,"turns":6},{"damage":22,"enemies":"Chosen","floor":21,"turns":5},{"damage":25,"enemies":"Centurion and Healer","floor":22,"turns":9},{"damage":25,"enemies":"Sentry and Sphere","floor":24,"turns":4}],"event_choices":[{"event_name":"Shining Light","player_choice":"Entered Light","floor":3,"damage_taken":0},{"event_name":"Addict","player_choice":"Ignored","floor":20,"damage_taken":0}],"boss_relics":[{"not_picked":["Astrolabe","Snecko Eye"],"picked":"Calling Bell"}],"potions_floor_spawned":[4,5,7,14,18,22],"seed_played":"5519662411932887643","killed_by":"Sentry and Sphere","is_trial":false}