{"gold_per_floor":[113,188,25,36,36,36,47,64,88,103,115,127,127,144,144,245,245,255,267,267,338,338,338,364,364,364,364,382,393,393,308,308,407,407,425,425,7,17,17,17,17,37,37,37,37,54,54,81,81,81],"floor_reached":50,"playtime":3922,"items_purged":["Strike_R"],"score":527,"play_id":"0b132df4-611b-41d8-926c-9edf30fafa23","local_time":"20180705192738","is_ascension_mode":false,"campfire_choices":[{"data":"Heavy Blade","floor":6.0,"key":"SMITH"},{"data":"Warcry","floor":13.0,"key":"SMITH"},{"data":"Warcry","floor":15.0,"key":"SMITH"},{"data":"Fiend Fire","floor":23.0,"key":"SMITH"},{"data":"Pommel Strike","floor":25.0,"key":"SMITH"},{"data":"Shockwave","floor":27.0,"key":"SMITH"},{"data":"Flex","floor":32,"key":"SMITH"},{"data":"Madness","floor":40,"key":"SMITH"},{"data":"Secret Weapon","floor":47,"key":"SMITH"},{"data":"Flex","floor":49,"key":"SMITH"}],"neow_cost":"","seed_source_timestamp":0,"circlet_count":0,"master_deck":["Defend_R","Bash","Reaper","Pommel Strike+1","Shockwave+1","Searing Blow","Flex+1","Warcry+1","Heavy Blade+1","Warcry+1","Rampage","Fiend Fire+1","Cleave+1","Inflame+1","Blood for Blood+1","Flex+1","Fiend Fire","True Grit+1","Evolve+1","Dark Embrace+1","Metallicize+1","Master of Strategy","Flex+1","Madness+1","Madness","Flex+1","Dramatic Entrance","Finesse","Secret Weapon+1","Pommel Strike+1"],"special_seed":0,"relics":["Burning Blood","Strawberry","Eternal Feather","Letter Opener","Bag of Marbles","Vajra","Peace Pipe","Astrolabe","Anchor","Blood Vial","Pen Nib"],"potions_floor_usage":[33,33,50,50,50],"damage_taken":[{"damage":2.0,"enemies":"Cultist","floor":1.0,"turns":5.0},{"damage":1.0,"enemies":"Jaw Worm","floor":4.0,"turns":6.0},{"damage":6.0,"enemies":"Small Slimes","floor":7.0,"turns":3.0},{"damage":9.0,"enemies":"Exordium Wildlife","floor":8.0,"turns":5.0},{"damage":23.0,"enemies":"Gremlin Gang","floor":10.0,"turns":4.0},{"damage":17.0,"enemies":"Lots of Slimes","floor":11.0,"turns":4.0},{"damage":15.0,"enemies":"2 Fungi Beasts","floor":12.0,"turns":4.0},{"damage":12.0,"enemies":"Red Slaver","floor":14.0,"turns":3.0},{"damage":57.0,"enemies":"The Guardian","floor":16.0,"turns":10.0},{"damage":62.0,"enemies":"3 Byrds","floor":18.0,"turns":9.0},{"damage":6.0,"enemies":"Chosen","floor":19.0,"turns":6.0},{"damage":31.0,"enemies":"Book of Stabbing","floor":24.0,"turns":5.0},{"damage":16.0,"enemies":"Snake Plant","floor":28.0,"turns":3.0},{"damage":18.0,"enemies":"3 Cultists","floor":29.0,"turns":5.0},{"damage":44,"enemies":"Collector","floor":33,"turns":7},{"damage":19,"enemies":"Orb Walker","floor":35,"turns":3},{"damage":4,"enemies":"3 Shapes","floor":38,"turns":6},{"damage":38,"enemies":"3 Darklings","floor":42,"turns":5},{"damage":19,"enemies":"4 Shapes","floor":46,"turns":3},{"damage":103,"enemies":"Awakened One","floor":50,"turns":6}],"seed_played":"6973229007490195749","potions_obtained":[{"floor":11.0,"key":"SkillPotion"},{"floor":12.0,"key":"Poison Potion"},{"floor":14.0,"key":"Poison Potion"},{"floor":16.0,"key":"SpeedPotion"},{"floor":19.0,"key":"LiquidBronze"},{"floor":24.0,"key":"SteroidPotion"},{"floor":29.0,"key":"Energy Potion"},{"floor":38,"key":"SteroidPotion"},{"floor":46,"key":"Dexterity Potion"}],"is_trial":false,"path_per_floor":["M","?","$","M","?","R","M","M","T","M","M","M","R","M","R","B",null,"M","M","?","T","?","R","E","R","T","R","M","M","?","?","R","B",null,"M","?","$","M","?","R","?","M","T","?","$","M","R","T","R"],"character_chosen":"IRONCLAD","items_purchased":["Searing Blow","Flex","Warcry","Anchor","Master of Strategy"],"campfire_rested":0,"item_purchase_floors":[],"current_hp_per_floor":[48,37,37,43,43,43,44,53,60,49,58,67,67,65,65,14,87,31,37,37,37,37,43,18,26,26,34,31,19,48,48,56,49,87,74,74,74,86,75,85,85,80,80,70,70,59,71,71,83,0],"gold":81,"neow_bonus":"","is_prod":false,"is_daily":false,"chose_seed":false,"campfire_upgraded":10,"win_rate":0,"timestamp":1530790058,"path_taken":["M","?","?","M","?","R","?","M","T","M","M","M","R","?","R","BOSS","M","M","?","?","?","R","E","R","T","R","M","?","?","?","R","BOSS","M","?","$","M","?","R","?","M","T","?","?","M","R","?","R","BOSS"],"build_version":"2018-06-28","purchased_purges":1,"victory":false,"max_hp_per_floor":[80,80,80,80,80,80,80,80,87,87,87,87,87,87,87,87,87,87,87,87,87,87,87,87,87,87,87,87,87,87,87,87,87,87,87,87,87,87,87,87,87,87,87,87,87,87,87,87,87,87],"card_choices":[{"not_picked":["Heavy Blade","Perfected Strike"],"picked":"Shockwave","floor":1.0},{"not_picked":["Feel No Pain","Rampage"],"picked":"Heavy Blade","floor":4.0},{"not_picked":["Iron Wave","Headbutt","Sentinel"],"picked":"SKIP","floor":7.0},{"not_picked":["Havoc","Dual Wield","True Grit"],"picked":"SKIP","floor":8.0},{"not_picked":["Iron Wave","Combust"],"picked":"Warcry","floor":10.0},{"not_picked":["Thunderclap","Clothesline","Bloodletting"],"picked":"SKIP","floor":11.0},{"not_picked":["True Grit","Iron Wave","Reckless Charge"],"picked":"SKIP","floor":12.0},{"not_picked":["Power Through","Dual Wield"],"picked":"Rampage","floor":14.0},{"not_picked":["Reaper","Immolate"],"picked":"Fiend Fire","floor":16.0},{"not_picked":["Thunderclap","Reckless Charge"],"picked":"Cleave+1","floor":18.0},{"not_picked":["Shrug It Off","Heavy Blade"],"picked":"Inflame+1","floor":19.0},{"not_picked":["Pommel Strike","Iron Wave+1"],"picked":"Blood for Blood+1","floor":24.0},{"not_picked":["Pummel","Heavy Blade"],"picked":"Flex","floor":28.0},{"not_picked":["Rampage","Clash","Power Through"],"picked":"SKIP","floor":29.0},{"not_picked":["Immolate","Juggernaut"],"picked":"Fiend Fire","floor":33},{"not_picked":["Twin Strike","Perfected Strike"],"picked":"Metallicize+1","floor":35},{"not_picked":["Armaments+1","Double Tap"],"picked":"Flex","floor":38},{"not_picked":["Reckless Charge+1","Sword Boomerang+1"],"picked":"Flex","floor":42},{"not_picked":["Blind","Magnetism"],"picked":"Dramatic Entrance","floor":44},{"not_picked":["Dramatic Entrance","Swift Strike"],"picked":"Finesse","floor":44},{"not_picked":["Jack Of All Trades","Deep Breath"],"picked":"Secret Weapon","floor":44},{"not_picked":["Clash+1","Flex+1"],"picked":"Pommel Strike+1","floor":46}],"player_experience":77789,"relics_obtained":[{"floor":9.0,"key":"Strawberry"},{"floor":21.0,"key":"Letter Opener"},{"floor":24.0,"key":"Bag of Marbles"},{"floor":26.0,"key":"Vajra"},{"floor":43,"key":"Blood Vial"},{"floor":48,"key":"Pen Nib"}],"event_choices":[{"event_name":"World of Goop","player_choice":"Gather Gold","floor":2.0,"damage_taken":0.0},{"event_name":"Living Wall","player_choice":"Change","floor":5.0,"damage_taken":0.0},{"event_name":"Accursed Blacksmith","player_choice":"Forge","floor":20.0,"damage_taken":0.0},{"event_name":"Back to Basics","player_choice":"Elegance","floor":22.0,"damage_taken":0.0},{"event_name":"The Library","player_choice":"Heal","floor":30.0,"damage_taken":0.0},{"event_name":"Addict","player_choice":"Obtained Relic","floor":31.0,"damage_taken":0.0},{"event_name":"Falling","player_choice":"Removed Skill","floor":36,"damage_taken":0},{"event_name":"Winding Halls","player_choice":"Embrace Madness","floor":39,"damage_taken":0},{"event_name":"Upgrade Shrine","player_choice":"Upgraded","floor":41,"damage_taken":0},{"event_name":"SensoryStone","player_choice":"Memory 3","floor":44,"damage_taken":0}],"boss_relics":[{"not_picked":["Calling Bell","Runic Cube"],"picked":"Eternal Feather"},{"not_picked":["Orrery","Sozu"],"picked":"Astrolabe"}],"items_purged_floors":[37],"is_endless":false,"potions_floor_spawned":[11,12,14,16,19,24,29,38,46],"killed_by":"Awakened One","ascension_level":0}