{"gold_per_floor":[114,126,141,141,156,156,156,185,210,221,221,233,233,245,245,316,316,336,336,15,15,31,31,48,48,100,119,131,131,131,42,42,120,120,132,151,151,169,169,169,180,98,122,122,122,122,133,149,149,149],"floor_reached":51,"playtime":1858,"items_purged":[],"score":1247,"play_id":"9e696102-2334-4c35-b738-5f2778b323cd","local_time":"20190202180224","is_ascension_mode":true,"campfire_choices":[{"data":"After Image","floor":6,"key":"SMITH"},{"data":"Blade Dance","floor":11,"key":"SMITH"},{"data":"Blade Dance","floor":15,"key":"SMITH"},{"floor":23,"key":"REST"},{"data":"Accuracy","floor":30,"key":"SMITH"},{"floor":32,"key":"REST"},{"data":"Dash","floor":40,"key":"SMITH"},{"floor":44,"key":"REST"},{"floor":49,"key":"REST"}],"neow_cost":"NONE","seed_source_timestamp":171012287252266,"circlet_count":0,"master_deck":["AscendersBane","Defend_G","Defend_G","Defend_G","Defend_G+1","Defend_G","Strike_G","Strike_G","Survivor","Neutralize","Blade Dance","Blade Dance+1","After Image+1","Sucker Punch","Choke","A Thousand Cuts+1","Dash+1","Escape Plan+1","Escape Plan+1","Accuracy+1","Deflect+1","Cloak And Dagger+1","Backflip+1","Blade Dance+1","Blur+1","Blade Dance+1","Cloak And Dagger+1","Deflect+1","Cloak And Dagger+1"],"relics":["Orrery","Singing Bowl","Toxic Egg 2","Pen Nib","Empty Cage","Shuriken","Mummified Hand","Omamori","WristBlade","Vajra"],"potions_floor_usage":[16,16,22,33,41,50,50],"damage_taken":[{"damage":0,"enemies":"Cultist","floor":1,"turns":5},{"damage":2,"enemies":"Jaw Worm","floor":2,"turns":4},{"damage":6,"enemies":"Small Slimes","floor":3,"turns":3},{"damage":3,"enemies":"Red Slaver","floor":5,"turns":4},{"damage":13,"enemies":"3 Sentries","floor":8,"turns":7},{"damage":1,"enemies":"Blue Slaver","floor":10,"turns":4},{"damage":4,"enemies":"Looter","floor":12,"turns":3},{"damage":0,"enemies":"Large Slime","floor":14,"turns":4},{"damage":0,"enemies":"Slime Boss","floor":16,"turns":4},{"damage":11,"enemies":"Shell Parasite","floor":18,"turns":6},{"damage":18,"enemies":"2 Thieves","floor":22,"turns":4},{"damage":1,"enemies":"Cultist and Chosen","floor":24,"turns":4},{"damage":3,"enemies":"Chosen and Byrds","floor":27,"turns":3},{"damage":8,"enemies":"Snecko","floor":28,"turns":5},{"damage":27,"enemies":"Champ","floor":33,"turns":7},{"damage":0,"enemies":"Orb Walker","floor":35,"turns":3},{"damage":9,"enemies":"3 Darklings","floor":36,"turns":3},{"damage":0,"enemies":"Sphere and 2 Shapes","floor":38,"turns":4},{"damage":20,"enemies":"4 Shapes","floor":41,"turns":7},{"damage":12,"enemies":"3 Darklings","floor":47,"turns":4},{"damage":0,"enemies":"Transient","floor":48,"turns":5},{"damage":26,"enemies":"Donu and Deca","floor":50,"turns":7}],"seed_played":"3698469523698221661","potions_obtained":[{"floor":8,"key":"SteroidPotion"},{"floor":10,"key":"PowerPotion"},{"floor":22,"key":"SkillPotion"},{"floor":24,"key":"Energy Potion"},{"floor":35,"key":"GhostInAJar"}],"is_trial":false,"path_per_floor":["M","M","M","T","M","R","?","E","T","M","R","M","?","M","R","B",null,"M","T","$","?","M","R","M","?","T","M","M","?","R","$","R","B",null,"M","M","?","M","?","R","M","$","T","R","?","?","M","M","R","B",null],"character_chosen":"THE_SILENT","items_purchased":["Mummified Hand","Fire Potion","Blur+1","PowerPotion","Deflect+1"],"campfire_rested":4,"item_purchase_floors":[20,20,31,42,42],"current_hp_per_floor":[59,57,51,51,48,48,48,35,35,36,36,32,32,32,32,34,61,50,50,50,50,32,53,54,54,54,51,43,57,57,57,72,47,67,67,60,62,64,64,64,44,44,44,68,68,68,58,58,82,56],"gold":149,"neow_bonus":"BOSS_RELIC","is_prod":false,"is_daily":false,"chose_seed":false,"campfire_upgraded":5,"win_rate":0,"timestamp":1549130544,"path_taken":["M","M","M","?","?","R","?","E","T","M","R","M","?","M","R","BOSS","M","?","$","?","M","R","M","?","T","M","M","?","R","$","R","BOSS","M","M","?","M","?","R","?","$","T","R","?","?","M","M","R","BOSS"],"build_version":"2019-01-23","purchased_purges":0,"victory":true,"max_hp_per_floor":[66,66,66,66,66,66,66,66,66,68,68,68,68,68,68,70,70,70,70,70,70,70,70,72,72,72,72,72,72,72,72,72,74,74,74,76,78,80,80,80,80,80,80,80,80,80,82,82,82,82],"card_choices":[{"not_picked":["Dagger Spray","PiercingWail"],"picked":"Blade Dance","floor":0},{"not_picked":["Quick Slash","Dagger Spray"],"picked":"Blade Dance","floor":0},{"not_picked":["Predator","Calculated Gamble"],"picked":"After Image","floor":0},{"not_picked":["Prepared","Dodge and Roll"],"picked":"Sucker Punch","floor":0},{"not_picked":["Underhanded Strike","Dagger Spray"],"picked":"Choke","floor":1},{"not_picked":["Bane","Prepared"],"picked":"Blade Dance","floor":2},{"not_picked":["Footwork","Eviscerate"],"picked":"A Thousand Cuts","floor":3},{"not_picked":["Crippling Poison","Distraction"],"picked":"Dash","floor":5},{"not_picked":["Blur","Dagger Spray"],"picked":"Escape Plan","floor":8},{"not_picked":["Bane","Heel Hook","Dagger Throw"],"picked":"Singing Bowl","floor":10},{"not_picked":["Sucker Punch","Acrobatics+1"],"picked":"Escape Plan+1","floor":12},{"not_picked":["Riddle With Holes","Outmaneuver+1"],"picked":"Accuracy","floor":14},{"not_picked":["A Thousand Cuts","Malaise+1","Doppelganger+1"],"picked":"Singing Bowl","floor":16},{"not_picked":["Riddle With Holes","Deadly Poison+1"],"picked":"Deflect+1","floor":18},{"not_picked":["Accuracy","Expertise+1"],"picked":"Cloak And Dagger+1","floor":22},{"not_picked":["Bouncing Flask+1","Underhanded Strike","Outmaneuver+1"],"picked":"Singing Bowl","floor":24},{"not_picked":["Acrobatics+1","Dagger Spray+1"],"picked":"Backflip+1","floor":27},{"not_picked":["Acrobatics+1","Terror+1"],"picked":"Blade Dance+1","floor":28},{"not_picked":["Bullet Time+1","Tools of the Trade","Die Die Die"],"picked":"Singing Bowl","floor":33},{"not_picked":["Sucker Punch","Finisher"],"picked":"Blade Dance+1","floor":35},{"not_picked":["Bane+1","Poisoned Stab","Acrobatics+1"],"picked":"Singing Bowl","floor":36},{"not_picked":["Dramatic Entrance","Secret Weapon+1","Magnetism"],"picked":"Singing Bowl","floor":37},{"not_picked":["Bouncing Flask+1","Skewer","Reflex+1"],"picked":"Singing Bowl","floor":38},{"not_picked":["Backflip+1","Distraction+1"],"picked":"Cloak And Dagger+1","floor":41},{"not_picked":["Quick Slash","Poisoned Stab+1","Blade Dance+1"],"picked":"Singing Bowl","floor":47},{"not_picked":["Deadly Poison+1","Grand Finale"],"picked":"Cloak And Dagger+1","floor":48}],"player_experience":529242,"relics_obtained":[{"floor":4,"key":"Singing Bowl"},{"floor":8,"key":"Toxic Egg 2"},{"floor":9,"key":"Pen Nib"},{"floor":19,"key":"Shuriken"},{"floor":26,"key":"Omamori"},{"floor":43,"key":"Vajra"}],"event_choices":[{"damage_healed":0,"gold_gain":0,"player_choice":"Grow","damage_taken":0,"max_hp_gain":0,"max_hp_loss":0,"event_name":"Living Wall","floor":7,"gold_loss":0,"cards_upgraded":["A Thousand Cuts"]},{"damage_healed":0,"gold_gain":0,"player_choice":"Leave","damage_taken":0,"max_hp_gain":0,"max_hp_loss":0,"event_name":"FaceTrader","floor":13,"gold_loss":0},{"damage_healed":0,"gold_gain":0,"player_choice":"Ignored","damage_taken":0,"max_hp_gain":0,"max_hp_loss":0,"event_name":"Ghosts","floor":25,"gold_loss":0},{"damage_healed":14,"gold_gain":0,"player_choice":"Heal","damage_taken":0,"max_hp_gain":0,"max_hp_loss":0,"event_name":"The Library","floor":29,"gold_loss":0},{"damage_healed":0,"gold_gain":0,"player_choice":"Memory 1","damage_taken":0,"max_hp_gain":0,"max_hp_loss":0,"event_name":"SensoryStone","floor":37,"gold_loss":0},{"damage_healed":0,"gold_gain":0,"player_choice":"Upgraded","damage_taken":0,"max_hp_gain":0,"max_hp_loss":0,"event_name":"Upgrade Shrine","floor":39,"gold_loss":0,"cards_upgraded":["Defend_G"]},{"cards_removed":["Blade Dance"],"damage_healed":0,"gold_gain":0,"player_choice":"Removed Skill","damage_taken":0,"max_hp_gain":0,"max_hp_loss":0,"event_name":"Falling","floor":45,"gold_loss":0},{"cards_removed":["Strike_G"],"damage_healed":0,"gold_gain":0,"player_choice":"Purged","damage_taken":0,"max_hp_gain":0,"max_hp_loss":0,"event_name":"Purifier","floor":46,"gold_loss":0}],"is_beta":false,"boss_relics":[{"not_picked":["Tiny House","Calling Bell"],"picked":"Empty Cage"},{"not_picked":["Runic Dome","Philosopher\u0027s Stone"],"picked":"WristBlade"}],"items_purged_floors":[],"is_endless":false,"potions_floor_spawned":[8,10,14,22,24,35,36,48],"ascension_level":16}