{"gold_per_floor":[215,65,82,82,96,96,21,33,87,97,132,147,47,47],"floor_reached":14,"playtime":261,"items_purged":["Decay","Strike_R"],"score":92,"play_id":"fe130510-db34-43ef-8bcf-244048e85623","local_time":"20190427142901","is_ascension_mode":false,"campfire_choices":[{"data":"Shrug It Off","floor":6,"key":"SMITH"}],"neow_cost":"NONE","seed_source_timestamp":3462220711198212,"circlet_count":0,"master_deck":["Strike_R","Strike_R","Strike_R","Strike_R","Defend_R","Defend_R","Defend_R","Defend_R","Bash","Shrug It Off+1"],"relics":["Burning Blood","Bag of Marbles","Art of War","Boot"],"potions_floor_usage":[11,11],"damage_taken":[{"damage":6,"enemies":"2 Louse","floor":1,"turns":3},{"damage":6,"enemies":"Cultist","floor":3,"turns":3},{"damage":8,"enemies":"Jaw Worm","floor":5,"turns":3},{"damage":14,"enemies":"2 Fungi Beasts","floor":8,"turns":4},{"damage":19,"enemies":"Blue Slaver","floor":10,"turns":3},{"damage":50,"enemies":"Lagavulin","floor":11,"turns":6},{"damage":8,"enemies":"3 Louse","floor":12,"turns":4},{"damage":12,"enemies":"2 Fungi Beasts","floor":14,"turns":1}],"seed_played":"-2448625161744490595","potions_obtained":[{"floor":3,"key":"SneckoOil"},{"floor":10,"key":"Fire Potion"},{"floor":11,"key":"GamblersBrew"}],"is_trial":false,"path_per_floor":["M","$","M","?","M","R","$","M","T","M","E","M","$","M"],"character_chosen":"IRONCLAD","items_purchased":["Bag of Marbles"],"campfire_rested":0,"item_purchase_floors":[2],"current_hp_per_floor":[80,80,80,80,78,78,78,70,70,57,13,11,11,0],"gold":47,"neow_bonus":"HUNDRED_GOLD","is_prod":false,"is_daily":false,"chose_seed":false,"campfire_upgraded":1,"win_rate":0,"timestamp":1556371741,"path_taken":["M","$","M","?","M","R","$","?","T","M","E","M","$","M"],"build_version":"2019-01-23","purchased_purges":2,"victory":false,"max_hp_per_floor":[80,80,80,80,80,80,80,80,80,80,80,80,80,80],"card_choices":[{"not_picked":["Thunderclap","Armaments","Twin Strike"],"picked":"SKIP","floor":1},{"not_picked":["Intimidate","Cleave","Wild Strike"],"picked":"SKIP","floor":3},{"not_picked":["Flex","Sword Boomerang"],"picked":"Shrug It Off","floor":5},{"not_picked":["Flame Barrier","Bloodletting","Thunderclap"],"picked":"SKIP","floor":8},{"not_picked":["Cleave","Perfected Strike","Iron Wave"],"picked":"SKIP","floor":10},{"not_picked":["Infernal Blade","Thunderclap","Cleave"],"picked":"SKIP","floor":11},{"not_picked":["Flex","Pommel Strike","Inflame"],"picked":"SKIP","floor":12}],"player_experience":700197,"relics_obtained":[{"floor":9,"key":"Art of War"},{"floor":11,"key":"Boot"}],"event_choices":[{"damage_healed":0,"gold_gain":0,"player_choice":"Cursed","damage_taken":0,"max_hp_gain":0,"max_hp_loss":0,"event_name":"Wheel of Change","floor":4,"gold_loss":0,"cards_obtained":["Decay"]}],"is_beta":false,"boss_relics":[],"items_purged_floors":[7,13],"is_endless":false,"potions_floor_spawned":[3,10,11],"killed_by":"2 Fungi Beasts","ascension_level":0}