{"gold_per_floor":[113,125,142,29,44,77,77,112,136,136,169,184,32,46,46,141,141,151,151,151,168,168,197,215,241,312,110,110,121,137,25,25,130,130,150,150,198,209,222,222,238,267,267,267,16,26,54,67,67,67],"floor_reached":51,"playtime":2486,"items_purged":["Strike_B","Writhe"],"score":1239,"play_id":"1484205e-b1cf-46e2-b5a6-f84a559b530d","local_time":"20190115201315","is_ascension_mode":true,"campfire_choices":[{"data":"Melter","floor":10,"key":"SMITH"},{"data":"Dualcast","floor":15,"key":"SMITH"},{"floor":28,"key":"REST"},{"floor":32,"key":"REST"},{"floor":40,"key":"REST"},{"floor":49,"key":"REST"}],"neow_cost":"NONE","seed_source_timestamp":1823000187658892,"circlet_count":0,"master_deck":["AscendersBane","Zap","Dualcast+1","Leap","Ball Lightning","Steam","Swift Strike","Stack","Ball Lightning","Defragment+1","Melter+1","Compile Driver","Capacitor","Biased Cognition","Leap","Conserve Battery","Compile Driver","Recycle","Ball Lightning+1","Cold Snap","Stack","Buffer","Leap","Auto Shields","Electrodynamics","All For One","Buffer","Double Energy","Aggregate","FTL","Cold Snap+1","Steam+1","Conserve Battery+1","Defragment+1","Biased Cognition","Leap","Core Surge","Stack+1"],"relics":["Cracked Core","Blood Vial","Darkstone Periapt","Smiling Mask","Strawberry","Bronze Scales","Oddly Smooth Stone","Fusion Hammer","Du-Vu Doll","Cables","The Courier","Bottled Flame","Pandora\u0027s Box","Unceasing Top","Boot","Ginger","DollysMirror","Pear"],"potions_floor_usage":[5,6,8,8,8,25,33,33,41,47,50,50],"damage_taken":[{"damage":7,"enemies":"Small Slimes","floor":1,"turns":3},{"damage":2,"enemies":"Jaw Worm","floor":2,"turns":3},{"damage":0,"enemies":"2 Louse","floor":3,"turns":2},{"damage":12,"enemies":"Exordium Wildlife","floor":5,"turns":5},{"damage":2,"enemies":"3 Sentries","floor":6,"turns":6},{"damage":24,"enemies":"Gremlin Nob","floor":8,"turns":4},{"damage":14,"enemies":"Lagavulin","floor":11,"turns":5},{"damage":8,"enemies":"Blue Slaver","floor":12,"turns":2},{"damage":0,"enemies":"Looter","floor":14,"turns":2},{"damage":13,"enemies":"Hexaghost","floor":16,"turns":7},{"damage":0,"enemies":"Spheric Guardian","floor":18,"turns":1},{"damage":12,"enemies":"Chosen","floor":21,"turns":3},{"damage":35,"enemies":"Gremlin Leader","floor":23,"turns":6},{"damage":0,"enemies":"Centurion and Healer","floor":24,"turns":5},{"damage":14,"enemies":"Book of Stabbing","floor":25,"turns":4},{"damage":0,"enemies":"Sentry and Sphere","floor":29,"turns":2},{"damage":20,"enemies":"Shelled Parasite and Fungi","floor":30,"turns":4},{"damage":40,"enemies":"Collector","floor":33,"turns":13},{"damage":11,"enemies":"3 Shapes","floor":35,"turns":3},{"damage":55,"enemies":"2 Orb Walkers","floor":37,"turns":4},{"damage":0,"enemies":"Orb Walker","floor":38,"turns":3},{"damage":1,"enemies":"4 Shapes","floor":39,"turns":3},{"damage":0,"enemies":"Transient","floor":41,"turns":5},{"damage":11,"enemies":"Reptomancer","floor":42,"turns":8},{"damage":5,"enemies":"Jaw Worm Horde","floor":46,"turns":3},{"damage":25,"enemies":"Giant Head","floor":47,"turns":9},{"damage":0,"enemies":"Maw","floor":48,"turns":7},{"damage":30,"enemies":"Time Eater","floor":50,"turns":11}],"seed_played":"8078485626943434177","potions_obtained":[{"floor":1,"key":"Swift Potion"},{"floor":3,"key":"Poison Potion"},{"floor":5,"key":"EntropicBrew"},{"floor":6,"key":"Regen Potion"},{"floor":16,"key":"GamblersBrew"},{"floor":30,"key":"Explosive Potion"},{"floor":35,"key":"Strength Potion"},{"floor":38,"key":"Swift Potion"},{"floor":41,"key":"Weak Potion"},{"floor":47,"key":"AttackPotion"}],"is_trial":false,"path_per_floor":["M","M","M","$","M","E","?","E","T","R","E","M","$","M","R","B",null,"M","?","?","M","?","E","M","E","T","$","R","M","M","$","R","B",null,"M","?","?","M","M","R","M","E","T","?","$","M","E","M","R","B",null],"character_chosen":"DEFECT","items_purchased":["Swift Strike","Stack","Oddly Smooth Stone","Bottled Flame","Auto Shields","DollysMirror","Leap"],"campfire_rested":4,"item_purchase_floors":[4,4,13,27,31,45,45],"current_hp_per_floor":[63,63,65,65,55,55,55,45,52,52,40,34,34,36,36,25,68,70,70,70,60,60,27,29,17,17,17,41,43,25,25,49,11,64,55,82,29,31,32,58,60,51,51,51,51,48,35,37,66,38],"gold":67,"neow_bonus":"RANDOM_COMMON_RELIC","is_prod":false,"is_daily":false,"chose_seed":false,"campfire_upgraded":2,"win_rate":0,"timestamp":1547583195,"path_taken":["M","M","M","$","M","E","?","E","T","R","E","M","$","M","R","BOSS","M","?","?","M","?","E","M","E","T","$","R","M","M","$","R","BOSS","M","?","?","M","M","R","M","E","T","?","$","M","E","M","R","BOSS"],"build_version":"2019-01-10","purchased_purges":2,"victory":true,"max_hp_per_floor":[75,75,75,75,75,75,75,75,82,82,82,82,82,82,82,82,82,82,82,82,82,82,82,82,82,82,82,82,82,82,82,82,82,82,82,88,88,88,88,88,88,88,88,88,88,88,98,98,98,98],"card_choices":[{"not_picked":["Steam","Scrape"],"picked":"Leap","floor":1},{"not_picked":["Turbo","Compile Driver"],"picked":"Ball Lightning","floor":2},{"not_picked":["Loop","Barrage"],"picked":"Steam","floor":3},{"not_picked":["Compile Driver","Streamline"],"picked":"Ball Lightning","floor":5},{"not_picked":["Recycle","Creative AI"],"picked":"Defragment","floor":6},{"not_picked":["Chill","Rip and Tear"],"picked":"Melter","floor":8},{"not_picked":["Streamline","Turbo"],"picked":"Sweeping Beam","floor":11},{"not_picked":["Beam Cell","Blizzard"],"picked":"Compile Driver","floor":12},{"not_picked":["Ball Lightning","Coolheaded"],"picked":"Capacitor","floor":14},{"not_picked":["Buffer","Hyperbeam"],"picked":"Biased Cognition","floor":16},{"not_picked":["Streamline","Consume+1"],"picked":"Leap","floor":18},{"not_picked":["Turbo","Fusion"],"picked":"Ball Lightning+1","floor":21},{"not_picked":["Streamline","Ball Lightning"],"picked":"Cold Snap","floor":23},{"not_picked":["Beam Cell","Rebound"],"picked":"Stack","floor":24},{"not_picked":["Compile Driver","Rebound"],"picked":"Buffer","floor":25},{"not_picked":["Beam Cell","Compile Driver"],"picked":"Leap","floor":29},{"not_picked":["Rebound+1","Ball Lightning","Sweeping Beam+1"],"picked":"SKIP","floor":30},{"not_picked":["Machine Learning","Core Surge"],"picked":"Electrodynamics","floor":33},{"not_picked":["Skim+1","Turbo+1"],"picked":"Cold Snap+1","floor":35},{"not_picked":["Redo","Conserve Battery"],"picked":"Steam+1","floor":37},{"not_picked":["Melter","Darkness"],"picked":"Conserve Battery+1","floor":38},{"not_picked":["Beam Cell","Gash+1"],"picked":"Defragment+1","floor":39},{"not_picked":["Sunder","Heatsinks+1","Gash"],"picked":"SKIP","floor":41},{"not_picked":["Scrape+1","Ball Lightning","Echo Form"],"picked":"SKIP","floor":42},{"not_picked":["Steam","Streamline","Hello World"],"picked":"SKIP","floor":46},{"not_picked":["Sweeping Beam","Steam"],"picked":"Core Surge","floor":47},{"not_picked":["Cold Snap+1","Skim"],"picked":"Stack+1","floor":48}],"player_experience":338803,"relics_obtained":[{"floor":6,"key":"Darkstone Periapt"},{"floor":8,"key":"Smiling Mask"},{"floor":9,"key":"Strawberry"},{"floor":11,"key":"Bronze Scales"},{"floor":23,"key":"Du-Vu Doll"},{"floor":25,"key":"Cables"},{"floor":26,"key":"The Courier"},{"floor":37,"key":"Unceasing Top"},{"floor":42,"key":"Boot"},{"floor":43,"key":"Ginger"},{"floor":47,"key":"Pear"}],"event_choices":[{"damage_healed":0,"gold_gain":0,"player_choice":"Grow","damage_taken":0,"max_hp_gain":0,"max_hp_loss":0,"event_name":"Living Wall","floor":7,"gold_loss":0,"cards_upgraded":["Defragment"]},{"damage_healed":0,"gold_gain":0,"player_choice":"Read","damage_taken":0,"max_hp_gain":0,"max_hp_loss":0,"event_name":"The Library","floor":19,"gold_loss":0,"cards_obtained":["Conserve Battery"]},{"damage_healed":0,"gold_gain":0,"cards_transformed":["Strike_B","Strike_B"],"player_choice":"Became Test Subject","damage_taken":0,"max_hp_gain":0,"max_hp_loss":0,"event_name":"Drug Dealer","floor":20,"gold_loss":0,"cards_obtained":["Compile Driver","Recycle"]},{"damage_healed":0,"gold_gain":0,"player_choice":"Ignored","damage_taken":0,"max_hp_gain":0,"max_hp_loss":0,"event_name":"Vampires","floor":22,"gold_loss":0},{"damage_healed":21,"gold_gain":0,"player_choice":"Writhe","damage_taken":0,"max_hp_gain":0,"max_hp_loss":0,"event_name":"Winding Halls","floor":36,"gold_loss":0,"cards_obtained":["Writhe"]},{"damage_healed":0,"gold_gain":0,"player_choice":"Fight","damage_taken":0,"max_hp_gain":0,"max_hp_loss":0,"event_name":"Mysterious Sphere","floor":37,"gold_loss":0},{"cards_removed":["Sweeping Beam"],"damage_healed":0,"gold_gain":0,"player_choice":"Removed Attack","damage_taken":0,"max_hp_gain":0,"max_hp_loss":0,"event_name":"Falling","floor":44,"gold_loss":0}],"is_beta":false,"boss_relics":[{"not_picked":["Ectoplasm","Velvet Choker"],"picked":"Fusion Hammer"},{"not_picked":["Philosopher\u0027s Stone","Black Star"],"picked":"Pandora\u0027s Box"}],"items_purged_floors":[31,45],"is_endless":false,"potions_floor_spawned":[1,3,5,6,16,18,30,35,38,41,42,47],"ascension_level":11}