{"gold_per_floor":[119,132,151,161,11,11,28,57,57,57,57,77,95,113,113,216,216,216,143,143,68,68,68,68,68,68,68,68,68,68,68,68,68,68,68,68,68,68,68,68,68,68,68,68,68,18,18,18,18,18],"floor_reached":51,"playtime":7814,"items_purged":["Strike_B","Defend_B"],"score":723,"play_id":"8336e647-936c-4411-9655-0de81629346c","local_time":"20180729044458","is_ascension_mode":false,"campfire_choices":[{"data":"Fusion","floor":6,"key":"SMITH"},{"data":"Zap","floor":10,"key":"SMITH"},{"data":"Defragment","floor":15,"key":"SMITH"},{"data":"Dualcast","floor":23,"key":"SMITH"},{"data":"Loop","floor":30,"key":"SMITH"},{"data":"Capacitor","floor":32,"key":"SMITH"},{"data":"Defragment","floor":40,"key":"SMITH"},{"data":"Consume","floor":45,"key":"SMITH"},{"data":"Undo","floor":49,"key":"SMITH"}],"neow_cost":"NONE","seed_source_timestamp":1517935686494482,"circlet_count":0,"master_deck":["Defend_B","Defend_B","Defend_B","Zap+1","Dualcast+1","Rainbow+1","Melter+1","Hello World+1","Self Repair","Undo+1","Fusion+1","Auto Shields","Consume+1","Rebound","Defragment+1","Meteor Strike","Go for the Eyes+1","BootSequence","Loop+1","Capacitor+1","Core Surge","Self Repair","Defragment+1","Coolheaded+1","Glacier+1","Hologram+1"],"relics":["Astrolabe","DataDisk","Thread and Needle","Cables","Ectoplasm","Shuriken","Blood Vial","Smiling Mask","Centennial Puzzle","Runic Dome","Sundial","Art of War","Dodecahedron"],"potions_floor_usage":[4,8,16,24,33,33,39,39,44,50,50,50],"damage_taken":[{"damage":0,"enemies":"Cultist","floor":1,"turns":4},{"damage":5,"enemies":"Small Slimes","floor":2,"turns":3},{"damage":0,"enemies":"2 Louse","floor":3,"turns":3},{"damage":5,"enemies":"Looter","floor":4,"turns":2},{"damage":1,"enemies":"3 Louse","floor":7,"turns":4},{"damage":0,"enemies":"3 Sentries","floor":8,"turns":8},{"damage":0,"enemies":"Lots of Slimes","floor":12,"turns":5},{"damage":0,"enemies":"2 Fungi Beasts","floor":13,"turns":3},{"damage":0,"enemies":"Large Slime","floor":14,"turns":3},{"damage":12,"enemies":"Hexaghost","floor":16,"turns":11},{"damage":0,"enemies":"Spheric Guardian","floor":18,"turns":4},{"damage":10,"enemies":"3 Byrds","floor":22,"turns":5},{"damage":12,"enemies":"Slavers","floor":24,"turns":6},{"damage":0,"enemies":"Book of Stabbing","floor":27,"turns":5},{"damage":0,"enemies":"Snake Plant","floor":28,"turns":5},{"damage":2,"enemies":"Cultist and Chosen","floor":29,"turns":7},{"damage":2,"enemies":"Automaton","floor":33,"turns":9},{"damage":31,"enemies":"3 Darklings","floor":35,"turns":6},{"damage":15,"enemies":"Flame Bruiser 1 Orb","floor":36,"turns":7},{"damage":28,"enemies":"Spire Growth","floor":37,"turns":6},{"damage":0,"enemies":"Sphere and 2 Shapes","floor":38,"turns":6},{"damage":0,"floor":39,"turns":8},{"damage":0,"enemies":"Maw","floor":41,"turns":8},{"damage":17,"enemies":"2 Orb Walkers","floor":42,"turns":6},{"damage":0,"enemies":"4 Shapes","floor":44,"turns":8},{"damage":0,"enemies":"3 Darklings","floor":48,"turns":6},{"damage":38,"enemies":"Awakened One","floor":50,"turns":10}],"seed_played":"2877466492387081836","potions_obtained":[{"floor":1,"key":"PowerPotion"},{"floor":2,"key":"LiquidBronze"},{"floor":3,"key":"AttackPotion"},{"floor":4,"key":"SkillPotion"},{"floor":16,"key":"Strength Potion"},{"floor":18,"key":"FocusPotion"},{"floor":22,"key":"AttackPotion"},{"floor":27,"key":"Swift Potion"},{"floor":29,"key":"Energy Potion"},{"floor":37,"key":"SkillPotion"},{"floor":38,"key":"Explosive Potion"},{"floor":41,"key":"Strength Potion"},{"floor":42,"key":"SkillPotion"},{"floor":48,"key":"Regen Potion"}],"is_trial":false,"path_per_floor":["M","M","M","M","$","R","M","E","T","R","?","M","M","M","R","B",null,"M","$","?","$","M","R","E","?","T","E","M","M","R","?","R","B",null,"M","M","M","M","?","R","M","E","T","M","R","$","?","M","R","B"],"character_chosen":"DEFECT","items_purchased":["DataDisk","BootSequence"],"campfire_rested":0,"item_purchase_floors":[5,19],"current_hp_per_floor":[75,75,75,70,70,70,75,75,75,75,80,80,80,80,80,75,80,80,80,80,80,77,77,72,72,72,80,80,80,80,65,65,72,85,61,48,36,52,68,68,84,82,82,85,85,85,85,85,85,63],"gold":18,"neow_bonus":"BOSS_RELIC","is_prod":false,"is_daily":false,"chose_seed":false,"campfire_upgraded":9,"win_rate":0,"timestamp":1532850298,"path_taken":["M","M","M","M","$","R","?","E","T","R","?","M","M","M","R","BOSS","M","$","?","$","M","R","E","?","T","E","M","?","R","?","R","BOSS","M","M","M","M","?","R","M","E","T","M","R","$","?","M","R","BOSS"],"build_version":"2018-07-26","purchased_purges":2,"victory":true,"max_hp_per_floor":[75,75,75,75,75,75,75,75,75,75,80,80,80,80,80,80,80,80,80,80,80,80,80,80,80,80,80,80,80,80,85,85,85,85,85,85,85,85,85,85,85,85,85,85,85,85,85,85,85,85],"card_choices":[{"not_picked":["Chaos","Barrage"],"picked":"Self Repair","floor":1},{"not_picked":["Melter","Beam Cell"],"picked":"Undo","floor":2},{"not_picked":["Go for the Eyes","Beam Cell"],"picked":"Fusion","floor":3},{"not_picked":["Stack","Storm"],"picked":"Auto Shields","floor":4},{"not_picked":["Hologram","Skim"],"picked":"Consume","floor":7},{"not_picked":["Steam","Blizzard"],"picked":"Rebound","floor":8},{"not_picked":["Steam","Fission"],"picked":"Defragment","floor":12},{"not_picked":["Gash","Stack","Rebound"],"picked":"SKIP","floor":13},{"not_picked":["Cold Snap","Force Field","Gash"],"picked":"SKIP","floor":14},{"not_picked":["Reboot","Core Surge"],"picked":"Meteor Strike","floor":16},{"not_picked":["Streamline+1","Cold Snap+1"],"picked":"Go for the Eyes+1","floor":18},{"not_picked":["Conserve Battery","Ball Lightning","Hologram"],"picked":"SKIP","floor":22},{"not_picked":["Static Discharge","Coolheaded"],"picked":"Loop","floor":24},{"not_picked":["Double Energy","Ball Lightning"],"picked":"Capacitor","floor":27},{"not_picked":["Genetic Algorithm","Steam Power","Doom and Gloom"],"picked":"SKIP","floor":28},{"not_picked":["Steam","Leap","Stack"],"picked":"SKIP","floor":29},{"not_picked":["Meteor Strike","All For One"],"picked":"Core Surge","floor":33},{"not_picked":["Compile Driver+1","Leap","Heatsinks+1"],"picked":"SKIP","floor":35},{"not_picked":["Coolheaded","Aggregate"],"picked":"Self Repair","floor":36},{"not_picked":["Redo","Leap","Conserve Battery+1"],"picked":"SKIP","floor":37},{"not_picked":["Multi-Cast","Melter"],"picked":"Defragment","floor":38},{"not_picked":["Doom and Gloom","Steam Power"],"picked":"Coolheaded+1","floor":41},{"not_picked":["Coolheaded","Go for the Eyes","Genetic Algorithm"],"picked":"SKIP","floor":42},{"not_picked":["Ball Lightning","Streamline"],"picked":"Glacier+1","floor":44},{"not_picked":["Rebound","Buffer"],"picked":"Hologram+1","floor":48}],"player_experience":319107,"relics_obtained":[{"floor":8,"key":"Thread and Needle"},{"floor":9,"key":"Cables"},{"floor":24,"key":"Blood Vial"},{"floor":26,"key":"Smiling Mask"},{"floor":27,"key":"Centennial Puzzle"},{"floor":39,"key":"Sundial"},{"floor":42,"key":"Art of War"},{"floor":43,"key":"Dodecahedron"}],"event_choices":[{"event_name":"Big Fish","player_choice":"Donut","floor":11,"damage_taken":0},{"event_name":"WeMeetAgain","player_choice":"Potion","floor":20,"damage_taken":0},{"event_name":"The Woman in Blue","player_choice":"Bought 0 Potions","floor":25,"damage_taken":0},{"event_name":"Forgotten Altar","player_choice":"Shed Blood","floor":31,"damage_taken":0},{"event_name":"MindBloom","player_choice":"Fight","floor":39,"damage_taken":0},{"event_name":"Accursed Blacksmith","player_choice":"Ignore","floor":47,"damage_taken":0}],"is_beta":false,"boss_relics":[{"not_picked":["White Beast Statue","Tiny House"],"picked":"Ectoplasm"},{"not_picked":["Orrery","Lizard Tail"],"picked":"Runic Dome"}],"items_purged_floors":[21,46],"is_endless":false,"potions_floor_spawned":[1,2,3,4,16,18,22,27,29,37,38,41,42,48],"ascension_level":0}