{"gold_per_floor":[114,114,130,280,293,293,327,327,353,353,353,353],"floor_reached":12,"playtime":1349,"items_purged":[],"score":152,"play_id":"69d73148-51df-4277-b015-04e9189b8789","local_time":"20190123222251","daily_mods":["Draft","Green Cards"],"is_ascension_mode":true,"campfire_choices":[{"data":"Armaments","floor":6,"key":"SMITH"},{"data":"True Grit","floor":8,"key":"SMITH"},{"data":"Catalyst","floor":11,"key":"SMITH"}],"neow_cost":"","seed_source_timestamp":0,"circlet_count":0,"master_deck":["AscendersBane","Footwork","Backflip","Dagger Throw","Cloak And Dagger","Terror","Flying Knee","Warcry","Dodge and Roll","Dodge and Roll","Body Slam","Outmaneuver","True Grit+1","Armaments+1","Cloak And Dagger","Sentinel","Deadly Poison","Metallicize","Warcry","Leg Sweep","PiercingWail","Cloak And Dagger","Havoc","Catalyst+1","Doubt","Acrobatics","Exhume"],"relics":["Burning Blood","Dream Catcher","Ancient Tea Set","Molten Egg 2"],"potions_floor_usage":[7,12,12],"damage_taken":[{"damage":0,"enemies":"2 Louse","floor":1,"turns":3},{"damage":0,"enemies":"Jaw Worm","floor":3,"turns":4},{"damage":0,"enemies":"Small Slimes","floor":5,"turns":3},{"damage":5,"enemies":"3 Sentries","floor":7,"turns":15},{"damage":80,"enemies":"Gremlin Nob","floor":12,"turns":6}],"seed_played":"8113912294101066364","potions_obtained":[{"floor":1,"key":"PowerPotion"},{"floor":3,"key":"Swift Potion"},{"floor":7,"key":"Explosive Potion"}],"is_trial":true,"path_per_floor":["M","$","M","?","M","R","E","R","T","T","R","E"],"character_chosen":"IRONCLAD","items_purchased":[],"campfire_rested":0,"item_purchase_floors":[],"current_hp_per_floor":[74,74,75,75,75,75,75,75,75,75,75,0],"gold":353,"neow_bonus":"","is_prod":false,"is_daily":false,"chose_seed":false,"campfire_upgraded":3,"win_rate":0,"timestamp":1548303771,"path_taken":["M","$","M","?","M","R","E","R","T","?","R","E"],"build_version":"2019-01-23","purchased_purges":0,"victory":false,"max_hp_per_floor":[75,75,75,75,75,75,75,75,75,75,75,75],"card_choices":[{"not_picked":["Distraction","Eviscerate"],"picked":"Footwork","floor":0},{"not_picked":["Blade Dance","Burning Pact"],"picked":"Backflip","floor":0},{"not_picked":["Poisoned Stab","Rage"],"picked":"Dagger Throw","floor":0},{"not_picked":["Sentinel","Backflip"],"picked":"Cloak And Dagger","floor":0},{"not_picked":["Concentrate","Second Wind"],"picked":"Terror","floor":0},{"not_picked":["Choke","Blood for Blood"],"picked":"Flying Knee","floor":0},{"not_picked":["Endless Agony","Prepared"],"picked":"Warcry","floor":0},{"not_picked":["Dagger Spray","Predator"],"picked":"Dodge and Roll","floor":0},{"not_picked":["Twin Strike","Finisher"],"picked":"Dodge and Roll","floor":0},{"not_picked":["Havoc","Battle Trance"],"picked":"Body Slam","floor":0},{"not_picked":["Slice","Twin Strike"],"picked":"Outmaneuver","floor":0},{"not_picked":["Twin Strike","Wild Strike"],"picked":"True Grit","floor":0},{"not_picked":["Battle Trance","Deflect"],"picked":"Armaments","floor":0},{"not_picked":["Outmaneuver","All Out Attack"],"picked":"Cloak And Dagger","floor":0},{"not_picked":["Thunderclap","Blood for Blood"],"picked":"Sentinel","floor":0},{"not_picked":["Pommel Strike","True Grit"],"picked":"Havoc","floor":1},{"not_picked":["Finisher","Bane"],"picked":"Catalyst","floor":3},{"not_picked":["PiercingWail","Clash"],"picked":"Acrobatics","floor":5},{"not_picked":["Clothesline","Sword Boomerang"],"picked":"Exhume","floor":7}],"player_experience":199587,"relics_obtained":[{"floor":7,"key":"Dream Catcher"},{"floor":9,"key":"Ancient Tea Set"},{"floor":10,"key":"Molten Egg 2"}],"event_choices":[{"damage_healed":0,"gold_gain":150,"player_choice":"AGREE","damage_taken":0,"max_hp_gain":0,"max_hp_loss":0,"event_name":"Liars Game","floor":4,"gold_loss":0,"cards_obtained":["Doubt"]}],"is_beta":false,"boss_relics":[],"items_purged_floors":[],"is_endless":false,"potions_floor_spawned":[1,3,7],"killed_by":"Gremlin Nob","ascension_level":20}