{"gold_per_floor":[115,40,40,110,124,158,169,195,245,275,275,63,83,133,133,236,236,248,266,96,115,165,165],"floor_reached":23,"playtime":2310,"items_purged":["Strike_G","Defend_G","Strike_G"],"score":211,"play_id":"64c7bb22-3753-47ac-aa3b-19678b76e538","local_time":"20190430021022","is_ascension_mode":false,"campfire_choices":[{"floor":15,"key":"REST"}],"neow_cost":"TEN_PERCENT_HP_LOSS","seed_source_timestamp":528285738451723,"circlet_count":0,"master_deck":["Defend_G","Defend_G","Defend_G","Strike_G","Survivor","Neutralize","Backstab","All Out Attack","Calculated Gamble","Noxious Fumes","Flying Knee","Prepared","Catalyst","Deadly Poison","Envenom","Poisoned Stab","Catalyst","Deadly Poison","Writhe"],"relics":["Ring of the Snake","SsserpentHead","Dead Branch","Singing Bowl","Bag of Marbles","Lantern","Coffee Dripper","Shuriken"],"potions_floor_usage":[6,8,18,23],"damage_taken":[{"damage":4,"enemies":"Cultist","floor":1,"turns":5},{"damage":1,"enemies":"Jaw Worm","floor":4,"turns":4},{"damage":2,"enemies":"Small Slimes","floor":5,"turns":3},{"damage":8,"enemies":"3 Sentries","floor":6,"turns":7},{"damage":0,"enemies":"2 Fungi Beasts","floor":7,"turns":2},{"damage":16,"enemies":"Lagavulin","floor":8,"turns":8},{"damage":14,"enemies":"Gremlin Nob","floor":10,"turns":4},{"damage":6,"enemies":"Large Slime","floor":13,"turns":3},{"damage":9,"enemies":"Slime Boss","floor":16,"turns":8},{"damage":19,"enemies":"3 Byrds","floor":18,"turns":4},{"damage":5,"enemies":"Spheric Guardian","floor":19,"turns":4},{"damage":27,"enemies":"Centurion and Healer","floor":21,"turns":5},{"damage":18,"enemies":"Book of Stabbing","floor":23,"turns":2}],"seed_played":"-8165479450121170718","potions_obtained":[{"floor":1,"key":"AttackPotion"},{"floor":5,"key":"LiquidBronze"},{"floor":7,"key":"GhostInAJar"},{"floor":21,"key":"SkillPotion"}],"is_trial":false,"path_per_floor":["M","$","?","M","M","E","M","E","T","E","?","$","M","?","R","B",null,"M","M","$","M","?","E"],"character_chosen":"THE_SILENT","items_purchased":["Prepared","Catalyst","Deadly Poison"],"campfire_rested":1,"item_purchase_floors":[12,12,20],"current_hp_per_floor":[59,59,59,58,56,48,48,32,32,20,20,20,14,14,33,24,65,46,41,41,16,16,0],"gold":165,"neow_bonus":"REMOVE_TWO","is_prod":false,"is_daily":false,"chose_seed":false,"campfire_upgraded":0,"win_rate":0,"timestamp":1556561422,"path_taken":["M","$","?","?","M","E","M","E","T","E","?","$","M","?","R","BOSS","M","M","$","M","?","E"],"build_version":"2019-01-23","purchased_purges":3,"victory":false,"max_hp_per_floor":[63,63,63,63,63,63,63,63,63,65,65,65,65,65,65,65,65,65,65,65,67,67,67],"card_choices":[{"not_picked":["Predator","Quick Slash"],"picked":"Backstab","floor":1},{"not_picked":["Outmaneuver","Flying Knee"],"picked":"All Out Attack","floor":4},{"not_picked":["Blur","Sucker Punch"],"picked":"Calculated Gamble","floor":5},{"not_picked":["Poisoned Stab","Footwork","Bane"],"picked":"SKIP","floor":6},{"not_picked":["Endless Agony","Sucker Punch"],"picked":"Noxious Fumes","floor":7},{"not_picked":["Deflect","Dodge and Roll"],"picked":"Flying Knee","floor":8},{"not_picked":["PiercingWail","Deflect","Outmaneuver"],"picked":"Singing Bowl","floor":10},{"not_picked":["Wraith Form v2","Quick Slash"],"picked":"Deadly Poison","floor":13},{"not_picked":["Burst","Die Die Die"],"picked":"Envenom","floor":16},{"not_picked":["Choke","Infinite Blades"],"picked":"Poisoned Stab","floor":18},{"not_picked":["Backflip","Concentrate"],"picked":"Catalyst","floor":19},{"not_picked":["Dodge and Roll","Slice","Prepared"],"picked":"Singing Bowl","floor":21}],"player_experience":300022,"relics_obtained":[{"floor":6,"key":"Dead Branch"},{"floor":8,"key":"Singing Bowl"},{"floor":9,"key":"Bag of Marbles"},{"floor":10,"key":"Lantern"}],"event_choices":[{"damage_healed":0,"gold_gain":0,"player_choice":"Trade","damage_taken":0,"relics_obtained":["SsserpentHead"],"max_hp_gain":0,"max_hp_loss":0,"event_name":"FaceTrader","floor":3,"gold_loss":0},{"cards_removed":["Strike_G"],"damage_healed":0,"gold_gain":0,"player_choice":"Card Removal","damage_taken":0,"max_hp_gain":0,"max_hp_loss":0,"event_name":"The Cleric","floor":11,"gold_loss":50},{"damage_healed":0,"gold_gain":0,"player_choice":"Ignored","damage_taken":0,"max_hp_gain":0,"max_hp_loss":0,"event_name":"Liars Game","floor":14,"gold_loss":0},{"damage_healed":0,"gold_gain":0,"player_choice":"Opened","damage_taken":0,"relics_obtained":["Shuriken"],"max_hp_gain":0,"max_hp_loss":0,"event_name":"The Mausoleum","floor":22,"gold_loss":0,"cards_obtained":["Writhe"]}],"is_beta":false,"boss_relics":[{"not_picked":["Runic Dome","Snecko Eye"],"picked":"Coffee Dripper"}],"items_purged_floors":[2,12,20],"is_endless":false,"potions_floor_spawned":[1,5,7,21],"killed_by":"Book of Stabbing","ascension_level":0}