{"gold_per_floor":[218,218,318,338,355,355,384,182,261,271,281,312,312,328,328,423,423,440,301,314,314,324,353,353,66,116,150,161,193,203,17,17,112,112,122,135,135,152,152,152,169,169,196,196,196,225,6,6,6,6],"floor_reached":51,"playtime":5628,"items_purged":["Strike_B","Darkness","Defend_B+1"],"score":857,"play_id":"73902250-f7bc-48ca-b1c5-e04d5d0da25f","local_time":"20190225025656","is_ascension_mode":true,"campfire_choices":[{"data":"Zap","floor":6.0,"key":"SMITH"},{"data":"Dualcast","floor":13.0,"key":"SMITH"},{"data":"Steam","floor":15.0,"key":"SMITH"},{"data":"Creative AI","floor":24,"key":"SMITH"},{"data":"Defragment","floor":32,"key":"SMITH"},{"data":"Seek","floor":40,"key":"SMITH"},{"data":"Hologram","floor":42,"key":"SMITH"},{"floor":44,"key":"DIG"},{"data":"Turbo","floor":49,"key":"SMITH"}],"neow_cost":"NONE","seed_source_timestamp":0,"circlet_count":0,"master_deck":["Defend_B+1","Defend_B+1","Zap+1","Dualcast+1","Ball Lightning","Ball Lightning","FTL","Steam+1","BootSequence","Genetic Algorithm","Chill","Buffer","Auto Shields+1","FTL+1","Heatsinks+1","Biased Cognition","Sweeping Beam","Creative AI+1","Conserve Battery","Cold Snap","Self Repair","Fusion+1","Turbo+1","Defragment+1","Seek+1","Hologram+1","Conserve Battery","Coolheaded+1"],"special_seed":0,"relics":["Cracked Core","Orichalcum","Pantograph","Potion Belt","Astrolabe","Kunai","Membership Card","Regal Pillow","Dodecahedron","Shovel","OrangePellets","Eternal Feather","Torii","Mummified Hand","Emotion Chip"],"potions_floor_usage":[23,29,29,46,46,50],"damage_taken":[{"damage":3.0,"enemies":"2 Louse","floor":1.0,"turns":2.0},{"damage":1.0,"enemies":"Cultist","floor":4.0,"turns":3.0},{"damage":7.0,"enemies":"Jaw Worm","floor":5.0,"turns":2.0},{"damage":8.0,"enemies":"Gremlin Nob","floor":7.0,"turns":3.0},{"damage":1.0,"enemies":"2 Fungi Beasts","floor":10.0,"turns":3.0},{"damage":0.0,"enemies":"Blue Slaver","floor":11.0,"turns":3.0},{"damage":19.0,"enemies":"Lagavulin","floor":12.0,"turns":6.0},{"damage":0.0,"enemies":"3 Louse","floor":14.0,"turns":3.0},{"damage":51.0,"enemies":"Slime Boss","floor":16.0,"turns":10.0},{"damage":0,"enemies":"Chosen","floor":18,"turns":5},{"damage":0,"enemies":"Spheric Guardian","floor":20,"turns":3},{"damage":2,"enemies":"Shelled Parasite and Fungi","floor":22,"turns":5},{"damage":17,"enemies":"Gremlin Leader","floor":23,"turns":7},{"damage":18,"enemies":"Book of Stabbing","floor":27,"turns":7},{"damage":0,"enemies":"Cultist and Chosen","floor":28,"turns":5},{"damage":31,"enemies":"Slavers","floor":29,"turns":7},{"damage":6,"enemies":"Snake Plant","floor":30,"turns":5},{"damage":0,"enemies":"Champ","floor":33,"turns":10},{"damage":12,"enemies":"3 Shapes","floor":35,"turns":4},{"damage":21,"enemies":"3 Darklings","floor":36,"turns":8},{"damage":0,"enemies":"Spire Growth","floor":38,"turns":7},{"damage":0,"enemies":"Jaw Worm Horde","floor":41,"turns":4},{"damage":28,"enemies":"Reptomancer","floor":46,"turns":8},{"damage":10,"enemies":"Time Eater","floor":50,"turns":13}],"seed_played":"626722340450434532","potions_obtained":[{"floor":1.0,"key":"Fire Potion"},{"floor":5.0,"key":"Weak Potion"},{"floor":10.0,"key":"Poison Potion"},{"floor":16.0,"key":"EssenceOfSteel"},{"floor":18,"key":"PowerPotion"},{"floor":28,"key":"SpeedPotion"},{"floor":29,"key":"PowerPotion"},{"floor":30,"key":"EssenceOfSteel"},{"floor":33,"key":"LiquidBronze"},{"floor":36,"key":"Regen Potion"},{"floor":38,"key":"Fire Potion"},{"floor":46,"key":"Regen Potion"},{"floor":48,"key":"Swift Potion"}],"is_trial":false,"path_per_floor":["M","?","?","M","M","R","E","$","T","M","M","E","R","M","R","B",null,"M","$","M","?","M","E","R","$","T","E","M","E","M","$","R","B",null,"M","M","?","M","?","R","M","R","T","R","?","E","$","?","R","B",null],"character_chosen":"DEFECT","items_purchased":["FTL","Steam","Biased Cognition","Conserve Battery","Membership Card","Cold Snap","Self Repair","Defragment","OrangePellets","Emotion Chip"],"campfire_rested":0,"item_purchase_floors":[8,8,19,25,25,25,25,31,31,47],"current_hp_per_floor":[72,72,72,71,64,64,56,56,56,55,55,36,36,36,36,10,75,75,75,75,75,73,56,56,56,56,45,52,28,29,29,29,61,75,70,56,56,63,63,75,75,75,75,75,65,44,44,44,59,72],"gold":6,"neow_bonus":"HUNDRED_GOLD","is_prod":false,"is_daily":false,"chose_seed":false,"campfire_upgraded":8,"win_rate":0,"timestamp":1551085016,"path_taken":["M","?","?","M","M","R","E","$","T","?","M","E","R","M","R","BOSS","M","$","M","?","M","E","R","$","T","E","M","E","M","$","R","BOSS","M","M","?","M","?","R","M","R","T","R","?","E","$","?","R","BOSS"],"build_version":"2019-01-23","purchased_purges":3,"victory":true,"max_hp_per_floor":[75,75,75,75,75,75,75,75,75,75,75,75,75,75,75,75,75,75,75,75,75,75,75,75,75,75,75,75,75,75,75,75,75,75,75,75,75,75,75,75,75,75,75,75,75,75,75,75,75,75],"card_choices":[{"not_picked":["Force Field","Reinforced Body","Redo"],"picked":"SKIP","floor":1.0},{"not_picked":["Sweeping Beam","Compile Driver"],"picked":"Ball Lightning","floor":4.0},{"not_picked":["Stack","Sweeping Beam"],"picked":"Ball Lightning","floor":5.0},{"not_picked":["Chaos","Melter","Tempest"],"picked":"SKIP","floor":7.0},{"not_picked":["Ball Lightning","Steam"],"picked":"BootSequence","floor":10.0},{"not_picked":["Barrage","Amplify","Lockon"],"picked":"SKIP","floor":11.0},{"not_picked":["Cold Snap","Ball Lightning"],"picked":"Genetic Algorithm","floor":12.0},{"not_picked":["Reprogram","Rip and Tear"],"picked":"Chill","floor":14.0},{"not_picked":["Rainbow","Thunder Strike"],"picked":"Buffer","floor":16.0},{"not_picked":["Consume","Rip and Tear","Go for the Eyes"],"picked":"SKIP","floor":18},{"not_picked":["Tempest","Beam Cell+1"],"picked":"Sweeping Beam","floor":20},{"not_picked":["Stack","Consume+1"],"picked":"Darkness","floor":22},{"not_picked":["Chill","Capacitor"],"picked":"Creative AI","floor":23},{"not_picked":["Self Repair+1","Static Discharge"],"picked":"Fusion+1","floor":27},{"not_picked":["Auto Shields","Sweeping Beam+1","Go for the Eyes+1"],"picked":"SKIP","floor":28},{"not_picked":["Aggregate+1","Conserve Battery"],"picked":"Turbo","floor":29},{"not_picked":["Turbo","Consume+1","Ball Lightning"],"picked":"SKIP","floor":30},{"not_picked":["Turbo","Consume+1","Ball Lightning"],"picked":"SKIP","floor":30},{"not_picked":["Electrodynamics","Amplify"],"picked":"Seek","floor":33},{"not_picked":["Gash+1","Redo+1"],"picked":"Hologram","floor":35},{"not_picked":["Go for the Eyes+1","Barrage+1","Compile Driver+1"],"picked":"SKIP","floor":36},{"not_picked":["Fusion+1","Streamline+1","Gash+1"],"picked":"SKIP","floor":38},{"not_picked":["Barrage+1","Go for the Eyes+1"],"picked":"Conserve Battery","floor":41},{"not_picked":["Chaos","Buffer"],"picked":"Coolheaded+1","floor":46}],"player_experience":463906,"relics_obtained":[{"floor":7.0,"key":"Orichalcum"},{"floor":9.0,"key":"Pantograph"},{"floor":12.0,"key":"Potion Belt"},{"floor":23,"key":"Kunai"},{"floor":26,"key":"Regal Pillow"},{"floor":27,"key":"Dodecahedron"},{"floor":29,"key":"Shovel"},{"floor":44,"key":"Torii"},{"floor":46,"key":"Mummified Hand"}],"event_choices":[{"damage_healed":0.0,"max_hp_gain":0.0,"max_hp_loss":0.0,"gold_gain":0.0,"event_name":"Golden Wing","player_choice":"Ignored","floor":2.0,"gold_loss":0.0,"damage_taken":0.0},{"damage_healed":0.0,"max_hp_gain":0.0,"max_hp_loss":0.0,"gold_gain":100.0,"event_name":"Golden Shrine","player_choice":"Pray","floor":3.0,"gold_loss":0.0,"damage_taken":0.0},{"damage_healed":0,"gold_gain":0,"player_choice":"Simplicity","damage_taken":0,"max_hp_gain":0,"max_hp_loss":0,"event_name":"Back to Basics","floor":21,"gold_loss":0,"cards_upgraded":["Defend_B","Defend_B","Defend_B","Defend_B"]},{"damage_healed":0,"gold_gain":0,"player_choice":"Ignored","damage_taken":0,"max_hp_gain":0,"max_hp_loss":0,"event_name":"Mysterious Sphere","floor":37,"gold_loss":0},{"cards_removed":["Defend_B"],"damage_healed":0,"gold_gain":0,"player_choice":"Removed Skill","damage_taken":0,"max_hp_gain":0,"max_hp_loss":0,"event_name":"Falling","floor":39,"gold_loss":0},{"damage_healed":0,"gold_gain":0,"player_choice":"Memory 3","damage_taken":10,"max_hp_gain":0,"max_hp_loss":0,"event_name":"SensoryStone","floor":45,"gold_loss":0},{"damage_healed":0,"gold_gain":0,"player_choice":"Got Potions","damage_taken":0,"max_hp_gain":0,"max_hp_loss":0,"event_name":"Lab","floor":48,"gold_loss":0}],"is_beta":false,"boss_relics":[{"not_picked":["Fusion Hammer","Nuclear Battery"],"picked":"Astrolabe"},{"not_picked":["Runic Dome","Lizard Tail"],"picked":"Eternal Feather"}],"items_purged_floors":[8,31,47],"is_endless":false,"potions_floor_spawned":[1,5,10,16,18,28,29,30,33,36,38,46],"ascension_level":3}