{"gold_per_floor":[110,110,123,123,139,139,166,166,166,166,191,191,207,220,220,220],"floor_reached":16,"playtime":1521,"items_purged":[],"score":127,"play_id":"7c8cb8bd-6841-42f2-ab6c-8121d844ee65","local_time":"20181217192710","is_ascension_mode":true,"campfire_choices":[{"data":"Neutralize","floor":6,"key":"SMITH"},{"data":"Cloak And Dagger","floor":8,"key":"SMITH"},{"floor":10,"key":"REST"},{"data":"Calculated Gamble","floor":12,"key":"SMITH"},{"floor":15,"key":"REST"}],"neow_cost":"NONE","seed_source_timestamp":2842215604287484,"circlet_count":0,"master_deck":["Defend_G","Defend_G","Defend_G","Defend_G","Defend_G","Strike_G","Strike_G","Strike_G","Strike_G","Survivor","Neutralize+1","Cloak And Dagger+1","Flying Knee","Riddle With Holes","Calculated Gamble+1","Backflip","Tools of the Trade","Dash","Flechettes","Poisoned Stab"],"relics":["Ring of the Snake","Prayer Wheel","Potion Belt","Sundial","Blue Candle"],"potions_floor_usage":[16,16],"damage_taken":[{"damage":0,"enemies":"Jaw Worm","floor":1,"turns":4},{"damage":0,"enemies":"Cultist","floor":3,"turns":4},{"damage":5,"enemies":"Small Slimes","floor":5,"turns":4},{"damage":39,"enemies":"Lagavulin","floor":7,"turns":11},{"damage":13,"enemies":"3 Sentries","floor":11,"turns":9},{"damage":2,"enemies":"3 Louse","floor":13,"turns":4},{"damage":5,"enemies":"Red Slaver","floor":14,"turns":5},{"damage":63,"enemies":"Slime Boss","floor":16,"turns":10}],"seed_played":"-6166921058790610526","potions_obtained":[{"floor":3,"key":"Ancient Potion"},{"floor":7,"key":"LiquidBronze"},{"floor":11,"key":"Regen Potion"}],"is_trial":false,"path_per_floor":["M","?","M","?","M","R","E","R","T","R","E","R","M","M","R","B"],"character_chosen":"THE_SILENT","items_purchased":[],"campfire_rested":2,"item_purchase_floors":[],"current_hp_per_floor":[70,70,70,70,65,65,26,26,26,47,34,34,32,27,48,0],"gold":220,"neow_bonus":"TRANSFORM_CARD","is_prod":false,"is_daily":false,"chose_seed":false,"campfire_upgraded":3,"win_rate":0,"timestamp":1545096430,"path_taken":["M","?","?","?","M","R","E","R","T","R","E","R","M","M","R","BOSS"],"build_version":"2018-12-13","purchased_purges":0,"victory":false,"max_hp_per_floor":[70,70,70,70,70,70,70,70,70,70,70,70,70,70,70,70],"card_choices":[{"not_picked":["Acrobatics","Skewer"],"picked":"Cloak And Dagger","floor":1},{"not_picked":["Deflect","Bouncing Flask"],"picked":"Riddle With Holes","floor":3},{"not_picked":["Cloak And Dagger","Dagger Throw"],"picked":"Calculated Gamble","floor":5},{"not_picked":["Masterful Stab","Terror"],"picked":"Backflip","floor":5},{"not_picked":["Dodge and Roll","Dagger Throw"],"picked":"Tools of the Trade","floor":7},{"not_picked":["Infinite Blades","Backstab"],"picked":"Dash","floor":11},{"not_picked":["Deadly Poison","Underhanded Strike"],"picked":"Flechettes","floor":13},{"not_picked":["Dagger Throw","Slice","Distraction"],"picked":"SKIP","floor":13},{"not_picked":["Wraith Form v2","Tactician"],"picked":"Poisoned Stab","floor":14},{"not_picked":["Flying Knee","Acrobatics","Dagger Throw"],"picked":"SKIP","floor":14}],"player_experience":216964,"relics_obtained":[{"floor":7,"key":"Potion Belt"},{"floor":9,"key":"Sundial"},{"floor":11,"key":"Blue Candle"}],"event_choices":[{"damage_healed":0,"gold_gain":0,"cards_transformed":["PiercingWail"],"player_choice":"Transformed","damage_taken":0,"max_hp_gain":0,"max_hp_loss":0,"event_name":"Transmorgrifier","floor":2,"gold_loss":0,"cards_obtained":["Flying Knee"]},{"damage_healed":0,"gold_gain":0,"player_choice":"Gave Potion","damage_taken":0,"relics_obtained":["Prayer Wheel"],"max_hp_gain":0,"max_hp_loss":0,"event_name":"WeMeetAgain","floor":4,"gold_loss":0}],"is_beta":false,"boss_relics":[],"items_purged_floors":[],"is_endless":false,"potions_floor_spawned":[3,7,11],"killed_by":"Slime Boss","ascension_level":3}