{"path_per_floor":["M","M","M","M","M","R","M","M","T","M","$","R","M","E","R","B",null,"M","?","M","?","M","R","M","M","T","R","?","T","$","M","R","B",null,"M","?","$","M","M","R","?","$","T","?","R","M","?","M","R"],"character_chosen":"THE_SILENT","items_purchased":["Blur","Caltrops","Backflip","Caltrops","Bird Faced Urn"],"gold_per_floor":[114,133,148,167,184,184,194,211,211,222,71,71,87,116,116,212,212,230,155,175,275,286,286,301,321,348,348,348,348,255,265,265,363,363,376,376,301,317,334,334,388,80,380,380,380,393,393,404,404],"floor_reached":50,"campfire_rested":2,"playtime":8453,"current_hp_per_floor":[70,70,70,70,70,70,61,61,61,56,56,56,52,57,57,24,70,70,70,70,70,45,45,49,54,54,54,54,54,54,40,40,40,70,70,70,70,57,57,57,30,30,30,30,51,39,30,25,46],"items_purged":["Strike_G"],"gold":404,"score":651,"play_id":"aa7445e2-8030-453d-8daf-426ac83256d5","local_time":"20180321040919","is_prod":false,"is_daily":false,"is_ascension_mode":true,"campfire_upgraded":7,"timestamp":1521601759,"path_taken":["M","M","M","M","M","R","M","M","T","M","$","R","M","E","R","BOSS","M","?","M","?","M","R","M","M","T","R","?","?","$","M","R","BOSS","M","?","$","M","M","R","?","$","T","?","R","M","?","M","R","BOSS"],"build_version":"2018-03-15v3","purchased_purges":1,"victory":false,"master_deck":["Survivor","Neutralize+1","Acrobatics+1","Backflip","Escape Plan","Caltrops+1","Blur","Terror","Blur","Deflect","Footwork+1","Venomology","Escape Plan","Dagger Spray","Flying Knee","Dodge and Roll","Crippling Poison","Outmaneuver","Poisoned Stab","Leg Sweep+1","Acrobatics","Dagger Throw","Concentrate","Footwork+1","Caltrops+1","Backflip","Caltrops+1","Venomology","Caltrops+1","Caltrops","Noxious Fumes+1","Escape Plan","Madness","Madness"],"max_hp_per_floor":[70,70,70,70,70,70,70,70,70,70,70,70,70,70,70,70,70,70,70,70,70,70,70,70,70,70,70,70,70,70,70,70,70,70,70,70,70,70,70,70,70,70,70,70,70,70,70,70,70],"relics":["Ring of the Snake","Ginger","Bronze Scales","Pandora\u0027s Box","Snake Skull","Darkstone Periapt","Lizard Tail","Torii","Bird Faced Urn","Old Coin"],"card_choices":[{"not_picked":["Sucker Punch","Accuracy"],"picked":"Acrobatics"},{"not_picked":["Deflect","Slice"],"picked":"Backflip"},{"not_picked":["Cloak And Dagger","Bane"],"picked":"Escape Plan"},{"not_picked":["Backflip","Endless Agony"],"picked":"Caltrops"},{"not_picked":["Acrobatics","Expertise"],"picked":"Blur"},{"not_picked":["Dagger Spray","Underhanded Strike"],"picked":"Terror"},{"not_picked":["Crippling Poison","Tactician"],"picked":"Deflect"},{"not_picked":["Choke","Slice"],"picked":"Footwork"},{"not_picked":["Envenom","A Thousand Cuts"],"picked":"Venomology"},{"not_picked":["Backstab","Outmaneuver"],"picked":"Leg Sweep"},{"not_picked":["Setup","Outmaneuver"],"picked":"Acrobatics"},{"not_picked":["Outmaneuver","All Out Attack"],"picked":"Dagger Throw"},{"not_picked":["Endless Agony","Bouncing Flask"],"picked":"Concentrate"},{"not_picked":["Dodge and Roll","Expertise"],"picked":"Footwork"},{"not_picked":["Terror","Concentrate"],"picked":"Caltrops"},{"not_picked":["Die Die Die","Doppelganger"],"picked":"Venomology"},{"not_picked":["Outmaneuver","Deflect"],"picked":"Caltrops"},{"not_picked":["Calculated Gamble","Sucker Punch"],"picked":"Noxious Fumes"},{"not_picked":["Backflip","Bouncing Flask"],"picked":"Escape Plan"}],"player_experience":178991,"potions_floor_usage":[20,22,22,24,25,25,31,33,35,35,38,39,39,41,41,46,46,46,48,48,50,50,50,50,50],"damage_taken":[{"damage":0.0,"enemies":"Jaw Worm","floor":1.0,"turns":5.0},{"damage":0.0,"enemies":"2 Louse","floor":2.0,"turns":2.0},{"damage":0.0,"enemies":"Cultist","floor":3.0,"turns":5.0},{"damage":0.0,"enemies":"Blue Slaver","floor":4.0,"turns":6.0},{"damage":0.0,"enemies":"Large Slime","floor":5.0,"turns":8.0},{"damage":9.0,"enemies":"Lots of Slimes","floor":7.0,"turns":4.0},{"damage":0.0,"enemies":"Looter","floor":8.0,"turns":4.0},{"damage":5.0,"enemies":"Large Slime","floor":10.0,"turns":9.0},{"damage":4.0,"enemies":"3 Louse","floor":13.0,"turns":5.0},{"damage":10.0,"enemies":"3 Sentries","floor":14.0,"turns":12.0},{"damage":33.0,"enemies":"Slime Boss","floor":16.0,"turns":17.0},{"damage":0,"enemies":"3 Byrds","floor":18,"turns":1},{"damage":0,"enemies":"Shell Parasite","floor":20,"turns":6},{"damage":25,"enemies":"Cultist and Chosen","floor":22,"turns":8},{"damage":11,"enemies":"Sentry and Sphere","floor":24,"turns":10},{"damage":10,"enemies":"Centurion and Healer","floor":25,"turns":15},{"damage":26,"enemies":"Snake Plant","floor":31,"turns":4},{"damage":0,"enemies":"Automaton","floor":33,"turns":15},{"damage":5,"enemies":"3 Shapes","floor":35,"turns":8},{"damage":13,"enemies":"3 Darklings","floor":38,"turns":6},{"damage":0,"enemies":"Maw","floor":39,"turns":9},{"damage":27,"enemies":"Mysterious Sphere","floor":41,"turns":8},{"damage":67,"enemies":"4 Shapes","floor":46,"turns":16},{"damage":21,"enemies":"3 Darklings","floor":48,"turns":6},{"damage":70,"enemies":"Awakened One","floor":50,"turns":17}],"event_choices":[{"event_name":"Beggar","player_choice":"Gave Gold","floor":19,"damage_taken":0},{"event_name":"Golden Shrine","player_choice":"Pray","floor":21,"damage_taken":0},{"event_name":"The Lab","player_choice":"Got Potions","floor":28,"damage_taken":0},{"event_name":"Tomb of Lord Red Mask","player_choice":"Ignored","floor":36,"damage_taken":0},{"event_name":"Mysterious Sphere","player_choice":"Fight","floor":41,"damage_taken":0},{"event_name":"Winding Halls","player_choice":"Embrace Madness","floor":47,"damage_taken":0}],"boss_relics":[{"not_picked":["Tiny House","Philosopher\u0027s Stone"],"picked":"Pandora\u0027s Box"},{"not_picked":["Snecko Eye","Runic Dome"],"picked":"Lizard Tail"}],"potions_floor_spawned":[3,5,8,13,16,22,24,25,33,39,41,46,48],"seed_played":"-8671412597755127912","killed_by":"Awakened One","ascension_level":4,"is_trial":false}