{"gold_per_floor":[117,67,67,88,88,126,126,167,191,266,284,297,297,310,310,441,441,455,476,601,601,355,388,44,44,44,44,78,78,114,39,39,39],"floor_reached":33,"playtime":858,"items_purged":[],"score":518,"play_id":"8cdacd57-af9d-47c1-b265-18b11ec3b617","local_time":"20190113224928","is_ascension_mode":true,"campfire_choices":[{"data":"All Out Attack","floor":7,"key":"SMITH"},{"floor":13,"key":"REST"},{"data":"Terror","floor":15,"key":"SMITH"},{"data":"Backflip","floor":25,"key":"SMITH"},{"floor":27,"key":"REST"},{"floor":29,"key":"REST"},{"data":"Defend_G","floor":32,"key":"SMITH"}],"neow_cost":"NONE","seed_source_timestamp":1661207884721443,"circlet_count":0,"master_deck":["Defend_G","Defend_G+1","Defend_G+1","Strike_G","Strike_G","Strike_G+1","Survivor","Neutralize","Dagger Spray","Backstab","All Out Attack+1","Terror+1","Quick Slash","Adrenaline+1","All Out Attack+1","Slice+1","Flying Knee","Backflip+1"],"relics":["Ring of the Snake","NeowsBlessing","Golden Idol","Juzu Bracelet","Potion Belt","Pen Nib","Empty Cage","Ginger","Dodecahedron","Pantograph","Torii","Gambling Chip","Sundial","Meat on the Bone","Calipers"],"potions_floor_usage":[8,20,23,23],"damage_taken":[{"damage":0,"enemies":"Small Slimes","floor":1,"turns":1},{"damage":0,"enemies":"2 Louse","floor":4,"turns":1},{"damage":0,"enemies":"Gremlin Nob","floor":6,"turns":1},{"damage":8,"enemies":"3 Sentries","floor":8,"turns":5},{"damage":0,"enemies":"Cultist","floor":11,"turns":2},{"damage":5,"enemies":"Large Slime","floor":12,"turns":3},{"damage":0,"enemies":"2 Fungi Beasts","floor":14,"turns":2},{"damage":36,"enemies":"The Guardian","floor":16,"turns":10},{"damage":0,"enemies":"3 Byrds","floor":18,"turns":3},{"damage":0,"enemies":"Chosen","floor":19,"turns":3},{"damage":0,"enemies":"Colosseum Slavers","floor":20,"turns":1},{"damage":12,"enemies":"Colosseum Nobs","floor":20,"turns":3},{"damage":0,"enemies":"Gremlin Leader","floor":23,"turns":3},{"damage":21,"enemies":"Book of Stabbing","floor":28,"turns":3},{"damage":0,"enemies":"Gremlin Leader","floor":30,"turns":3},{"damage":66,"enemies":"Champ","floor":33,"turns":7}],"seed_played":"-770403952276777914","potions_obtained":[{"floor":4,"key":"Block Potion"},{"floor":6,"key":"EssenceOfSteel"},{"floor":8,"key":"GamblersBrew"},{"floor":18,"key":"Energy Potion"},{"floor":20,"key":"AttackPotion"},{"floor":30,"key":"Ancient Potion"}],"is_trial":false,"path_per_floor":["M","?","?","M","?","E","R","E","T","?","M","M","R","M","R","B",null,"M","M","?","?","$","E","$","R","T","R","E","R","E","?","R","B"],"character_chosen":"THE_SILENT","items_purchased":["Pantograph","Gambling Chip","Backflip"],"campfire_rested":3,"item_purchase_floors":[22,24,24],"current_hp_per_floor":[63,63,63,63,50,50,50,42,42,31,31,26,45,45,45,9,51,51,51,39,39,39,39,39,39,39,58,37,56,56,56,56,0],"gold":39,"neow_bonus":"THREE_ENEMY_KILL","is_prod":false,"is_daily":false,"chose_seed":false,"campfire_upgraded":4,"win_rate":0,"timestamp":1547419768,"path_taken":["M","?","?","M","?","E","R","E","T","?","M","M","R","M","R","BOSS","M","M","?","?","$","E","$","R","T","R","E","R","E","?","R","BOSS"],"build_version":"2019-01-10","purchased_purges":0,"victory":false,"max_hp_per_floor":[70,70,65,65,65,65,65,65,65,65,65,65,65,65,65,65,65,65,65,65,65,65,65,65,65,65,65,65,65,65,65,65,65],"card_choices":[{"not_picked":["Dodge and Roll","Heel Hook"],"picked":"Dagger Spray","floor":1},{"not_picked":["PiercingWail","Dodge and Roll"],"picked":"Backstab","floor":4},{"not_picked":["Dagger Spray","Poisoned Stab"],"picked":"All Out Attack","floor":6},{"not_picked":["Outmaneuver","Storm of Steel","Bullet Time"],"picked":"SKIP","floor":8},{"not_picked":["Poisoned Stab","Blade Dance"],"picked":"Terror","floor":11},{"not_picked":["Outmaneuver","Blade Dance"],"picked":"Quick Slash","floor":12},{"not_picked":["Noxious Fumes","Deadly Poison","Outmaneuver"],"picked":"SKIP","floor":14},{"not_picked":["Glass Knife","Doppelganger"],"picked":"Adrenaline","floor":16},{"not_picked":["Flying Knee","Blur"],"picked":"All Out Attack+1","floor":18},{"not_picked":["Endless Agony","Dagger Spray"],"picked":"Slice+1","floor":19},{"not_picked":["Flechettes+1","Bane"],"picked":"Flying Knee","floor":20},{"not_picked":["Outmaneuver","Blade Dance","Slice"],"picked":"SKIP","floor":23},{"not_picked":["Terror","Riddle With Holes","Escape Plan"],"picked":"SKIP","floor":28},{"not_picked":["Bane","Calculated Gamble","Flechettes"],"picked":"SKIP","floor":30}],"player_experience":267941,"relics_obtained":[{"floor":6,"key":"Juzu Bracelet"},{"floor":8,"key":"Potion Belt"},{"floor":9,"key":"Pen Nib"},{"floor":20,"key":"Ginger"},{"floor":20,"key":"Dodecahedron"},{"floor":23,"key":"Torii"},{"floor":26,"key":"Sundial"},{"floor":28,"key":"Meat on the Bone"},{"floor":30,"key":"Calipers"}],"event_choices":[{"cards_removed":["Defend_G"],"damage_healed":0,"gold_gain":0,"player_choice":"Card Removal","damage_taken":0,"max_hp_gain":0,"max_hp_loss":0,"event_name":"The Cleric","floor":2,"gold_loss":50},{"damage_healed":0,"gold_gain":0,"player_choice":"Lose Max HP","damage_taken":0,"relics_obtained":["Golden Idol"],"max_hp_gain":0,"max_hp_loss":5,"event_name":"Golden Idol","floor":3,"gold_loss":0},{"damage_healed":0,"gold_gain":0,"player_choice":"Entered Light","damage_taken":13,"max_hp_gain":0,"max_hp_loss":0,"event_name":"Shining Light","floor":5,"gold_loss":0,"cards_upgraded":["Defend_G","Strike_G"]},{"damage_healed":0,"gold_gain":75,"player_choice":"Gather Gold","damage_taken":11,"max_hp_gain":0,"max_hp_loss":0,"event_name":"World of Goop","floor":10,"gold_loss":0},{"damage_healed":0,"gold_gain":0,"player_choice":"Fight","damage_taken":0,"max_hp_gain":0,"max_hp_loss":0,"event_name":"Colosseum","floor":20,"gold_loss":0},{"damage_healed":0,"gold_gain":0,"player_choice":"Fought Nobs","damage_taken":0,"max_hp_gain":0,"max_hp_loss":0,"event_name":"Colosseum","floor":20,"gold_loss":0},{"damage_healed":0,"gold_gain":0,"player_choice":"Upgraded","damage_taken":0,"max_hp_gain":0,"max_hp_loss":0,"event_name":"Upgrade Shrine","floor":21,"gold_loss":0,"cards_upgraded":["Adrenaline"]},{"cards_removed":["Defend_G"],"damage_healed":0,"gold_gain":0,"player_choice":"Gave Gold","damage_taken":0,"max_hp_gain":0,"max_hp_loss":0,"event_name":"Beggar","floor":31,"gold_loss":75}],"is_beta":false,"boss_relics":[{"not_picked":["Tiny House","Runic Pyramid"],"picked":"Empty Cage"}],"items_purged_floors":[],"is_endless":false,"potions_floor_spawned":[4,6,8,18,20,20,30],"killed_by":"Champ","ascension_level":7}