{"gold_per_floor":[111,10,56,56,56,56,56,72,152,171,184,184,194,219,219,320,320,333,350,46,46,46,46,57,57,112,124,124,136,154,174,174,279,279,298,298,298,298,317,328,328,102,128,28,28,38,38,53,53,53],"floor_reached":51,"playtime":1543,"items_purged":["Strike_B","Strike_B"],"score":699,"play_id":"c36c968a-e1bd-4af1-a77e-6b175e7751bb","local_time":"20190427122622","is_ascension_mode":false,"campfire_choices":[{"data":"Leap","floor":6,"key":"SMITH"},{"data":"Conserve Battery","floor":12,"key":"SMITH"},{"data":"Beam Cell","floor":15,"key":"SMITH"},{"data":"Zap","floor":23,"key":"SMITH"},{"data":"Steam","floor":25,"key":"SMITH"},{"data":"J.A.X.","floor":32,"key":"SMITH"},{"data":"Defend_B","floor":41,"key":"SMITH"},{"data":"Beam Cell","floor":45,"key":"SMITH"},{"floor":49,"key":"REST"}],"neow_cost":"NONE","seed_source_timestamp":3453571351546428,"circlet_count":0,"master_deck":["Strike_B","Defend_B","Defend_B","Defend_B","Defend_B+1","Zap+1","Dualcast","Sweeping Beam+1","Steam+1","Leap+1","Conserve Battery+1","Coolheaded","Compile Driver","Streamline","Beam Cell+1","Turbo+1","Cold Snap","Sweeping Beam+1","Beam Cell+1","J.A.X.+1","Steam+1","Barrage+1","Hologram+1","Coolheaded+1","Steam+1","Coolheaded+1"],"relics":["Cracked Core","Oddly Smooth Stone","Shuriken","Unceasing Top","Sozu","Strawberry","Potion Belt","Orichalcum","Tiny Chest","Philosopher\u0027s Stone","Meat on the Bone","Bronze Scales","DataDisk"],"potions_floor_usage":[16,50,50],"damage_taken":[{"damage":6,"enemies":"Cultist","floor":1,"turns":3},{"damage":0,"enemies":"Small Slimes","floor":8,"turns":2},{"damage":0,"enemies":"2 Louse","floor":10,"turns":2},{"damage":3,"enemies":"Lots of Slimes","floor":11,"turns":4},{"damage":0,"enemies":"Exordium Thugs","floor":13,"turns":4},{"damage":14,"enemies":"Gremlin Nob","floor":14,"turns":4},{"damage":7,"enemies":"Hexaghost","floor":16,"turns":8},{"damage":0,"enemies":"Shell Parasite","floor":18,"turns":5},{"damage":2,"enemies":"3 Byrds","floor":19,"turns":4},{"damage":5,"enemies":"Centurion and Healer","floor":24,"turns":6},{"damage":7,"enemies":"Snecko","floor":27,"turns":5},{"damage":10,"enemies":"Cultist and Chosen","floor":29,"turns":5},{"damage":3,"enemies":"Shelled Parasite and Fungi","floor":30,"turns":3},{"damage":3,"enemies":"Sentry and Sphere","floor":31,"turns":3},{"damage":30,"enemies":"Collector","floor":33,"turns":5},{"damage":6,"enemies":"3 Darklings","floor":35,"turns":3},{"damage":16,"enemies":"3 Shapes","floor":39,"turns":3},{"damage":3,"enemies":"3 Darklings","floor":40,"turns":3},{"damage":3,"enemies":"Jaw Worm Horde","floor":46,"turns":3},{"damage":6,"enemies":"Transient","floor":48,"turns":5},{"damage":17,"enemies":"Donu and Deca","floor":50,"turns":7}],"seed_played":"-1541769430859989081","potions_obtained":[{"floor":1,"key":"Weak Potion"},{"floor":8,"key":"GamblersBrew"}],"is_trial":false,"path_per_floor":["M","$","T","?","?","R","$","M","T","M","M","R","M","E","R","B",null,"M","M","$","?","$","R","M","R","T","M","?","M","M","M","R","B",null,"M","?","T","?","M","M","R","$","T","$","R","M","$","M","R","B",null],"character_chosen":"DEFECT","items_purchased":["Leap","PowerPotion","Strawberry","Potion Belt","Bronze Scales"],"campfire_rested":1,"item_purchase_floors":[2,2,20,20,42],"current_hp_per_floor":[69,69,69,69,69,69,69,69,69,69,66,66,66,52,52,45,75,75,73,80,80,80,80,75,75,75,68,68,58,55,52,52,22,82,76,76,76,76,60,57,57,57,57,57,57,54,54,48,71,54],"gold":53,"neow_bonus":"THREE_CARDS","is_prod":false,"is_daily":false,"chose_seed":false,"campfire_upgraded":8,"win_rate":0,"timestamp":1556364382,"path_taken":["M","$","?","?","?","R","$","?","T","M","M","R","M","E","R","BOSS","M","M","$","?","$","R","M","R","T","M","?","?","M","M","R","BOSS","M","?","?","?","M","M","R","$","T","?","R","M","$","M","R","BOSS"],"build_version":"2019-01-23","purchased_purges":2,"victory":true,"max_hp_per_floor":[75,75,75,75,75,75,75,75,75,75,75,75,75,75,75,75,75,75,75,82,82,82,82,82,82,82,82,82,82,82,82,82,82,82,82,82,82,78,78,78,78,78,78,78,78,78,78,78,78,78],"card_choices":[{"not_picked":["Leap","Beam Cell"],"picked":"Sweeping Beam","floor":0},{"not_picked":["Doom and Gloom","BootSequence"],"picked":"Steam","floor":1},{"not_picked":["Sweeping Beam","Beam Cell"],"picked":"Conserve Battery","floor":8},{"not_picked":["Aggregate","Turbo"],"picked":"Coolheaded","floor":10},{"not_picked":["Loop","Steam Power"],"picked":"Compile Driver","floor":11},{"not_picked":["Ball Lightning","Fusion"],"picked":"Streamline","floor":13},{"not_picked":["Barrage","Turbo"],"picked":"Beam Cell","floor":14},{"not_picked":["Coolheaded","Sweeping Beam"],"picked":"Turbo+1","floor":18},{"not_picked":["Coolheaded","Stack+1"],"picked":"Cold Snap","floor":19},{"not_picked":["Rebound","Turbo"],"picked":"Sweeping Beam+1","floor":24},{"not_picked":["All For One","Turbo"],"picked":"Beam Cell","floor":27},{"not_picked":["Chaos","Scrape","Beam Cell"],"picked":"SKIP","floor":29},{"not_picked":["Rebound","Compile Driver"],"picked":"Steam+1","floor":30},{"not_picked":["Creative AI","Compile Driver+1"],"picked":"Barrage+1","floor":31},{"not_picked":["Reinforced Body","Steam+1"],"picked":"Hologram+1","floor":35},{"not_picked":["Ball Lightning+1","Storm+1"],"picked":"Coolheaded+1","floor":39},{"not_picked":["Rebound+1","Defragment"],"picked":"Steam+1","floor":40},{"not_picked":["Glacier","Conserve Battery","Beam Cell"],"picked":"SKIP","floor":46},{"not_picked":["Buffer","Reinforced Body+1"],"picked":"Coolheaded+1","floor":48}],"player_experience":692230,"relics_obtained":[{"floor":3,"key":"Oddly Smooth Stone"},{"floor":9,"key":"Shuriken"},{"floor":14,"key":"Unceasing Top"},{"floor":26,"key":"Tiny Chest"},{"floor":37,"key":"Meat on the Bone"},{"floor":43,"key":"DataDisk"}],"event_choices":[{"damage_healed":0,"gold_gain":0,"player_choice":"Grow","damage_taken":0,"max_hp_gain":0,"max_hp_loss":0,"event_name":"Living Wall","floor":4,"gold_loss":0,"cards_upgraded":["Sweeping Beam"]},{"cards_removed":["Strike_B"],"damage_healed":0,"gold_gain":0,"player_choice":"Purged","damage_taken":0,"max_hp_gain":0,"max_hp_loss":0,"event_name":"Purifier","floor":5,"gold_loss":0},{"damage_healed":0,"gold_gain":0,"player_choice":"Opened","damage_taken":0,"relics_obtained":["Orichalcum"],"max_hp_gain":0,"max_hp_loss":0,"event_name":"The Mausoleum","floor":21,"gold_loss":0},{"damage_healed":0,"gold_gain":0,"player_choice":"Obtain J.A.X.","damage_taken":0,"max_hp_gain":0,"max_hp_loss":0,"event_name":"Drug Dealer","floor":28,"gold_loss":0,"cards_obtained":["J.A.X."]},{"damage_healed":0,"gold_gain":0,"player_choice":"Ignored","damage_taken":0,"max_hp_gain":0,"max_hp_loss":0,"event_name":"Tomb of Lord Red Mask","floor":36,"gold_loss":0},{"damage_healed":0,"gold_gain":0,"player_choice":"Max HP","damage_taken":0,"max_hp_gain":0,"max_hp_loss":4,"event_name":"Winding Halls","floor":38,"gold_loss":0}],"is_beta":false,"boss_relics":[{"not_picked":["Busted Crown","Pandora\u0027s Box"],"picked":"Sozu"},{"not_picked":["Eternal Feather","Snecko Eye"],"picked":"Philosopher\u0027s Stone"}],"items_purged_floors":[42,44],"is_endless":false,"potions_floor_spawned":[1,8,24,31,33,48],"ascension_level":0}