{"gold_per_floor":[19,30,30,43,43,43,53,53,133,167,142,142,142,16,16,113,113,126,126,126,138,154,154,154,154,154,154,169,200,213,224,224,319,319,329,342,352,362,374,374,390,390,415,415,315,330,343,118,118,118],"floor_reached":51,"playtime":4974,"items_purged":["Strike_R","Strike_R","Strike_R"],"score":982,"play_id":"65aa7a2c-c25c-4a2b-85b0-bb7b7b58e949","local_time":"20190115151841","is_ascension_mode":true,"campfire_choices":[{"floor":6,"key":"DIG"},{"floor":8,"key":"DIG"},{"floor":13,"key":"DIG"},{"floor":15,"key":"DIG"},{"floor":23,"key":"REST"},{"floor":25,"key":"REST"},{"data":"1","floor":27,"key":"LIFT"},{"floor":32,"key":"REST"},{"floor":40,"key":"REST"},{"data":"2","floor":44,"key":"LIFT"},{"data":"3","floor":49,"key":"LIFT"}],"neow_cost":"NO_GOLD","seed_source_timestamp":1802830597271145,"circlet_count":0,"master_deck":["AscendersBane","Strike_R","Strike_R","Defend_R","Defend_R","Defend_R","Defend_R+1","Shrug It Off+1","Anger","Rampage","True Grit","J.A.X.","True Grit+1","Anger+1","Sentinel+1","Intimidate+1","Clash+1","Anger+1","Body Slam+1"],"relics":["Burning Blood","Shovel","Ginger","PreservedInsect","Bird Faced Urn","Dodecahedron","Bag of Marbles","Unceasing Top","Kunai","Girya","Fusion Hammer","StoneCalendar","Bottled Lightning","Runic Dome","Potion Belt"],"potions_floor_usage":[16,20,31,37,47,50,50,50,50],"damage_taken":[{"damage":1,"enemies":"Cultist","floor":1,"turns":3},{"damage":8,"enemies":"2 Louse","floor":2,"turns":3},{"damage":7,"enemies":"Small Slimes","floor":4,"turns":4},{"damage":0,"enemies":"Blue Slaver","floor":7,"turns":4},{"damage":24,"enemies":"3 Sentries","floor":10,"turns":8},{"damage":37,"enemies":"Hexaghost","floor":16,"turns":10},{"damage":17,"enemies":"Chosen","floor":18,"turns":4},{"damage":25,"enemies":"Colosseum Slavers","floor":20,"turns":5},{"damage":5,"enemies":"3 Byrds","floor":21,"turns":7},{"damage":39,"enemies":"Sentry and Sphere","floor":22,"turns":8},{"damage":8,"enemies":"Shelled Parasite and Fungi","floor":28,"turns":7},{"damage":23,"enemies":"Slavers","floor":29,"turns":5},{"damage":10,"enemies":"Centurion and Healer","floor":30,"turns":5},{"damage":3,"enemies":"Cultist and Chosen","floor":31,"turns":5},{"damage":33,"enemies":"Automaton","floor":33,"turns":7},{"damage":3,"enemies":"Orb Walker","floor":35,"turns":3},{"damage":4,"enemies":"3 Darklings","floor":36,"turns":4},{"damage":15,"enemies":"Sphere and 2 Shapes","floor":37,"turns":4},{"damage":27,"enemies":"Spire Growth","floor":38,"turns":4},{"damage":16,"enemies":"Maw","floor":39,"turns":5},{"damage":3,"enemies":"Transient","floor":41,"turns":5},{"damage":3,"enemies":"3 Darklings","floor":46,"turns":3},{"damage":3,"enemies":"Jaw Worm Horde","floor":47,"turns":3},{"damage":47,"enemies":"Time Eater","floor":50,"turns":6}],"seed_played":"-1495912956269320215","potions_obtained":[{"floor":1,"key":"LiquidBronze"},{"floor":18,"key":"BloodPotion"},{"floor":29,"key":"GamblersBrew"},{"floor":31,"key":"Ancient Potion"},{"floor":37,"key":"Fire Potion"},{"floor":39,"key":"BloodPotion"},{"floor":41,"key":"SpeedPotion"},{"floor":47,"key":"Weak Potion"}],"is_trial":false,"path_per_floor":["M","M","T","M","?","R","M","R","T","E","?","T","R","$","R","B",null,"M","?","?","M","M","R","?","R","T","R","M","E","M","M","R","B",null,"M","M","M","M","M","R","M","?","T","R","$","M","M","$","R","B",null],"character_chosen":"IRONCLAD","items_purchased":["True Grit","Energy Potion","PowerPotion"],"campfire_rested":4,"item_purchase_floors":[14,48,48],"current_hp_per_floor":[77,75,75,74,58,58,64,64,64,46,46,46,46,46,46,15,64,53,53,42,43,10,34,19,44,44,44,42,25,21,24,49,22,69,72,74,65,44,34,59,62,62,62,62,62,65,76,76,76,37],"gold":118,"neow_bonus":"ONE_RARE_RELIC","is_prod":false,"is_daily":false,"chose_seed":false,"campfire_upgraded":0,"win_rate":0,"timestamp":1547565521,"path_taken":["M","M","?","?","?","R","M","R","T","E","?","?","R","?","R","BOSS","M","?","?","M","M","R","?","R","T","R","M","E","M","M","R","BOSS","M","M","M","M","M","R","M","?","T","R","?","M","?","$","R","BOSS"],"build_version":"2019-01-10","purchased_purges":3,"victory":true,"max_hp_per_floor":[80,80,80,80,80,80,80,80,80,80,80,80,80,80,80,80,80,80,80,80,80,80,80,85,85,85,85,85,85,85,85,85,85,85,85,85,85,85,85,85,85,85,85,85,85,85,85,85,85,85],"card_choices":[{"not_picked":["Carnage","Ghostly Armor"],"picked":"Shrug It Off","floor":1},{"not_picked":["Warcry","Flex","Clothesline"],"picked":"SKIP","floor":2},{"not_picked":["Pommel Strike","Clothesline"],"picked":"Anger","floor":4},{"not_picked":["Anger","Twin Strike"],"picked":"Rampage","floor":7},{"not_picked":["Seeing Red","Flex","Thunderclap"],"picked":"SKIP","floor":10},{"not_picked":["Pommel Strike+1","Armaments","True Grit"],"picked":"SKIP","floor":18},{"not_picked":["Pommel Strike+1","Armaments","True Grit"],"picked":"SKIP","floor":18},{"not_picked":["Havoc","Shrug It Off"],"picked":"True Grit+1","floor":21},{"not_picked":["Wild Strike","Twin Strike+1","Immolate"],"picked":"SKIP","floor":22},{"not_picked":["Armaments","Sword Boomerang"],"picked":"Anger+1","floor":28},{"not_picked":["Sword Boomerang","Armaments"],"picked":"Sentinel+1","floor":29},{"not_picked":["Warcry","Shockwave"],"picked":"Intimidate+1","floor":30},{"not_picked":["Shrug It Off","Pommel Strike"],"picked":"Clash+1","floor":31},{"not_picked":["Heavy Blade","Inflame","Searing Blow+1"],"picked":"SKIP","floor":35},{"not_picked":["Ghostly Armor+1","Heavy Blade+1"],"picked":"Anger+1","floor":36},{"not_picked":["Clothesline","Metallicize+1"],"picked":"Body Slam+1","floor":37},{"not_picked":["Perfected Strike+1","Flex","Entrench+1"],"picked":"SKIP","floor":38},{"not_picked":["Limit Break","Cleave","Clothesline+1"],"picked":"SKIP","floor":39},{"not_picked":["Evolve","Spot Weakness","Shockwave"],"picked":"SKIP","floor":41},{"not_picked":["Ghostly Armor+1","Second Wind","Cleave+1"],"picked":"SKIP","floor":46},{"not_picked":["Iron Wave+1","Wild Strike+1","Twin Strike+1"],"picked":"SKIP","floor":47}],"player_experience":320790,"relics_obtained":[{"floor":3,"key":"Ginger"},{"floor":6,"key":"PreservedInsect"},{"floor":8,"key":"Bird Faced Urn"},{"floor":9,"key":"Dodecahedron"},{"floor":10,"key":"Bag of Marbles"},{"floor":12,"key":"Unceasing Top"},{"floor":13,"key":"Kunai"},{"floor":15,"key":"Girya"},{"floor":26,"key":"StoneCalendar"},{"floor":29,"key":"Bottled Lightning"},{"floor":43,"key":"Potion Belt"}],"event_choices":[{"damage_healed":0,"gold_gain":0,"player_choice":"Entered Light","damage_taken":16,"max_hp_gain":0,"max_hp_loss":0,"event_name":"Shining Light","floor":5,"gold_loss":0,"cards_upgraded":["Shrug It Off","Defend_R"]},{"damage_healed":0,"gold_gain":0,"player_choice":"Left Gold","damage_taken":0,"max_hp_gain":0,"max_hp_loss":0,"event_name":"World of Goop","floor":11,"gold_loss":25},{"damage_healed":0,"gold_gain":0,"player_choice":"Obtain J.A.X.","damage_taken":0,"max_hp_gain":0,"max_hp_loss":0,"event_name":"Drug Dealer","floor":19,"gold_loss":0,"cards_obtained":["J.A.X."]},{"damage_healed":0,"gold_gain":0,"player_choice":"Fight","damage_taken":0,"max_hp_gain":0,"max_hp_loss":0,"event_name":"Colosseum","floor":20,"gold_loss":0},{"damage_healed":0,"gold_gain":0,"player_choice":"Fled From Nobs","damage_taken":0,"max_hp_gain":0,"max_hp_loss":0,"event_name":"Colosseum","floor":20,"gold_loss":0},{"damage_healed":0,"gold_gain":0,"player_choice":"Shed Blood","damage_taken":20,"max_hp_gain":5,"max_hp_loss":0,"event_name":"Forgotten Altar","floor":24,"gold_loss":0},{"cards_removed":["Bash"],"damage_healed":0,"gold_gain":0,"player_choice":"Removed Attack","damage_taken":0,"max_hp_gain":0,"max_hp_loss":0,"event_name":"Falling","floor":42,"gold_loss":0}],"is_beta":false,"boss_relics":[{"not_picked":["Tiny House","Ectoplasm"],"picked":"Fusion Hammer"},{"not_picked":["Philosopher\u0027s Stone","Lizard Tail"],"picked":"Runic Dome"}],"items_purged_floors":[14,45,48],"is_endless":false,"potions_floor_spawned":[1,18,20,29,31,37,39,41,47],"ascension_level":10}