{"gold_per_floor":[113,113,131,131,96,125,125,135,135,120,145,158,158,173,173,273,273,293,293,3,14,14,14,48,48,48,68,102,102,102],"floor_reached":30,"playtime":2603,"items_purged":[],"score":428,"play_id":"77a8da01-88c4-4d49-908c-89bfb4a6c809","local_time":"20190426234743","is_ascension_mode":true,"campfire_choices":[{"data":"Conserve Battery","floor":7.0,"key":"SMITH"},{"floor":13.0,"key":"REST"},{"floor":15.0,"key":"REST"},{"data":"Dualcast","floor":23,"key":"SMITH"},{"floor":25,"key":"REST"}],"neow_cost":"NONE","seed_source_timestamp":0,"circlet_count":0,"master_deck":["Strike_B","Strike_B","Strike_B","Strike_B","Defend_B","Defend_B","Defend_B","Defend_B","Zap+1","Dualcast+1","Conserve Battery+1","Steam Power+1","Reboot+1","Rebound","Ball Lightning","Seek+1","Steam+1","White Noise+1","Hologram+1","Coolheaded+1","Sweeping Beam+1","Meteor Strike","Glacier+1"],"special_seed":0,"relics":["Cracked Core","Orichalcum","Pear","Toxic Egg 2","Orrery","StoneCalendar","Blue Candle","Bag of Preparation","Gambling Chip"],"potions_floor_usage":[24,28,28],"damage_taken":[{"damage":8.0,"enemies":"2 Louse","floor":1.0,"turns":2.0},{"damage":4.0,"enemies":"Small Slimes","floor":3.0,"turns":3.0},{"damage":39.0,"enemies":"3 Sentries","floor":6.0,"turns":9.0},{"damage":7.0,"enemies":"Jaw Worm","floor":8.0,"turns":3.0},{"damage":8.0,"enemies":"Exordium Thugs","floor":10.0,"turns":5.0},{"damage":33.0,"enemies":"Gremlin Nob","floor":11.0,"turns":6.0},{"damage":5.0,"enemies":"2 Fungi Beasts","floor":12.0,"turns":4.0},{"damage":5.0,"enemies":"Gremlin Gang","floor":14.0,"turns":3.0},{"damage":23.0,"enemies":"Slime Boss","floor":16.0,"turns":7.0},{"damage":7,"enemies":"Shell Parasite","floor":18,"turns":9},{"damage":10,"enemies":"3 Byrds","floor":21,"turns":4},{"damage":16,"enemies":"Gremlin Leader","floor":24,"turns":6},{"damage":28,"enemies":"Shelled Parasite and Fungi","floor":27,"turns":6},{"damage":24,"enemies":"Book of Stabbing","floor":28,"turns":5},{"damage":26,"enemies":"3 Cultists","floor":30,"turns":4}],"seed_played":"-546332889726154756","potions_obtained":[{"floor":0.0,"key":"Weak Potion"},{"floor":0.0,"key":"Fruit Juice"},{"floor":0.0,"key":"Swift Potion"},{"floor":6.0,"key":"Regen Potion"},{"floor":10.0,"key":"Poison Potion"},{"floor":14.0,"key":"Poison Potion"},{"floor":16.0,"key":"Poison Potion"},{"floor":18,"key":"Weak Potion"},{"floor":21,"key":"Ancient Potion"},{"floor":27,"key":"SteroidPotion"},{"floor":29,"key":"EssenceOfSteel"},{"floor":29,"key":"Energy Potion"},{"floor":29,"key":"SpeedPotion"}],"is_trial":false,"path_per_floor":["M","?","M","?","?","E","R","M","T","M","E","M","R","M","R","B",null,"M","?","$","M","$","R","E","R","T","M","E","?","M"],"character_chosen":"DEFECT","items_purchased":["StoneCalendar"],"campfire_rested":3,"item_purchase_floors":[20],"current_hp_per_floor":[60,60,56,49,67,43,43,36,36,28,9,4,31,26,53,30,75,68,68,68,58,58,58,42,69,69,41,17,17,0],"gold":102,"neow_bonus":"THREE_SMALL_POTIONS","is_prod":false,"is_daily":false,"chose_seed":false,"campfire_upgraded":2,"win_rate":0,"timestamp":1556340463,"path_taken":["M","?","M","?","?","E","R","M","T","M","E","M","R","M","R","BOSS","M","?","?","M","$","R","E","R","T","M","E","?","?"],"build_version":"2019-01-23","purchased_purges":0,"victory":false,"max_hp_per_floor":[75,75,75,75,75,90,90,90,90,90,90,90,90,90,90,90,90,90,90,90,90,90,90,90,90,90,90,90,90,90],"card_choices":[{"not_picked":["Redo","Reprogram","Loop"],"picked":"SKIP","floor":1.0},{"not_picked":["Hello World","Static Discharge","Recycle"],"picked":"SKIP","floor":3.0},{"not_picked":["Hologram","Gash"],"picked":"Conserve Battery","floor":6.0},{"not_picked":["Coolheaded","Leap","Double Energy"],"picked":"SKIP","floor":8.0},{"not_picked":["Conserve Battery+1","Blizzard"],"picked":"Steam Power+1","floor":10.0},{"not_picked":["Machine Learning","Self Repair"],"picked":"Reboot+1","floor":11.0},{"not_picked":["Barrage","Conserve Battery+1"],"picked":"Rebound","floor":12.0},{"not_picked":["Go for the Eyes","Conserve Battery+1"],"picked":"Ball Lightning","floor":14.0},{"not_picked":["All For One","Buffer"],"picked":"Seek+1","floor":16.0},{"not_picked":["Cold Snap","Stack+1"],"picked":"Steam+1","floor":17},{"not_picked":["Go for the Eyes","Redo+1"],"picked":"White Noise+1","floor":17},{"not_picked":["Doom and Gloom","Ball Lightning"],"picked":"Hologram+1","floor":17},{"not_picked":["Sweeping Beam","Scrape"],"picked":"Coolheaded+1","floor":17},{"not_picked":["Recycle+1","Ball Lightning"],"picked":"Sweeping Beam+1","floor":18},{"not_picked":["Compile Driver","Self Repair","Tempest+1"],"picked":"SKIP","floor":21},{"not_picked":["Hyperbeam","Leap+1","Cold Snap"],"picked":"SKIP","floor":24},{"not_picked":["Chaos+1","Rip and Tear+1","Consume+1"],"picked":"SKIP","floor":27},{"not_picked":["Steam+1","Coolheaded+1"],"picked":"Glacier+1","floor":28}],"player_experience":649805,"relics_obtained":[{"floor":6.0,"key":"Pear"},{"floor":9.0,"key":"Toxic Egg 2"},{"floor":24,"key":"Blue Candle"},{"floor":26,"key":"Bag of Preparation"},{"floor":28,"key":"Gambling Chip"}],"event_choices":[{"damage_healed":0.0,"max_hp_gain":0.0,"max_hp_loss":0.0,"gold_gain":0.0,"event_name":"Living Wall","player_choice":"Grow","floor":2.0,"gold_loss":0.0,"damage_taken":0.0,"cards_upgraded":["Zap"]},{"damage_healed":0.0,"max_hp_gain":0.0,"max_hp_loss":0.0,"gold_gain":0.0,"event_name":"Scrap Ooze","player_choice":"Success","floor":4.0,"gold_loss":0.0,"damage_taken":7.0,"relics_obtained":["Orichalcum"]},{"damage_healed":18.0,"max_hp_gain":0.0,"max_hp_loss":0.0,"gold_gain":0.0,"event_name":"The Cleric","player_choice":"Healed","floor":5.0,"gold_loss":35.0,"damage_taken":0.0},{"damage_healed":0,"gold_gain":0,"player_choice":"1 cards matched","damage_taken":0,"max_hp_gain":0,"max_hp_loss":0,"event_name":"Match and Keep!","floor":19,"gold_loss":0,"cards_obtained":["Meteor Strike"]},{"damage_healed":0,"gold_gain":0,"player_choice":"Got Potions","damage_taken":0,"max_hp_gain":0,"max_hp_loss":0,"event_name":"Lab","floor":29,"gold_loss":0}],"is_beta":false,"boss_relics":[{"not_picked":["Eternal Feather","Tiny House"],"picked":"Orrery"}],"items_purged_floors":[],"is_endless":false,"potions_floor_spawned":[6,8,10,14,16,18,21,27],"killed_by":"3 Cultists","ascension_level":9}