{"path_per_floor":["M","?","?","?","?","R","M","R","T","R","M","R","?","$","R","B",null,"M","$","?","M","M","R","M","R","T","E","?","R","T","E","R","B",null,"M","?","M","$","M","M","$","R","T","M","?","M","R","M","R","B"],"character_chosen":"THE_SILENT","items_purchased":["Noxious Fumes","Backflip","Bane","Noxious Fumes","Strange Spoon","Acrobatics","Escape Plan"],"gold_per_floor":[117,117,117,117,217,217,235,235,261,261,278,278,278,49,49,151,151,168,68,68,81,99,99,118,118,168,200,125,125,195,227,227,323,323,341,341,352,24,39,51,17,17,17,31,84,102,102,121,121,121],"floor_reached":51,"campfire_rested":1,"playtime":6756,"current_hp_per_floor":[70,70,70,75,75,75,75,75,75,75,75,75,75,75,75,66,75,75,75,75,75,68,68,37,59,59,74,74,74,74,71,71,75,75,75,75,75,75,56,56,56,56,56,54,58,46,46,50,50,65],"items_purged":["Strike_G","Defend_G"],"gold":121,"score":598,"play_id":"4c4cbef7-fe42-482f-810d-674b4d49af40","is_prod":false,"is_daily":false,"is_ascension_mode":false,"campfire_upgraded":11,"path_taken":["M","?","?","?","?","R","M","R","T","R","M","R","?","$","R","BOSS","M","$","?","M","M","R","M","R","T","E","?","R","?","E","R","BOSS","M","?","M","$","M","M","$","R","T","M","?","M","R","M","R","BOSS"],"build_version":"2018-02-22-PROD2","purchased_purges":2,"victory":true,"master_deck":["Defend_G","Defend_G","Defend_G","Survivor+1","Neutralize+1","Dagger Throw+1","Blur+1","Deflect+1","Escape Plan+1","Noxious Fumes+1","Backflip","Bane","Burst+1","Dodge and Roll+1","Skewer+1","Corpse Explosion+1","Catalyst+1","Outmaneuver","Burst+1","Terror","Noxious Fumes+1","Acrobatics+1","Backflip+1","Escape Plan","Malaise+1"],"max_hp_per_floor":[70,70,70,75,75,75,75,75,75,75,75,75,75,75,75,75,75,75,75,75,75,75,75,75,75,75,75,75,75,75,75,75,75,75,75,75,75,75,75,75,75,75,75,75,89,89,89,89,89,89],"relics":["Ring of the Snake","Happy Flower","Astrolabe","Pen Nib","Snake Skull","Toolbox","Pantograph","The Specimen","Strange Spoon","Bird Faced Urn","Mango"],"card_choices":[{"not_picked":["Prepared","Deadly Poison"],"picked":"Blur"},{"not_picked":["Infinite Blades","Finisher"],"picked":"Deflect"},{"not_picked":["Poisoned Stab","Unload"],"picked":"Escape Plan"},{"not_picked":["Doppelganger","Adrenaline"],"picked":"Burst"},{"not_picked":["Crippling Poison","Cloak And Dagger"],"picked":"Catalyst"},{"not_picked":["Deflect","Underhanded Strike"],"picked":"Outmaneuver"},{"not_picked":["Glass Knife","Tools of the Trade"],"picked":"Burst"},{"not_picked":["Eviscerate","Cloak And Dagger"],"picked":"Terror"},{"not_picked":["Underhanded Strike","Infinite Blades"],"picked":"Backflip"},{"not_picked":["Caltrops","Flying Knee"],"picked":"Malaise"}],"player_experience":113971,"potions_floor_usage":[24,27,33,50,50,50],"damage_taken":[{"damage":0,"enemies":"Small Slimes","floor":1,"turns":4},{"damage":0,"enemies":"Cultist","floor":7,"turns":3},{"damage":0,"enemies":"2 Louse","floor":11,"turns":4},{"damage":9,"enemies":"Slime Boss","floor":16,"turns":13},{"damage":0,"enemies":"Spheric Guardian","floor":18,"turns":8},{"damage":0,"enemies":"3 Byrds","floor":21,"turns":6},{"damage":7,"enemies":"Snake Plant","floor":22,"turns":5},{"damage":31,"enemies":"3 Cultists","floor":24,"turns":8},{"damage":0,"enemies":"Book of Stabbing","floor":27,"turns":8},{"damage":3,"enemies":"Slavers","floor":31,"turns":5},{"damage":0,"enemies":"Automaton","floor":33,"turns":11},{"damage":0,"enemies":"3 Shapes","floor":35,"turns":6},{"damage":0,"enemies":"3 Darklings","floor":37,"turns":5},{"damage":19,"enemies":"Sphere and 2 Shapes","floor":39,"turns":6},{"damage":0,"enemies":"Maw","floor":40,"turns":4},{"damage":6,"enemies":"4 Shapes","floor":44,"turns":7},{"damage":14,"enemies":"Mysterious Sphere","floor":45,"turns":7},{"damage":16,"enemies":"Sphere and 2 Shapes","floor":46,"turns":5},{"damage":0,"enemies":"Maw","floor":48,"turns":6},{"damage":26,"enemies":"Awakened One","floor":50,"turns":15}],"event_choices":[{"event_name":"Accursed Blacksmith","player_choice":"Forge","floor":2,"damage_taken":0},{"event_name":"Golden Idol","player_choice":"Ignored","floor":3,"damage_taken":0},{"event_name":"Big Fish","player_choice":"Donut","floor":4,"damage_taken":0},{"event_name":"Golden Shrine","player_choice":"Pray","floor":5,"damage_taken":0},{"event_name":"Upgrade Shrine","player_choice":"Upgraded","floor":13,"damage_taken":0},{"event_name":"The Library","player_choice":"Read","floor":20,"damage_taken":0},{"event_name":"Beggar","player_choice":"Gave Gold","floor":28,"damage_taken":0},{"event_name":"Mysterious Sphere","player_choice":"Fight","floor":45,"damage_taken":0}],"boss_relics":[{"not_picked":["Snecko Eye","Orrery"],"picked":"Astrolabe"},{"not_picked":["Lizard Tail","Tiny House"],"picked":"The Specimen"}],"potions_floor_spawned":[1,11,18,22,24,31,33,35,44,46],"seed_played":"7913498561603196819","ascension_level":0,"is_trial":false}