{"gold_per_floor":[17,37,48,62,75,103,115,65,65,35],"floor_reached":10,"playtime":581,"items_purged":[],"score":72,"play_id":"52c17115-f925-4c49-838e-45924cba24e2","local_time":"20190429190031","is_ascension_mode":false,"campfire_choices":[],"neow_cost":"NO_GOLD","seed_source_timestamp":504233318449613,"circlet_count":0,"master_deck":["Strike_B","Strike_B","Strike_B","Defend_B","Defend_B","Defend_B","Defend_B","Zap","Dualcast","Turbo","Redo","Consume","Core Surge","Coolheaded","Loop"],"relics":["Cracked Core","Peace Pipe","Oddly Smooth Stone","Ancient Tea Set"],"potions_floor_usage":[],"damage_taken":[{"damage":0,"enemies":"2 Louse","floor":1,"turns":2},{"damage":10,"enemies":"Jaw Worm","floor":2,"turns":4},{"damage":1,"enemies":"Cultist","floor":3,"turns":3},{"damage":5,"enemies":"Looter","floor":4,"turns":3},{"damage":7,"enemies":"3 Louse","floor":5,"turns":2},{"damage":36,"enemies":"Gremlin Nob","floor":6,"turns":4},{"damage":11,"enemies":"Exordium Thugs","floor":7,"turns":5},{"damage":10,"enemies":"Looter","floor":10,"turns":2}],"seed_played":"-360674799643010061","potions_obtained":[{"floor":2,"key":"SkillPotion"},{"floor":3,"key":"SpeedPotion"},{"floor":7,"key":"Explosive Potion"}],"is_trial":false,"path_per_floor":["M","M","M","M","M","E","M","?","T","M"],"character_chosen":"DEFECT","items_purchased":[],"campfire_rested":0,"item_purchase_floors":[],"current_hp_per_floor":[75,65,64,59,52,16,5,5,5,0],"gold":35,"neow_bonus":"ONE_RARE_RELIC","is_prod":false,"is_daily":false,"chose_seed":false,"campfire_upgraded":0,"win_rate":0,"timestamp":1556535631,"path_taken":["M","M","M","M","M","E","M","?","T","M"],"build_version":"2019-01-23","purchased_purges":0,"victory":false,"max_hp_per_floor":[75,75,75,75,75,75,75,75,75,75],"card_choices":[{"not_picked":["Skim","Force Field"],"picked":"Turbo","floor":1},{"not_picked":["Stack","Coolheaded"],"picked":"Redo","floor":2},{"not_picked":["Streamline","Coolheaded"],"picked":"Consume","floor":3},{"not_picked":["Beam Cell","Rip and Tear"],"picked":"Core Surge","floor":4},{"not_picked":["Compile Driver","Beam Cell"],"picked":"Coolheaded","floor":5},{"not_picked":["Double Energy","Steam Power"],"picked":"Loop","floor":6},{"not_picked":["Barrage","Reprogram","Ball Lightning"],"picked":"SKIP","floor":7}],"player_experience":292703,"relics_obtained":[{"floor":6,"key":"Oddly Smooth Stone"},{"floor":9,"key":"Ancient Tea Set"}],"event_choices":[{"cards_removed":["Strike_B"],"damage_healed":0,"gold_gain":0,"player_choice":"Card Removal","damage_taken":0,"max_hp_gain":0,"max_hp_loss":0,"event_name":"The Cleric","floor":8,"gold_loss":50}],"is_beta":false,"boss_relics":[],"items_purged_floors":[],"is_endless":false,"potions_floor_spawned":[2,3,7],"killed_by":"Looter","ascension_level":0}