{"gold_per_floor":[118,293,323,343,112,112,139,139,139,139,139,39,39,62,62,158,158,174,174,174,97,116,116,146,162,187,187,214,227,227,245,245,245],"floor_reached":33,"playtime":1506,"items_purged":["Regret","Doubt"],"score":377,"play_id":"8b110233-2188-4268-90f8-314085c6d4f8","local_time":"20190113221211","is_ascension_mode":true,"campfire_choices":[{"data":"Deflect","floor":6,"key":"SMITH"},{"floor":8,"key":"REST"},{"floor":10,"key":"REST"},{"floor":13,"key":"REST"},{"data":"Leg Sweep","floor":15,"key":"SMITH"},{"data":"Die Die Die","floor":23,"key":"SMITH"},{"floor":27,"key":"REST"},{"floor":30,"key":"REST"},{"floor":32,"key":"REST"}],"neow_cost":"CURSE","seed_source_timestamp":1658322217421497,"circlet_count":0,"master_deck":["Defend_G","Defend_G","Defend_G","Defend_G","Defend_G","Strike_G","Strike_G","Strike_G+1","Strike_G","Strike_G","Survivor","Neutralize+1","Deflect+1","Dagger Spray","PiercingWail","Flying Knee","Leg Sweep+1","Unload","Deflect+1","Footwork+1","Die Die Die+1","Backflip","Backflip","Acrobatics+1","Predator"],"relics":["Ring of the Snake","Prayer Wheel","Tiny Chest","Vajra","Whetstone","Centennial Puzzle","Odd Mushroom","Eternal Feather","Smiling Mask","Boot","PreservedInsect"],"potions_floor_usage":[7,16,28],"damage_taken":[{"damage":2,"enemies":"Small Slimes","floor":1,"turns":4},{"damage":2,"enemies":"2 Louse","floor":4,"turns":4},{"damage":53,"enemies":"Lagavulin","floor":7,"turns":9},{"damage":9,"enemies":"The Mushroom Lair","floor":14,"turns":3},{"damage":48,"enemies":"The Guardian","floor":16,"turns":19},{"damage":0,"enemies":"Chosen","floor":18,"turns":4},{"damage":0,"enemies":"3 Byrds","floor":22,"turns":5},{"damage":48,"enemies":"Book of Stabbing","floor":24,"turns":10},{"damage":5,"enemies":"Cultist and Chosen","floor":25,"turns":8},{"damage":37,"enemies":"Slavers","floor":28,"turns":5},{"damage":7,"enemies":"Shelled Parasite and Fungi","floor":29,"turns":9},{"damage":4,"enemies":"Centurion and Healer","floor":31,"turns":13},{"damage":69,"enemies":"Automaton","floor":33,"turns":12}],"seed_played":"-1113813771562949743","potions_obtained":[{"floor":1,"key":"Strength Potion"},{"floor":7,"key":"Dexterity Potion"},{"floor":25,"key":"EssenceOfSteel"}],"is_trial":false,"path_per_floor":["M","?","?","M","$","R","E","R","T","R","?","$","R","?","R","B",null,"M","$","?","$","M","R","E","M","T","R","E","M","R","M","R","B"],"character_chosen":"THE_SILENT","items_purchased":["Vajra","Die Die Die"],"campfire_rested":6,"item_purchase_floors":[5,21],"current_hp_per_floor":[61,61,61,59,59,59,6,27,27,48,48,48,69,60,60,12,56,56,56,56,56,56,68,20,15,15,48,11,4,37,33,69,0],"gold":245,"neow_bonus":"ONE_RARE_RELIC","is_prod":false,"is_daily":false,"chose_seed":false,"campfire_upgraded":3,"win_rate":0,"timestamp":1547417531,"path_taken":["M","?","?","M","$","R","E","R","T","R","?","$","R","?","R","BOSS","M","$","?","$","M","R","E","M","T","R","E","?","R","M","R","BOSS"],"build_version":"2019-01-10","purchased_purges":2,"victory":false,"max_hp_per_floor":[70,70,70,70,70,70,70,70,70,70,70,70,70,70,70,70,70,70,70,70,70,70,70,70,70,70,70,70,70,70,70,70,70],"card_choices":[{"not_picked":["Underhanded Strike","Endless Agony"],"picked":"Deflect","floor":1},{"not_picked":["Skewer","Concentrate","Finisher"],"picked":"SKIP","floor":1},{"not_picked":["Underhanded Strike","Prepared"],"picked":"Dagger Spray","floor":4},{"not_picked":["PiercingWail","Poisoned Stab","Backflip"],"picked":"SKIP","floor":4},{"not_picked":["Poisoned Stab","Backflip"],"picked":"PiercingWail","floor":4},{"not_picked":["Infinite Blades","Slice"],"picked":"Flying Knee","floor":7},{"not_picked":["Dagger Throw","Venomology"],"picked":"Leg Sweep","floor":14},{"not_picked":["Corpse Explosion","After Image"],"picked":"Unload","floor":16},{"not_picked":["Dodge and Roll","All Out Attack"],"picked":"Deflect+1","floor":18},{"not_picked":["Footwork","Dagger Spray","Noxious Fumes"],"picked":"SKIP","floor":18},{"not_picked":["Dagger Spray","Noxious Fumes"],"picked":"Footwork","floor":18},{"not_picked":["Bane","Dagger Throw"],"picked":"Backflip","floor":22},{"not_picked":["Cloak And Dagger","Quick Slash"],"picked":"Backflip","floor":22},{"not_picked":["Tactician","Choke","Prepared"],"picked":"SKIP","floor":24},{"not_picked":["Dagger Spray","Infinite Blades","Poisoned Stab"],"picked":"SKIP","floor":25},{"not_picked":["Envenom","All Out Attack","Bane"],"picked":"SKIP","floor":25},{"not_picked":["PiercingWail","Riddle With Holes","Blade Dance"],"picked":"SKIP","floor":28},{"not_picked":["Bane","Poisoned Stab"],"picked":"Acrobatics+1","floor":29},{"not_picked":["Slice","Underhanded Strike","Choke+1"],"picked":"SKIP","floor":29},{"not_picked":["Skewer","Bullet Time"],"picked":"Predator","floor":31},{"not_picked":["Slice","Deadly Poison+1","Dagger Spray"],"picked":"SKIP","floor":31}],"player_experience":265090,"relics_obtained":[{"floor":7,"key":"Whetstone"},{"floor":9,"key":"Centennial Puzzle"},{"floor":14,"key":"Odd Mushroom"},{"floor":24,"key":"Smiling Mask"},{"floor":26,"key":"Boot"},{"floor":28,"key":"PreservedInsect"}],"event_choices":[{"damage_healed":0,"gold_gain":175,"player_choice":"AGREE","damage_taken":0,"max_hp_gain":0,"max_hp_loss":0,"event_name":"Liars Game","floor":2,"gold_loss":0,"cards_obtained":["Doubt"]},{"damage_healed":0,"gold_gain":0,"player_choice":"Box","damage_taken":0,"relics_obtained":["Tiny Chest"],"max_hp_gain":0,"max_hp_loss":0,"event_name":"Big Fish","floor":3,"gold_loss":0,"cards_obtained":["Regret"]},{"cards_removed":["Decay"],"damage_healed":0,"gold_gain":0,"player_choice":"Forget","damage_taken":0,"max_hp_gain":0,"max_hp_loss":0,"event_name":"Living Wall","floor":11,"gold_loss":0},{"damage_healed":0,"gold_gain":0,"player_choice":"Fought Mushrooms","damage_taken":0,"max_hp_gain":0,"max_hp_loss":0,"event_name":"Mushrooms","floor":14,"gold_loss":0},{"damage_healed":0,"gold_gain":0,"player_choice":"Upgraded","damage_taken":0,"max_hp_gain":0,"max_hp_loss":0,"event_name":"Upgrade Shrine","floor":20,"gold_loss":0,"cards_upgraded":["Footwork"]}],"is_beta":false,"boss_relics":[{"not_picked":["Pandora\u0027s Box","WristBlade"],"picked":"Eternal Feather"}],"items_purged_floors":[5,12],"is_endless":false,"potions_floor_spawned":[1,7,25],"killed_by":"Automaton","ascension_level":7}