{"gold_per_floor":[116,134,151,151,171,171,171,171,171,236,236,253,281,22,22,22],"floor_reached":16,"playtime":589,"items_purged":["Defend_R"],"score":200,"play_id":"b14d9615-d429-4785-973d-53c56cbae47c","local_time":"20190112201120","is_ascension_mode":true,"campfire_choices":[{"data":"Seeing Red","floor":6,"key":"SMITH"},{"data":"Bash","floor":8,"key":"SMITH"},{"floor":15,"key":"REST"}],"neow_cost":"NONE","seed_source_timestamp":293371283721900,"circlet_count":0,"master_deck":["AscendersBane","Strike_R","Strike_R","Strike_R","Strike_R","Defend_R","Defend_R","Defend_R","Bash+1","Cleave","Seeing Red+1","Perfected Strike","Heavy Blade","Berserk","Whirlwind"],"relics":["Burning Blood","Regal Pillow","Self Forming Clay","Sundial","Art of War","Boot","Membership Card"],"potions_floor_usage":[5,10,13],"damage_taken":[{"damage":10,"enemies":"Small Slimes","floor":1,"turns":3},{"damage":4,"enemies":"Jaw Worm","floor":2,"turns":5},{"damage":6,"enemies":"2 Louse","floor":3,"turns":2},{"damage":14,"enemies":"Large Slime","floor":5,"turns":5},{"damage":8,"enemies":"Gremlin Nob","floor":10,"turns":3},{"damage":8,"enemies":"Blue Slaver","floor":12,"turns":2},{"damage":42,"enemies":"Lagavulin","floor":13,"turns":7},{"damage":65,"enemies":"Slime Boss","floor":16,"turns":7}],"seed_played":"6734216885382490788","potions_obtained":[{"floor":2,"key":"LiquidBronze"},{"floor":3,"key":"Poison Potion"},{"floor":5,"key":"Swift Potion"}],"is_trial":false,"path_per_floor":["M","M","M","?","M","R","?","R","T","?","?","M","E","$","R","B"],"character_chosen":"IRONCLAD","items_purchased":["Membership Card"],"campfire_rested":1,"item_purchase_floors":[14],"current_hp_per_floor":[64,66,66,66,58,58,47,47,47,45,50,48,12,12,51,0],"gold":22,"neow_bonus":"RANDOM_COMMON_RELIC","is_prod":false,"is_daily":false,"chose_seed":false,"campfire_upgraded":2,"win_rate":0,"timestamp":1547323880,"path_taken":["M","M","M","?","M","R","?","R","T","?","?","M","E","$","R","BOSS"],"build_version":"2019-01-10","purchased_purges":1,"victory":false,"max_hp_per_floor":[75,75,75,75,75,75,75,75,75,75,80,80,80,80,80,80],"card_choices":[{"not_picked":["Perfected Strike","Clothesline"],"picked":"Cleave","floor":1},{"not_picked":["Headbutt","Body Slam"],"picked":"Seeing Red","floor":2},{"not_picked":["Clothesline","Seeing Red"],"picked":"Perfected Strike","floor":3},{"not_picked":["Clash","Anger"],"picked":"Heavy Blade","floor":5},{"not_picked":["Havoc","Heavy Blade"],"picked":"Berserk","floor":12},{"not_picked":["Heavy Blade","Pommel Strike"],"picked":"Whirlwind","floor":13}],"player_experience":393532,"relics_obtained":[{"floor":9,"key":"Sundial"},{"floor":10,"key":"Art of War"},{"floor":13,"key":"Boot"}],"event_choices":[{"cards_removed":["Strike_R"],"damage_healed":0,"gold_gain":0,"player_choice":"Forget","damage_taken":0,"max_hp_gain":0,"max_hp_loss":0,"event_name":"Living Wall","floor":4,"gold_loss":0},{"damage_healed":0,"gold_gain":0,"player_choice":"Success","damage_taken":11,"relics_obtained":["Self Forming Clay"],"max_hp_gain":0,"max_hp_loss":0,"event_name":"Scrap Ooze","floor":7,"gold_loss":0},{"damage_healed":0,"gold_gain":0,"player_choice":"Searched \u00271\u0027 times","damage_taken":0,"max_hp_gain":0,"max_hp_loss":0,"event_name":"Dead Adventurer","floor":10,"gold_loss":0},{"damage_healed":0,"gold_gain":0,"player_choice":"Donut","damage_taken":0,"max_hp_gain":5,"max_hp_loss":0,"event_name":"Big Fish","floor":11,"gold_loss":0}],"is_beta":false,"boss_relics":[],"items_purged_floors":[14],"is_endless":false,"potions_floor_spawned":[2,3,5],"killed_by":"Slime Boss","ascension_level":20}