{"gold_per_floor":[361,13,188,188,25,25,52,65,65,81,108,173,193,211,211,307,307,317,330,349,255,178,210,228,275,326,326,326,387,403,44,44,44],"floor_reached":33,"playtime":944,"items_purged":["Doubt"],"score":431,"play_id":"bdb7b443-b068-4907-9e74-5c77964c0f87","local_time":"20180702120805","is_ascension_mode":true,"campfire_choices":[{"data":"Mind Blast","floor":6.0,"key":"SMITH"},{"floor":15.0,"key":"REST"},{"data":"Uppercut","floor":27.0,"key":"SMITH"},{"data":"Perfected Strike","floor":32.0,"key":"SMITH"}],"neow_cost":"","seed_source_timestamp":0,"circlet_count":0,"master_deck":["Strike_R","Strike_R","Strike_R","Strike_R","Strike_R","Defend_R","Defend_R","Defend_R","Defend_R","Bash","Headbutt","Perfected Strike+1","Mind Blast+1","Infernal Blade","Uppercut+1","Metallicize","Flex","Shrug It Off","Heavy Blade","Bludgeon+1","Iron Wave","Blood for Blood+1","Iron Wave+1","Swift Strike+1","J.A.X.","Seeing Red+1","Perfected Strike+1","Power Through","Headbutt","Inflame","Cleave","Swift Strike"],"special_seed":0,"relics":["Burning Blood","Bag of Marbles","Pen Nib","Letter Opener","Gambling Chip","Vajra","Black Star","Whetstone","Boot","Lantern","Dream Catcher","Tiny Chest","Potion Belt","Bag of Preparation"],"potions_floor_usage":[],"damage_taken":[{"damage":2.0,"enemies":"2 Louse","floor":1.0,"turns":4.0},{"damage":16.0,"enemies":"Gremlin Nob","floor":7.0,"turns":3.0},{"damage":0.0,"enemies":"Small Slimes","floor":8.0,"turns":1.0},{"damage":0.0,"enemies":"Jaw Worm","floor":10.0,"turns":1.0},{"damage":10.0,"enemies":"3 Sentries","floor":11.0,"turns":4.0},{"damage":0.0,"enemies":"3 Louse","floor":13.0,"turns":2.0},{"damage":0.0,"enemies":"Blue Slaver","floor":14.0,"turns":3.0},{"damage":0.0,"enemies":"Slime Boss","floor":16.0,"turns":5.0},{"damage":6.0,"enemies":"Spheric Guardian","floor":18.0,"turns":3.0},{"damage":7.0,"enemies":"Shell Parasite","floor":19.0,"turns":2.0},{"damage":13.0,"enemies":"Snecko","floor":20.0,"turns":3.0},{"damage":48.0,"enemies":"Gremlin Leader","floor":23.0,"turns":9.0},{"damage":0.0,"enemies":"Snake Plant","floor":24.0,"turns":1.0},{"damage":9.0,"enemies":"Slavers","floor":29.0,"turns":4.0},{"damage":0.0,"enemies":"3 Cultists","floor":30.0,"turns":3.0},{"damage":81,"enemies":"Automaton","floor":33,"turns":8}],"seed_played":"-6932202934366450535","potions_obtained":[{"floor":10.0,"key":"PowerPotion"},{"floor":14.0,"key":"SkillPotion"},{"floor":16.0,"key":"Regen Potion"},{"floor":18.0,"key":"Energy Potion"},{"floor":19.0,"key":"BloodPotion"},{"floor":23.0,"key":"SkillPotion"},{"floor":30.0,"key":"FairyPotion"}],"is_trial":false,"path_per_floor":["M","$","?","?","$","R","E","M","T","M","E","?","M","M","R","B",null,"M","M","M","$","?","E","M","T","T","R","?","E","M","$","R"],"character_chosen":"IRONCLAD","items_purchased":["Bag of Marbles","Pen Nib","Perfected Strike","Mind Blast","Swift Strike","Bag of Preparation","Inflame","Cleave","Swift Strike"],"campfire_rested":1,"item_purchase_floors":[],"current_hp_per_floor":[44,44,44,44,44,44,34,40,40,46,42,42,48,54,78,80,80,80,79,72,72,72,52,58,58,58,58,58,55,61,61,61,0],"gold":44,"neow_bonus":"","is_prod":false,"is_daily":false,"chose_seed":false,"campfire_upgraded":3,"win_rate":0,"timestamp":1530554885,"path_taken":["M","$","?","?","$","R","E","M","T","M","E","?","M","M","R","BOSS","M","M","M","$","?","E","M","?","T","R","?","E","M","$","R","BOSS"],"build_version":"2018-06-29","purchased_purges":1,"victory":false,"max_hp_per_floor":[80,80,80,80,80,80,80,80,80,80,80,80,80,80,80,80,80,80,80,80,80,80,80,80,80,80,80,80,80,80,80,80,80],"card_choices":[{"not_picked":["Clothesline","Body Slam"],"picked":"Headbutt","floor":1.0},{"not_picked":["Hemokinesis","Clash"],"picked":"Infernal Blade","floor":7.0},{"not_picked":["Power Through","Sever Soul"],"picked":"Uppercut","floor":8.0},{"not_picked":["Hemokinesis","Entrench"],"picked":"Metallicize","floor":10.0},{"not_picked":["Shrug It Off","Heavy Blade"],"picked":"Flex","floor":11.0},{"not_picked":["True Grit","Burning Pact"],"picked":"Shrug It Off","floor":13.0},{"not_picked":["Burning Pact","Havoc"],"picked":"Heavy Blade","floor":14.0},{"not_picked":["Barricade","Reaper"],"picked":"Bludgeon","floor":16.0},{"not_picked":["Heavy Blade","True Grit"],"picked":"Iron Wave","floor":18.0},{"not_picked":["Anger+1","Heavy Blade"],"picked":"Blood for Blood+1","floor":19.0},{"not_picked":["Flex","Anger"],"picked":"Iron Wave+1","floor":20.0},{"not_picked":["Exhume","Fiend Fire"],"picked":"Seeing Red+1","floor":23.0},{"not_picked":["Combust","Sever Soul","Body Slam"],"picked":"SKIP","floor":24.0},{"not_picked":["Reckless Charge","Sentinel"],"picked":"Power Through","floor":29.0},{"not_picked":["Sword Boomerang+1","Searing Blow"],"picked":"Headbutt","floor":30.0}],"player_experience":426904,"relics_obtained":[{"floor":7.0,"key":"Letter Opener"},{"floor":9.0,"key":"Gambling Chip"},{"floor":11.0,"key":"Vajra"},{"floor":23.0,"key":"Whetstone"},{"floor":23.0,"key":"Boot"},{"floor":25.0,"key":"Lantern"},{"floor":26.0,"key":"Dream Catcher"},{"floor":29.0,"key":"Tiny Chest"},{"floor":29.0,"key":"Potion Belt"}],"event_choices":[{"event_name":"Liars Game","player_choice":"agreed","floor":3.0,"damage_taken":0.0},{"event_name":"Living Wall","player_choice":"Grow","floor":4.0,"damage_taken":0.0},{"event_name":"Golden Wing","player_choice":"Gained Gold","floor":12.0,"damage_taken":0.0},{"event_name":"Drug Dealer","player_choice":"Got JAXXED","floor":22.0,"damage_taken":0.0},{"event_name":"The Library","player_choice":"Read","floor":28.0,"damage_taken":0.0}],"boss_relics":[{"not_picked":["Lizard Tail","Velvet Choker"],"picked":"Black Star"}],"items_purged_floors":[],"is_endless":false,"potions_floor_spawned":[10,14,16,18,19,23,30],"killed_by":"Automaton","ascension_level":5}