{"path_per_floor":["M","M","M","?","M","E","R","E","T","$","M","M","M","?","R","B",null,"M","$","?","M","?","R","?","R","T","$","M","T","R","M","R","B",null,"M","$","M","$","M","R","E","?","T","M","E","R","?","$","R","B"],"character_chosen":"THE_SILENT","items_purchased":["Concentrate","Acrobatics","Dagger Throw","Underhanded Strike","Prepared","Reflex","Paper Crane","Flash of Steel"],"gold_per_floor":[118,135,155,155,169,197,197,226,226,16,28,41,53,228,228,326,326,339,194,194,204,129,129,129,129,185,34,46,115,115,125,125,222,222,242,92,103,26,42,42,76,326,326,346,376,376,376,22,22,22],"floor_reached":51,"campfire_rested":0,"playtime":3353,"current_hp_per_floor":[68,68,68,54,51,46,46,51,51,51,50,50,50,50,50,50,84,84,84,68,66,66,66,66,66,66,66,66,66,66,66,66,55,89,89,89,85,85,85,85,85,85,85,82,79,79,79,79,79,63],"items_purged":["Strike_G","Strike_G","Strike_G","Doubt"],"gold":22,"score":778,"play_id":"6158699a-8462-4027-b452-6bca39bc984f","is_prod":false,"is_daily":false,"is_ascension_mode":true,"campfire_upgraded":9,"path_taken":["M","M","M","?","M","E","R","E","T","$","M","M","M","?","R","BOSS","M","$","?","M","?","R","?","R","T","$","M","?","R","?","R","BOSS","M","$","M","$","M","R","E","?","T","?","E","R","?","?","R","BOSS"],"build_version":"2018-02-23-BETA1","purchased_purges":4,"victory":true,"master_deck":["Survivor","Neutralize+1","Leg Sweep","Well Laid Plans","Predator","Skewer+1","Distraction+1","Calculated Gamble+1","Concentrate+1","Acrobatics","Dagger Throw","Acrobatics","Dagger Throw","Underhanded Strike","Tactician+1","Acrobatics+1","Underhanded Strike","Eviscerate+1","Prepared+1","Dash","Backflip","Tools of the Trade","Dagger Spray","Well Laid Plans","Dagger Throw","Backflip","Reflex+1","Distraction+1","Tools of the Trade","Regret","Acrobatics+1","Underhanded Strike+1","Heel Hook","Flash of Steel"],"max_hp_per_floor":[70,70,70,70,70,70,70,84,84,84,84,84,84,84,84,84,84,84,84,89,89,89,89,89,89,89,89,89,89,89,89,89,89,89,89,89,89,89,89,89,89,89,89,89,89,89,89,89,89,89],"relics":["Ring of the Snake","Happy Flower","Bag of Preparation","Mango","Tingsha","Question Card","Tiny Chest","Ornamental Fan","Pandora\u0027s Box","Calipers","Torii","Dream Catcher","Paper Crane"],"card_choices":[{"not_picked":["Noxious Fumes","Dodge and Roll"],"picked":"Leg Sweep"},{"not_picked":["PiercingWail","Backflip"],"picked":"Well Laid Plans"},{"not_picked":["Riddle With Holes","Deadly Poison"],"picked":"Predator"},{"not_picked":["Flechettes","Outmaneuver"],"picked":"Skewer"},{"not_picked":["A Thousand Cuts","Storm of Steel"],"picked":"Distraction"},{"not_picked":["Deflect","Accuracy"],"picked":"Calculated Gamble"},{"not_picked":["Bane","Well Laid Plans"],"picked":"Acrobatics"},{"not_picked":["Deflect","Acrobatics"],"picked":"Dagger Throw"},{"not_picked":["Dash","All Out Attack"],"picked":"Underhanded Strike"},{"not_picked":["Envenom","Adrenaline"],"picked":"Tactician"},{"not_picked":["Setup","Caltrops","Poisoned Stab"],"picked":"Acrobatics"},{"not_picked":["Flying Knee","Distraction","Dagger Spray"],"picked":"Eviscerate"},{"not_picked":["Accuracy","Slice","Poisoned Stab"],"picked":"Dash"},{"not_picked":["Terror","Dodge and Roll","Flying Knee"],"picked":"Backflip"},{"not_picked":["Die Die Die","Doppelganger","Wraith Form"],"picked":"Tools of the Trade"},{"not_picked":["Deadly Poison","Slice","PiercingWail"],"picked":"Distraction"},{"not_picked":["Deadly Poison","Cloak And Dagger","Distraction"],"picked":"Tools of the Trade"},{"not_picked":["Heel Hook","Endless Agony","Underhanded Strike"],"picked":"Acrobatics"},{"not_picked":["Outmaneuver","Slice","Escape Plan"],"picked":"Underhanded Strike"}],"player_experience":165084,"potions_floor_usage":[2,16,21,37,39,44,44,44,50],"damage_taken":[{"damage":2,"enemies":"Jaw Worm","floor":1,"turns":4},{"damage":0,"enemies":"2 Louse","floor":2,"turns":2},{"damage":0,"enemies":"Small Slimes","floor":3,"turns":5},{"damage":3,"enemies":"3 Louse","floor":5,"turns":4},{"damage":5,"enemies":"3 Sentries","floor":6,"turns":9},{"damage":9,"enemies":"Lagavulin","floor":8,"turns":9},{"damage":1,"enemies":"Red Slaver","floor":11,"turns":2},{"damage":0,"enemies":"2 Fungi Beasts","floor":12,"turns":1},{"damage":0,"enemies":"3 Louse","floor":13,"turns":2},{"damage":0,"enemies":"Slime Boss","floor":16,"turns":7},{"damage":0,"enemies":"Chosen","floor":18,"turns":3},{"damage":2,"enemies":"2 Thieves","floor":21,"turns":3},{"damage":0,"enemies":"Cultist and Chosen","floor":28,"turns":2},{"damage":0,"enemies":"Snake Plant","floor":31,"turns":3},{"damage":11,"enemies":"Collector","floor":33,"turns":5},{"damage":0,"enemies":"Orb Walker","floor":35,"turns":2},{"damage":4,"enemies":"3 Darklings","floor":37,"turns":3},{"damage":0,"enemies":"Spire Growth","floor":39,"turns":3},{"damage":0,"enemies":"Nemesis","floor":41,"turns":1},{"damage":6,"enemies":"4 Shapes","floor":44,"turns":2},{"damage":3,"enemies":"Giant Head","floor":45,"turns":5},{"damage":16,"enemies":"Donu and Deca","floor":50,"turns":3}],"event_choices":[{"event_name":"Shining Light","player_choice":"Entered Light","floor":4,"damage_taken":0},{"event_name":"Liars Game","player_choice":"agreed","floor":14,"damage_taken":0},{"event_name":"Forgotten Altar","player_choice":"Shed Blood","floor":20,"damage_taken":0},{"event_name":"Beggar","player_choice":"Gave Gold","floor":22,"damage_taken":0},{"event_name":"Back to Basics","player_choice":"Elegance","floor":24,"damage_taken":0},{"event_name":"Golden Shrine","player_choice":"Desecrate","floor":42,"damage_taken":0},{"event_name":"Transmorgrifier","player_choice":"Transform","floor":47,"damage_taken":0}],"boss_relics":[{"not_picked":["Velvet Choker","The Specimen"],"picked":"Question Card"},{"not_picked":["Calling Bell","Eternal Feather"],"picked":"Pandora\u0027s Box"}],"potions_floor_spawned":[1,2,12,13,28,31,33,37,39,41,45],"seed_played":"188344059085240430","ascension_level":2,"is_trial":false}