{"gold_per_floor":[112,131,81,94,105,140,140,140,140,140,140,13,13,13,13,111,111,129,228,22,32,32,58,58,89,114,114,132,52,0,14,14,110,110,123,123,140,150,150,150,150,165,191,191,211,211,246,277,289,301],"floor_reached":51,"playtime":4931,"items_purged":["Strike_B","Strike_B"],"score":860,"play_id":"873bf4d7-890c-4918-8dcc-b0ce21402aa9","local_time":"20190306174403","is_ascension_mode":true,"campfire_choices":[{"floor":8,"key":"REST"},{"data":"Dualcast","floor":10,"key":"SMITH"},{"data":"Reboot","floor":13,"key":"SMITH"},{"data":"Conserve Battery","floor":15,"key":"SMITH"},{"data":"Coolheaded","floor":24,"key":"SMITH"},{"data":"Hyperbeam","floor":27,"key":"SMITH"},{"floor":32,"key":"REST"},{"floor":40,"key":"REST"},{"floor":44,"key":"REST"},{"floor":46,"key":"REST"},{"floor":49,"key":"REST"}],"neow_cost":"NONE","seed_source_timestamp":186802695921623,"circlet_count":0,"master_deck":["Defend_B","Defend_B","Defend_B+1","Defend_B","Zap+1","Dualcast+1","Compile Driver","Rebound","Hologram+1","Reboot+1","Conserve Battery+1","Hyperbeam+1","Conserve Battery","Coolheaded+1","Electrodynamics+1","Glacier","Compile Driver","Loop+1","Static Discharge+1","Seek","Stack+1","Doom and Gloom+1","Go for the Eyes","Hologram+1","Glacier+1","Parasite","Ball Lightning+1"],"relics":["Cracked Core","Cables","Art of War","Blue Candle","Velvet Choker","MutagenicStrength","Frozen Egg 2","Oddly Smooth Stone","Lantern","Fusion Hammer","MawBank"],"potions_floor_usage":[6,16,23,23,33,50,50],"damage_taken":[{"damage":0,"enemies":"Small Slimes","floor":1,"turns":3},{"damage":0,"enemies":"2 Louse","floor":2,"turns":3},{"damage":2,"enemies":"Jaw Worm","floor":4,"turns":3},{"damage":11,"enemies":"Large Slime","floor":5,"turns":4},{"damage":25,"enemies":"3 Sentries","floor":6,"turns":6},{"damage":19,"enemies":"Hexaghost","floor":16,"turns":11},{"damage":0,"enemies":"Chosen","floor":18,"turns":3},{"damage":0,"enemies":"Spheric Guardian","floor":21,"turns":3},{"damage":0,"enemies":"Gremlin Leader","floor":23,"turns":6},{"damage":17,"enemies":"Slavers","floor":25,"turns":3},{"damage":1,"enemies":"Snecko","floor":28,"turns":5},{"damage":4,"enemies":"Chosen and Byrds","floor":31,"turns":4},{"damage":27,"enemies":"Collector","floor":33,"turns":10},{"damage":0,"enemies":"3 Shapes","floor":35,"turns":1},{"damage":4,"enemies":"Orb Walker","floor":37,"turns":4},{"damage":17,"enemies":"3 Darklings","floor":38,"turns":2},{"damage":5,"enemies":"Sphere and 2 Shapes","floor":42,"turns":3},{"damage":2,"enemies":"4 Shapes","floor":45,"turns":2},{"damage":18,"enemies":"Reptomancer","floor":47,"turns":6},{"damage":4,"enemies":"Writhing Mass","floor":48,"turns":10},{"damage":54,"enemies":"Time Eater","floor":50,"turns":13}],"seed_played":"5693083923140742267","potions_obtained":[{"floor":1,"key":"GamblersBrew"},{"floor":2,"key":"EssenceOfSteel"},{"floor":4,"key":"Explosive Potion"},{"floor":18,"key":"Fire Potion"},{"floor":21,"key":"Regen Potion"},{"floor":31,"key":"SpeedPotion"},{"floor":37,"key":"Strength Potion"},{"floor":47,"key":"Poison Potion"}],"is_trial":false,"path_per_floor":["M","M","?","M","M","E","?","R","T","R","?","$","R","?","R","B",null,"M","?","$","M","?","E","R","E","T","R","M","$","$","M","R","B",null,"M","?","M","M","$","R","?","M","T","R","M","R","E","M","R","B",null],"character_chosen":"DEFECT","items_purchased":["Conserve Battery","Ball Lightning","AttackPotion","Loop+1","Weak Potion"],"campfire_rested":6,"item_purchase_floors":[12,20,20,29,30],"current_hp_per_floor":[75,75,75,73,62,37,25,47,47,47,47,47,47,32,32,13,60,60,60,60,60,60,60,60,43,43,43,42,42,42,38,60,33,65,65,65,61,44,44,66,66,61,61,75,73,75,57,53,75,21],"gold":313,"neow_bonus":"UPGRADE_CARD","is_prod":false,"is_daily":false,"chose_seed":false,"campfire_upgraded":5,"win_rate":0,"timestamp":1551915843,"path_taken":["M","M","?","M","M","E","?","R","T","R","?","?","R","?","R","BOSS","M","?","$","M","?","E","R","E","T","R","M","?","$","M","R","BOSS","M","?","M","M","$","R","?","M","T","R","M","R","E","?","R","BOSS"],"build_version":"2019-01-23","purchased_purges":2,"victory":true,"max_hp_per_floor":[75,75,75,75,75,75,75,75,75,75,75,75,75,75,75,75,75,75,75,75,75,75,75,75,75,75,75,75,75,75,75,75,75,75,75,75,75,75,75,75,75,75,75,75,75,75,75,75,75,75],"card_choices":[{"not_picked":["Static Discharge","Rip and Tear"],"picked":"Compile Driver","floor":1},{"not_picked":["Storm","Blizzard"],"picked":"Rebound","floor":2},{"not_picked":["Stack","Steam Power","Aggregate"],"picked":"SKIP","floor":4},{"not_picked":["Sweeping Beam","Streamline"],"picked":"Hologram","floor":5},{"not_picked":["Rebound","Lockon"],"picked":"Reboot","floor":6},{"not_picked":["Amplify","Thunder Strike"],"picked":"Hyperbeam","floor":16},{"not_picked":["Stack","Blizzard"],"picked":"Conserve Battery","floor":18},{"not_picked":["Doom and Gloom","Hologram"],"picked":"Coolheaded","floor":21},{"not_picked":["Beam Cell","Static Discharge"],"picked":"Electrodynamics","floor":23},{"not_picked":["Tempest","Storm+1"],"picked":"Glacier","floor":25},{"not_picked":["Go for the Eyes","Gash+1"],"picked":"Compile Driver","floor":28},{"not_picked":["Coolheaded","Compile Driver+1"],"picked":"Static Discharge+1","floor":31},{"not_picked":["Buffer+1","Meteor Strike"],"picked":"Seek","floor":33},{"not_picked":["Sunder","Beam Cell+1"],"picked":"Stack+1","floor":35},{"not_picked":["Steam+1","Conserve Battery+1","Auto Shields"],"picked":"SKIP","floor":37},{"not_picked":["Barrage","Blizzard"],"picked":"Doom and Gloom+1","floor":38},{"not_picked":["Genetic Algorithm+1","Sweeping Beam+1"],"picked":"Go for the Eyes","floor":42},{"not_picked":["Turbo+1","Coolheaded"],"picked":"Hologram+1","floor":45},{"not_picked":["Chill","Storm+1"],"picked":"Glacier+1","floor":47},{"not_picked":["Recycle","Sunder"],"picked":"Ball Lightning+1","floor":48}],"player_experience":529604,"relics_obtained":[{"floor":6,"key":"Cables"},{"floor":9,"key":"Blue Candle"},{"floor":23,"key":"Frozen Egg 2"},{"floor":25,"key":"Oddly Smooth Stone"},{"floor":26,"key":"Lantern"},{"floor":47,"key":"MawBank"}],"event_choices":[{"cards_removed":["Strike_B"],"damage_healed":0,"gold_gain":0,"player_choice":"Card Removal","damage_taken":0,"max_hp_gain":0,"max_hp_loss":0,"event_name":"The Cleric","floor":3,"gold_loss":50},{"damage_healed":0,"gold_gain":0,"player_choice":"Success","damage_taken":12,"relics_obtained":["Art of War"],"max_hp_gain":0,"max_hp_loss":0,"event_name":"Scrap Ooze","floor":7,"gold_loss":0},{"damage_healed":0,"gold_gain":0,"player_choice":"Ignored","damage_taken":0,"max_hp_gain":0,"max_hp_loss":0,"event_name":"Liars Game","floor":11,"gold_loss":0},{"damage_healed":0,"gold_gain":0,"player_choice":"Entered Light","damage_taken":15,"max_hp_gain":0,"max_hp_loss":0,"event_name":"Shining Light","floor":14,"gold_loss":0,"cards_upgraded":["Hologram","Defend_B"]},{"damage_healed":0,"gold_gain":99,"player_choice":"Stole From Cult","damage_taken":0,"max_hp_gain":0,"max_hp_loss":0,"event_name":"Nest","floor":19,"gold_loss":0},{"damage_healed":0,"gold_gain":0,"player_choice":"Inject Mutagens","damage_taken":0,"relics_obtained":["MutagenicStrength"],"max_hp_gain":0,"max_hp_loss":0,"event_name":"Drug Dealer","floor":22,"gold_loss":0},{"cards_removed":["Ball Lightning"],"damage_healed":0,"gold_gain":0,"player_choice":"Removed Attack","damage_taken":0,"max_hp_gain":0,"max_hp_loss":0,"event_name":"Falling","floor":36,"gold_loss":0},{"cards_removed":["Strike_B"],"damage_healed":0,"gold_gain":0,"player_choice":"Purged","damage_taken":0,"max_hp_gain":0,"max_hp_loss":0,"event_name":"Purifier","floor":41,"gold_loss":0}],"is_beta":false,"boss_relics":[{"not_picked":["Coffee Dripper","Nuclear Battery"],"picked":"Velvet Choker"},{"not_picked":["Busted Crown","Cursed Key"],"picked":"Fusion Hammer"}],"items_purged_floors":[12,20],"is_endless":false,"potions_floor_spawned":[1,2,4,5,18,21,31,37,47],"ascension_level":5}