{"path_per_floor":["M","$","M","?","T","E","M","?","T","R","M","R","?","M","R","B",null,"M","M","$","?","?","R","E","R","T","R","E","M","M","M","R"],"character_chosen":"IRONCLAD","items_purchased":["Infernal Blade","Havoc","Mummified Hand"],"gold_per_floor":[112,36,53,108,185,215,233,233,286,286,301,301,266,277,277,372,372,382,393,20,20,20,20,53,53,53,53,82,101,111,124,124],"floor_reached":33,"campfire_rested":3,"playtime":1686,"current_hp_per_floor":[72,72,74,74,74,52,47,47,47,47,36,36,56,56,56,20,80,56,39,39,39,39,78,45,80,82,82,41,39,12,9,49],"items_purged":["Regret"],"gold":124,"play_id":"7506dc63-c6d8-4bcf-89f2-fcd0d75c1d15","is_prod":false,"is_daily":false,"campfire_rituals":0,"campfire_upgraded":1,"is_hardmode":false,"path_taken":["M","$","M","?","?","E","M","?","T","R","?","R","?","M","R","BOSS","M","M","$","?","?","R","E","R","T","R","E","M","M","M","R","BOSS"],"build_version":"2017-12-21-PROD1","purchased_purges":1,"victory":false,"master_deck":["Strike_R","Strike_R","Strike_R","Strike_R","Strike_R","Defend_R","Defend_R","Defend_R","Defend_R","Bash","Inflame","Wild Strike","Infernal Blade","Shrug It Off","Headbutt","Twin Strike","Demon Form","Writhe","Decay","Decay","Intimidate","Flex","Havoc","Decay","Writhe","Headbutt","Heavy Blade","Spot Weakness","Cleave"],"max_hp_per_floor":[80,80,80,80,80,80,80,80,80,80,80,80,80,80,80,80,80,80,80,80,80,80,80,80,80,82,82,84,84,84,84,84],"relics":["Burning Blood","Gremlin Horn","Girya","Bag of Preparation","Regal Pillow","Calling Bell","Happy Flower","Blue Candle","Prayer Wheel","Mummified Hand","Singing Bowl","Vajra","Shovel","Ginger"],"campfire_meditates":0,"card_choices":[{"not_picked":["Wild Strike","Sword Boomerang"],"picked":"Inflame"},{"not_picked":["Anger","Thunderclap"],"picked":"Wild Strike"},{"not_picked":["Dropkick","Hemokinesis"],"picked":"Shrug It Off"},{"not_picked":["Thunderclap","Battle Trance"],"picked":"Headbutt"},{"not_picked":["Evolve","Wild Strike"],"picked":"Twin Strike"},{"not_picked":["Bludgeon","Offering"],"picked":"Demon Form"},{"not_picked":["Fire Breathing","Evolve"],"picked":"Intimidate"},{"not_picked":["Cleave","Dropkick"],"picked":"Flex"},{"not_picked":["Flame Barrier","Impervious"],"picked":"Headbutt"},{"not_picked":["Combust","Twin Strike"],"picked":"Heavy Blade"},{"not_picked":["Burning Pact","Anger"],"picked":"Spot Weakness"},{"not_picked":["Disarm","Perfected Strike"],"picked":"Cleave"}],"player_experience":61661,"potions_floor_usage":[24,24,31,31,33],"damage_taken":[{"damage":14,"enemies":"Blue Slaver","floor":1,"turns":3},{"damage":4,"enemies":"Cultist","floor":3,"turns":3},{"damage":28,"enemies":"Lagavulin","floor":6,"turns":5},{"damage":11,"enemies":"Jaw Worm","floor":7,"turns":2},{"damage":17,"enemies":"Exordium Thugs","floor":11,"turns":3},{"damage":6,"enemies":"3 Louse","floor":14,"turns":2},{"damage":42,"enemies":"Hexaghost","floor":16,"turns":7},{"damage":30,"enemies":"Shell Parasite","floor":18,"turns":4},{"damage":23,"enemies":"Spheric Guardian","floor":19,"turns":4},{"damage":39,"enemies":"Slavers","floor":24,"turns":3},{"damage":49,"enemies":"Gremlin Leader","floor":28,"turns":6},{"damage":8,"enemies":"3 Cultists","floor":29,"turns":4},{"damage":33,"enemies":"Snake Plant","floor":30,"turns":3},{"damage":9,"enemies":"Snecko","floor":31,"turns":3},{"damage":70,"enemies":"Champ","floor":33,"turns":5}],"event_choices":[{"event_name":"Golden Wing","player_choice":"Gained Gold","floor":4,"damage_taken":0},{"event_name":"Big Fish","player_choice":"Box","floor":8,"damage_taken":0},{"event_name":"The Cleric","player_choice":"Healed","floor":13,"damage_taken":0},{"event_name":"Forgotten Altar","player_choice":"Smashed Altar","floor":21,"damage_taken":0},{"event_name":"The Mausoleum","player_choice":"Yes","floor":22,"damage_taken":0}],"boss_relics":[{"not_picked":["Runic Cube","Philosopher\u0027s Stone"],"picked":"Calling Bell"}],"potions_floor_spawned":[7,11,16,18,19,24,31],"seed_played":"5359806990595875084","killed_by":"Champ","is_trial":false}