{"gold_per_floor":[99,14,14,14,14,14,14,14,14,14,14,14,14,14,14,14,14,14,14,14,14,14,14,14,14,14,14,14,14,14,14,14,14,14,14,14,14,14,14,14,14,14,14,14,14,14,14,14,14,14],"floor_reached":51,"playtime":2307,"items_purged":[],"score":1229,"play_id":"e950de1b-749d-48c8-a176-92b9aa1fd7a6","local_time":"20190117131447","is_ascension_mode":true,"campfire_choices":[{"data":"Quick Slash","floor":6,"key":"SMITH"},{"data":"Noxious Fumes","floor":12,"key":"SMITH"},{"data":"Corpse Explosion","floor":15,"key":"SMITH"},{"data":"Neutralize","floor":24,"key":"SMITH"},{"data":"Sucker Punch","floor":32,"key":"SMITH"},{"floor":40,"key":"REST"},{"floor":44,"key":"REST"},{"floor":46,"key":"REST"},{"data":"Blur","floor":49,"key":"SMITH"}],"neow_cost":"NONE","seed_source_timestamp":1970878576888191,"circlet_count":0,"master_deck":["AscendersBane","Defend_G","Defend_G+1","Defend_G","Defend_G","Defend_G","Strike_G","Strike_G","Strike_G","Strike_G","Strike_G","Survivor","Neutralize+1","Noxious Fumes+1","Dash+1","Flying Knee","PiercingWail+1","Quick Slash+1","Corpse Explosion+1","Blur+1","Sucker Punch+1","Dagger Throw","Footwork+1","Sucker Punch","Heel Hook","Bane+1"],"relics":["Ectoplasm","WingedGreaves","Ancient Tea Set","Meat on the Bone","Happy Flower","Odd Mushroom","Busted Crown","Red Mask","Pantograph","Frozen Egg 2","Matryoshka","Bag of Preparation","Bag of Marbles","Lizard Tail","War Paint","Bottled Lightning"],"potions_floor_usage":[16,23,33],"damage_taken":[{"damage":3,"enemies":"Jaw Worm","floor":1,"turns":5},{"damage":0,"enemies":"2 Louse","floor":3,"turns":3},{"damage":0,"enemies":"Small Slimes","floor":5,"turns":3},{"damage":22,"enemies":"Lagavulin","floor":7,"turns":7},{"damage":6,"enemies":"Exordium Thugs","floor":8,"turns":3},{"damage":0,"enemies":"3 Sentries","floor":10,"turns":2},{"damage":3,"enemies":"2 Fungi Beasts","floor":11,"turns":3},{"damage":0,"enemies":"The Mushroom Lair","floor":14,"turns":4},{"damage":14,"enemies":"Hexaghost","floor":16,"turns":9},{"damage":9,"enemies":"Chosen","floor":18,"turns":5},{"damage":4,"enemies":"Masked Bandits","floor":21,"turns":3},{"damage":21,"enemies":"Slavers","floor":23,"turns":5},{"damage":31,"enemies":"Gremlin Leader","floor":25,"turns":8},{"damage":14,"enemies":"Slavers","floor":27,"turns":3},{"damage":7,"enemies":"Spheric Guardian","floor":28,"turns":4},{"damage":0,"enemies":"Centurion and Healer","floor":29,"turns":5},{"damage":0,"enemies":"Chosen and Byrds","floor":30,"turns":5},{"damage":5,"enemies":"Book of Stabbing","floor":31,"turns":6},{"damage":52,"enemies":"Automaton","floor":33,"turns":12},{"damage":13,"enemies":"Orb Walker","floor":35,"turns":4},{"damage":0,"enemies":"3 Darklings","floor":38,"turns":3},{"damage":10,"enemies":"Sphere and 2 Shapes","floor":39,"turns":8},{"damage":34,"enemies":"Spire Growth","floor":41,"turns":6},{"damage":18,"enemies":"Maw","floor":45,"turns":8},{"damage":6,"enemies":"Sphere and 2 Shapes","floor":47,"turns":5},{"damage":10,"enemies":"Spire Growth","floor":48,"turns":7},{"damage":48,"enemies":"Donu and Deca","floor":50,"turns":8}],"seed_played":"-2231960642704380366","potions_obtained":[{"floor":1,"key":"SteroidPotion"},{"floor":5,"key":"Energy Potion"},{"floor":11,"key":"LiquidBronze"},{"floor":16,"key":"Energy Potion"},{"floor":21,"key":"Fire Potion"},{"floor":25,"key":"GhostInAJar"},{"floor":33,"key":"EssenceOfSteel"},{"floor":47,"key":"GhostInAJar"}],"is_trial":false,"path_per_floor":["M","$","M","?","M","R","E","M","T","E","M","R","?","?","R","B",null,"M","?","$","?","?","E","R","E","T","E","M","M","M","E","R","B",null,"M","?","?","M","M","R","M","$","T","R","M","R","M","M","R","B",null],"character_chosen":"THE_SILENT","items_purchased":["Dash","Flying Knee"],"campfire_rested":3,"item_purchase_floors":[2,2],"current_hp_per_floor":[60,60,60,53,53,53,31,25,25,37,46,46,46,46,46,44,64,55,55,55,51,51,42,42,23,23,21,26,38,38,45,45,30,60,47,47,47,47,37,58,36,36,36,57,39,60,54,44,44,33],"gold":14,"neow_bonus":"BOSS_RELIC","is_prod":false,"is_daily":false,"chose_seed":false,"campfire_upgraded":6,"win_rate":0,"timestamp":1547730887,"path_taken":["M","$","M","?","M","R","E","M","T","E","M","R","?","?","R","BOSS","M","?","$","?","?","E","R","E","T","E","?","M","M","E","R","BOSS","M","?","?","M","?","R","M","$","T","R","?","R","M","M","R","BOSS"],"build_version":"2019-01-10","purchased_purges":0,"victory":true,"max_hp_per_floor":[70,70,70,70,70,70,70,70,70,70,70,70,70,70,70,70,70,70,70,70,70,70,70,70,70,70,70,70,70,70,70,70,70,70,70,70,70,70,70,70,70,70,70,70,70,70,70,70,70,70],"card_choices":[{"not_picked":["Prepared","Cloak And Dagger"],"picked":"Noxious Fumes","floor":1},{"not_picked":["Cloak And Dagger","Deflect"],"picked":"PiercingWail","floor":3},{"not_picked":["Catalyst","Bane"],"picked":"Quick Slash","floor":5},{"not_picked":["Crippling Poison","Escape Plan"],"picked":"Corpse Explosion","floor":7},{"not_picked":["Choke","Dagger Spray"],"picked":"Blur","floor":8},{"not_picked":["Concentrate","Slice","Crippling Poison"],"picked":"SKIP","floor":10},{"not_picked":["Setup","Underhanded Strike"],"picked":"Sucker Punch","floor":11},{"not_picked":["Quick Slash","Cloak And Dagger"],"picked":"Dagger Throw","floor":14},{"not_picked":[],"picked":"Footwork","floor":18},{"not_picked":["Poisoned Stab"],"picked":"SKIP","floor":23},{"not_picked":["Cloak And Dagger"],"picked":"SKIP","floor":25},{"not_picked":[],"picked":"Sucker Punch","floor":27},{"not_picked":["Outmaneuver"],"picked":"SKIP","floor":28},{"not_picked":["Cloak And Dagger"],"picked":"SKIP","floor":29},{"not_picked":[],"picked":"Heel Hook","floor":30},{"not_picked":["Endless Agony+1"],"picked":"SKIP","floor":31},{"not_picked":[],"picked":"Envenom+1","floor":33},{"not_picked":["Deflect"],"picked":"SKIP","floor":35},{"not_picked":["Setup"],"picked":"SKIP","floor":38},{"not_picked":["Dagger Throw"],"picked":"SKIP","floor":39},{"not_picked":["Deadly Poison"],"picked":"SKIP","floor":41},{"not_picked":["Backstab"],"picked":"SKIP","floor":45},{"not_picked":["Deadly Poison"],"picked":"SKIP","floor":47},{"not_picked":[],"picked":"Bane+1","floor":48}],"player_experience":378158,"relics_obtained":[{"floor":7,"key":"Ancient Tea Set"},{"floor":9,"key":"Meat on the Bone"},{"floor":10,"key":"Happy Flower"},{"floor":14,"key":"Odd Mushroom"},{"floor":21,"key":"Red Mask"},{"floor":23,"key":"Pantograph"},{"floor":25,"key":"Frozen Egg 2"},{"floor":26,"key":"Matryoshka"},{"floor":27,"key":"Bag of Preparation"},{"floor":31,"key":"Bag of Marbles"},{"floor":43,"key":"War Paint"},{"floor":43,"key":"Bottled Lightning"}],"event_choices":[{"damage_healed":0,"gold_gain":0,"player_choice":"Success","damage_taken":7,"relics_obtained":["WingedGreaves"],"max_hp_gain":0,"max_hp_loss":0,"event_name":"Scrap Ooze","floor":4,"gold_loss":0},{"damage_healed":0,"gold_gain":0,"player_choice":"Grow","damage_taken":0,"max_hp_gain":0,"max_hp_loss":0,"event_name":"Living Wall","floor":13,"gold_loss":0,"cards_upgraded":["Dash"]},{"damage_healed":0,"gold_gain":0,"player_choice":"Fought Mushrooms","damage_taken":0,"max_hp_gain":0,"max_hp_loss":0,"event_name":"Mushrooms","floor":14,"gold_loss":0},{"damage_healed":0,"gold_gain":0,"player_choice":"Ignored","damage_taken":0,"max_hp_gain":0,"max_hp_loss":0,"event_name":"Beggar","floor":19,"gold_loss":0},{"damage_healed":0,"gold_gain":0,"player_choice":"Fought Bandits","damage_taken":0,"max_hp_gain":0,"max_hp_loss":0,"event_name":"Masked Bandits","floor":21,"gold_loss":0},{"damage_healed":0,"gold_gain":0,"player_choice":"Upgraded","damage_taken":0,"max_hp_gain":0,"max_hp_loss":0,"event_name":"Upgrade Shrine","floor":22,"gold_loss":0,"cards_upgraded":["Footwork"]},{"cards_removed":["Envenom"],"damage_healed":0,"gold_gain":0,"player_choice":"Removed Power","damage_taken":0,"max_hp_gain":0,"max_hp_loss":0,"event_name":"Falling","floor":36,"gold_loss":0},{"damage_healed":0,"gold_gain":222,"player_choice":"Wore Mask","damage_taken":0,"max_hp_gain":0,"max_hp_loss":0,"event_name":"Tomb of Lord Red Mask","floor":37,"gold_loss":0}],"is_beta":false,"boss_relics":[{"not_picked":["Pandora\u0027s Box","Coffee Dripper"],"picked":"Busted Crown"},{"not_picked":["WristBlade","Runic Dome"],"picked":"Lizard Tail"}],"items_purged_floors":[],"is_endless":false,"potions_floor_spawned":[1,5,11,14,16,21,25,27,31,33,41,47,48],"ascension_level":12}