{"gold_per_floor":[118,136,62,74,74,74,90,90,114,128,4,279,290,310,310,410,410,420,420,420,435,450,450,450,450,450,450,52,52,72,87,87,192,192,203,78,78,91,108,108,136,136,136,148,148,148,163,177,177,177],"floor_reached":51,"playtime":1260,"items_purged":["Strike_R","Strike_R","Strike_R"],"score":821,"play_id":"bf260ac3-b771-4888-b064-595c45a458c6","local_time":"20190426095152","is_ascension_mode":false,"campfire_choices":[{"data":"Searing Blow","floor":6.0,"key":"SMITH"},{"data":"Searing Blow+1","floor":8.0,"key":"SMITH"},{"data":"Searing Blow+2","floor":15.0,"key":"SMITH"},{"data":"Searing Blow+4","floor":23.0,"key":"SMITH"},{"data":"Searing Blow+5","floor":25.0,"key":"SMITH"},{"data":"Searing Blow+6","floor":27.0,"key":"SMITH"},{"data":"Searing Blow+7","floor":32.0,"key":"SMITH"},{"data":"Searing Blow+8","floor":40.0,"key":"SMITH"},{"data":"Searing Blow+9","floor":46.0,"key":"SMITH"},{"data":"Searing Blow+10","floor":49.0,"key":"SMITH"}],"neow_cost":"NONE","seed_source_timestamp":17797991021235,"circlet_count":0,"master_deck":["Strike_R","Strike_R","Defend_R","Defend_R","Defend_R","Defend_R","Bash","Searing Blow+11","Armaments","Feed","Flex","Thunderclap","Sever Soul","Double Tap","Carnage","Impervious","Clothesline","Demon Form","Writhe"],"special_seed":0,"relics":["Burning Blood","NeowsBlessing","Bag of Marbles","Ancient Tea Set","Snecko Eye","Blood Vial","Pocketwatch","Nloth\u0027s Gift","Philosopher\u0027s Stone","Shuriken","Question Card"],"potions_floor_usage":[50,50,50],"damage_taken":[{"damage":0.0,"enemies":"Small Slimes","floor":1.0,"turns":1.0},{"damage":0.0,"enemies":"Jaw Worm","floor":2.0,"turns":1.0},{"damage":0.0,"enemies":"Cultist","floor":4.0,"turns":1.0},{"damage":8.0,"enemies":"2 Fungi Beasts","floor":7.0,"turns":4.0},{"damage":6.0,"enemies":"3 Louse","floor":10.0,"turns":5.0},{"damage":10.0,"enemies":"Red Slaver","floor":13.0,"turns":4.0},{"damage":13.0,"enemies":"Exordium Thugs","floor":14.0,"turns":3.0},{"damage":53.0,"enemies":"The Guardian","floor":16.0,"turns":9.0},{"damage":25.0,"enemies":"Shell Parasite","floor":18.0,"turns":4.0},{"damage":10.0,"enemies":"Chosen","floor":21.0,"turns":3.0},{"damage":0.0,"enemies":"Centurion and Healer","floor":22.0,"turns":2.0},{"damage":0.0,"enemies":"Cultist and Chosen","floor":30.0,"turns":2.0},{"damage":2.0,"enemies":"Chosen and Byrds","floor":31.0,"turns":3.0},{"damage":75.0,"enemies":"Automaton","floor":33.0,"turns":7.0},{"damage":0.0,"enemies":"3 Shapes","floor":35.0,"turns":2.0},{"damage":7.0,"enemies":"3 Darklings","floor":38.0,"turns":4.0},{"damage":3.0,"enemies":"Sphere and 2 Shapes","floor":39.0,"turns":3.0},{"damage":66.0,"enemies":"Nemesis","floor":41.0,"turns":5.0},{"damage":0.0,"enemies":"Jaw Worm Horde","floor":44.0,"turns":4.0},{"damage":7.0,"enemies":"Spire Growth","floor":47.0,"turns":2.0},{"damage":0.0,"enemies":"Maw","floor":48.0,"turns":1.0},{"damage":77,"enemies":"Awakened One","floor":50,"turns":8}],"seed_played":"4079395048915186502","potions_obtained":[{"floor":7.0,"key":"Dexterity Potion"},{"floor":13.0,"key":"GamblersBrew"},{"floor":14.0,"key":"Energy Potion"},{"floor":18.0,"key":"BloodPotion"},{"floor":21.0,"key":"Fruit Juice"},{"floor":31.0,"key":"FearPotion"},{"floor":33.0,"key":"SteroidPotion"}],"is_trial":false,"path_per_floor":["M","M","$","M","?","R","M","R","T","M","$","?","M","M","R","B",null,"M","?","?","M","M","R","T","R","T","R","$","?","M","M","R","B",null,"M","$","?","M","M","R","E","?","T","M","$","R","M","M","R","B",null],"character_chosen":"IRONCLAD","items_purchased":["Searing Blow","Flex","Pocketwatch"],"campfire_rested":0,"item_purchase_floors":[3,11,28],"current_hp_per_floor":[80,80,80,80,77,77,75,75,75,75,75,75,74,70,70,23,86,67,67,67,76,82,82,82,82,82,82,82,82,93,94,94,25,94,97,97,97,96,100,100,43,69,69,80,80,80,81,92,92,23],"gold":177,"neow_bonus":"THREE_ENEMY_KILL","is_prod":false,"is_daily":false,"chose_seed":false,"campfire_upgraded":10,"win_rate":0,"timestamp":1556293912,"path_taken":["M","M","$","M","?","R","M","R","T","M","$","?","M","?","R","BOSS","M","?","?","M","?","R","?","R","T","R","$","?","M","?","R","BOSS","M","$","?","M","M","R","E","?","T","M","?","R","M","?","R","BOSS"],"build_version":"2019-01-23","purchased_purges":3,"victory":true,"max_hp_per_floor":[80,80,80,80,80,80,80,80,80,80,80,80,83,86,86,86,86,86,86,86,91,91,91,91,91,91,91,91,91,94,94,94,94,94,97,97,97,97,100,100,103,103,103,106,106,106,106,109,109,109],"card_choices":[{"not_picked":["Cleave","Armaments","Burning Pact"],"picked":"SKIP","floor":1.0},{"not_picked":["Havoc","Shrug It Off","Entrench"],"picked":"SKIP","floor":2.0},{"not_picked":["Clothesline","Wild Strike"],"picked":"Armaments","floor":4.0},{"not_picked":["Reckless Charge","Shrug It Off","Warcry"],"picked":"SKIP","floor":7.0},{"not_picked":["Wild Strike","Shrug It Off"],"picked":"Feed","floor":10.0},{"not_picked":["Anger","Wild Strike"],"picked":"Thunderclap","floor":13.0},{"not_picked":["Sever Soul","Anger","Hemokinesis"],"picked":"SKIP","floor":14.0},{"not_picked":["Anger","Hemokinesis"],"picked":"Sever Soul","floor":14.0},{"not_picked":["Reaper","Barricade"],"picked":"Double Tap","floor":16.0},{"not_picked":["Burning Pact","Wild Strike"],"picked":"Carnage","floor":18.0},{"not_picked":["Feel No Pain","Bloodletting","Havoc"],"picked":"SKIP","floor":21.0},{"not_picked":["Combust","Sword Boomerang","Body Slam"],"picked":"SKIP","floor":22.0},{"not_picked":["Anger","Pommel Strike+1"],"picked":"Impervious","floor":30.0},{"not_picked":["Body Slam","Warcry","Clothesline"],"picked":"SKIP","floor":31.0},{"not_picked":["Body Slam","Warcry"],"picked":"Clothesline","floor":31.0},{"not_picked":["Reaper","Fiend Fire"],"picked":"Demon Form","floor":33.0},{"not_picked":["True Grit","Evolve+1","Spot Weakness+1"],"picked":"SKIP","floor":35.0},{"not_picked":["Reaper","Armaments","Thunderclap+1"],"picked":"SKIP","floor":38.0},{"not_picked":["Twin Strike","Thunderclap+1","Pummel+1"],"picked":"SKIP","floor":39.0},{"not_picked":["Pommel Strike+1","Body Slam","Sword Boomerang+1"],"picked":"SKIP","floor":41.0},{"not_picked":["Twin Strike+1","Cleave+1","Intimidate","Body Slam"],"picked":"SKIP","floor":44.0},{"not_picked":["Flex","Inflame","Armaments","Twin Strike"],"picked":"SKIP","floor":47.0},{"not_picked":["Rupture","Ghostly Armor","Flex","Iron Wave+1"],"picked":"SKIP","floor":48.0}],"player_experience":1319439,"relics_obtained":[{"floor":9.0,"key":"Ancient Tea Set"},{"floor":24.0,"key":"Blood Vial"},{"floor":26.0,"key":"Unceasing Top"},{"floor":41.0,"key":"Shuriken"},{"floor":43.0,"key":"Question Card"}],"event_choices":[{"damage_healed":0.0,"max_hp_gain":0.0,"max_hp_loss":0.0,"gold_gain":0.0,"event_name":"Scrap Ooze","player_choice":"Success","floor":5.0,"gold_loss":0.0,"damage_taken":3.0,"relics_obtained":["Bag of Marbles"]},{"damage_healed":0.0,"max_hp_gain":0.0,"max_hp_loss":0.0,"gold_gain":275.0,"event_name":"Golden Shrine","player_choice":"Desecrate","floor":12.0,"gold_loss":0.0,"damage_taken":0.0,"cards_obtained":["Regret"]},{"cards_removed":["Regret"],"damage_healed":0.0,"max_hp_gain":0.0,"max_hp_loss":0.0,"gold_gain":0.0,"event_name":"Back to Basics","player_choice":"Elegance","floor":19.0,"gold_loss":0.0,"damage_taken":0.0},{"damage_healed":0.0,"max_hp_gain":0.0,"max_hp_loss":0.0,"gold_gain":0.0,"event_name":"Upgrade Shrine","player_choice":"Upgraded","floor":20.0,"gold_loss":0.0,"damage_taken":0.0,"cards_upgraded":["Searing Blow"]},{"damage_healed":0.0,"max_hp_gain":0.0,"max_hp_loss":0.0,"gold_gain":0.0,"event_name":"N\u0027loth","player_choice":"Traded Relic","floor":29.0,"relics_lost":["Unceasing Top"],"gold_loss":0.0,"damage_taken":0.0,"relics_obtained":["Nloth\u0027s Gift"]},{"damage_healed":0.0,"max_hp_gain":0.0,"max_hp_loss":0.0,"gold_gain":0.0,"event_name":"Tomb of Lord Red Mask","player_choice":"Ignored","floor":37.0,"gold_loss":0.0,"damage_taken":0.0},{"damage_healed":26.0,"max_hp_gain":0.0,"max_hp_loss":0.0,"gold_gain":0.0,"event_name":"Winding Halls","player_choice":"Writhe","floor":42.0,"gold_loss":0.0,"damage_taken":0.0,"cards_obtained":["Writhe"]}],"is_beta":false,"boss_relics":[{"not_picked":["Velvet Choker","Tiny House"],"picked":"Snecko Eye"},{"not_picked":["Astrolabe","Runic Cube"],"picked":"Philosopher\u0027s Stone"}],"items_purged_floors":[11,28,36],"is_endless":false,"potions_floor_spawned":[7,13,14,18,21,31,33,39,44],"ascension_level":0}