{"gold_per_floor":[113,113,63,73,91,91,124,124,205,205,218,143,143,73,73,176,176,163,163,183,30,30,30,43,0,53,53,66,66,66],"floor_reached":30,"playtime":9017,"items_purged":["Strike_B"],"score":328,"play_id":"eb4b26f3-c5af-43c5-a7f8-3631baec2926","local_time":"20190429011029","is_ascension_mode":true,"campfire_choices":[{"data":"Zap","floor":6,"key":"SMITH"},{"data":"Meteor Strike","floor":8,"key":"SMITH"},{"data":"Dualcast","floor":10,"key":"SMITH"},{"floor":13,"key":"REST"},{"data":"Loop","floor":15,"key":"SMITH"},{"floor":23,"key":"REST"}],"neow_cost":"NONE","seed_source_timestamp":398964057703200,"circlet_count":0,"master_deck":["Strike_B","Strike_B","Defend_B","Defend_B","Defend_B","Zap+1","Dualcast+1","Cold Snap","Conserve Battery","Meteor Strike+1","Loop+1","Cold Snap","Self Repair","Conserve Battery+1"],"relics":["Nuclear Battery","Oddly Smooth Stone","Shuriken","Philosopher\u0027s Stone","Bag of Preparation","Orichalcum","Smiling Mask"],"potions_floor_usage":[7,16,16,20,30,30,30,30,30,30],"damage_taken":[{"damage":0,"enemies":"Cultist","floor":1,"turns":4},{"damage":0,"enemies":"Small Slimes","floor":4,"turns":3},{"damage":0,"enemies":"Jaw Worm","floor":5,"turns":3},{"damage":37,"enemies":"Lagavulin","floor":7,"turns":10},{"damage":0,"enemies":"Exordium Thugs","floor":11,"turns":4},{"damage":13,"enemies":"Hexaghost","floor":16,"turns":10},{"damage":15,"enemies":"2 Thieves","floor":18,"turns":4},{"damage":23,"enemies":"Colosseum Slavers","floor":19,"turns":3},{"damage":0,"enemies":"Chosen","floor":20,"turns":3},{"damage":16,"enemies":"Snecko","floor":24,"turns":5},{"damage":13,"enemies":"Shelled Parasite and Fungi","floor":28,"turns":7},{"damage":41,"enemies":"Gremlin Leader","floor":30,"turns":5}],"seed_played":"-1458298806593564877","potions_obtained":[{"floor":4,"key":"SkillPotion"},{"floor":7,"key":"Dexterity Potion"},{"floor":11,"key":"Strength Potion"},{"floor":18,"key":"FearPotion"},{"floor":28,"key":"EssenceOfSteel"},{"floor":29,"key":"EntropicBrew"},{"floor":29,"key":"SteroidPotion"}],"is_trial":false,"path_per_floor":["M","?","?","M","M","R","E","R","T","R","M","$","R","$","R","B",null,"M","?","M","$","?","R","M","?","T","?","M","?","E"],"character_chosen":"DEFECT","items_purchased":["Loop","Bag of Preparation"],"campfire_rested":2,"item_purchase_floors":[14,21],"current_hp_per_floor":[68,68,68,68,68,68,31,31,31,31,31,31,53,53,53,40,66,51,28,28,28,28,50,41,41,41,27,21,21,0],"gold":66,"neow_bonus":"BOSS_RELIC","is_prod":false,"is_daily":false,"chose_seed":false,"campfire_upgraded":4,"win_rate":0,"timestamp":1556521829,"path_taken":["M","?","?","M","M","R","E","R","T","R","?","?","R","$","R","BOSS","M","?","M","$","?","R","M","?","T","?","?","?","E"],"build_version":"2019-04-23","purchased_purges":1,"victory":false,"max_hp_per_floor":[75,75,75,75,75,75,75,75,75,75,75,75,75,75,75,75,75,75,75,75,75,75,75,75,75,75,80,80,80,80],"card_choices":[{"not_picked":["Sweeping Beam","Stack"],"picked":"Cold Snap","floor":1},{"not_picked":["Tempest","Barrage"],"picked":"Conserve Battery","floor":4},{"not_picked":["Undo","Double Energy","Recycle"],"picked":"SKIP","floor":5},{"not_picked":["Streamline","Auto Shields"],"picked":"Meteor Strike","floor":7},{"not_picked":["Stack","Compile Driver","Reinforced Body"],"picked":"SKIP","floor":11},{"not_picked":["Rip and Tear","Cold Snap","White Noise"],"picked":"SKIP","floor":18},{"not_picked":["Rip and Tear","White Noise"],"picked":"Cold Snap","floor":18},{"not_picked":["Rebound","Turbo"],"picked":"Self Repair","floor":20},{"not_picked":["Compile Driver","Stack+1"],"picked":"Conserve Battery+1","floor":24},{"not_picked":["Hello World","Conserve Battery","Blizzard"],"picked":"SKIP","floor":28}],"player_experience":558580,"relics_obtained":[{"floor":7,"key":"Oddly Smooth Stone"},{"floor":9,"key":"Shuriken"},{"floor":26,"key":"Smiling Mask"}],"event_choices":[{"cards_removed":["Strike_B"],"damage_healed":0,"gold_gain":0,"player_choice":"Forget","damage_taken":0,"max_hp_gain":0,"max_hp_loss":0,"event_name":"Living Wall","floor":2,"gold_loss":0},{"cards_removed":["Defend_B"],"damage_healed":0,"gold_gain":0,"player_choice":"Card Removal","damage_taken":0,"max_hp_gain":0,"max_hp_loss":0,"event_name":"The Cleric","floor":3,"gold_loss":50},{"damage_healed":0,"gold_gain":0,"player_choice":"Fight","damage_taken":0,"max_hp_gain":0,"max_hp_loss":0,"event_name":"Colosseum","floor":19,"gold_loss":0},{"damage_healed":0,"gold_gain":0,"player_choice":"Fled From Nobs","damage_taken":0,"max_hp_gain":0,"max_hp_loss":0,"event_name":"Colosseum","floor":19,"gold_loss":0},{"damage_healed":0,"gold_gain":0,"player_choice":"Opened","damage_taken":0,"relics_obtained":["Orichalcum"],"max_hp_gain":0,"max_hp_loss":0,"event_name":"The Mausoleum","floor":22,"gold_loss":0},{"damage_healed":0,"gold_gain":0,"player_choice":"Paid Fearfully","damage_taken":0,"max_hp_gain":0,"max_hp_loss":0,"event_name":"Masked Bandits","floor":25,"gold_loss":43},{"damage_healed":0,"gold_gain":0,"player_choice":"Shed Blood","damage_taken":19,"max_hp_gain":5,"max_hp_loss":0,"event_name":"Forgotten Altar","floor":27,"gold_loss":0},{"damage_healed":0,"gold_gain":0,"player_choice":"Got Potions","damage_taken":0,"max_hp_gain":0,"max_hp_loss":0,"event_name":"Lab","floor":29,"gold_loss":0}],"is_beta":true,"boss_relics":[{"not_picked":["Coffee Dripper","Lizard Tail"],"picked":"Philosopher\u0027s Stone"}],"items_purged_floors":[12],"is_endless":false,"potions_floor_spawned":[4,7,11,18,28],"killed_by":"Gremlin Leader","ascension_level":9}