{"gold_per_floor":[109,129,141,141,161,161,161,171,171,187,197,372,472,10,10,113,113,129,175,185,195,205,205],"floor_reached":23,"playtime":1683,"items_purged":["Doubt"],"score":281,"play_id":"b909e2bb-e9ea-4e8a-80de-d7166c8aade7","local_time":"20190115122146","is_ascension_mode":true,"campfire_choices":[{"data":"Wild Strike","floor":6,"key":"SMITH"},{"data":"Secret Technique","floor":15,"key":"SMITH"}],"neow_cost":"NONE","seed_source_timestamp":1794761797326846,"circlet_count":0,"master_deck":["AscendersBane","Strike_R","Strike_R","Strike_R","Strike_R","Strike_R","Defend_R","Defend_R","Defend_R","Defend_R","Bash","Finesse","Wild Strike+1","Impervious","True Grit","Headbutt","Anger","Immolate","Second Wind","Shrug It Off","Secret Technique+1","Pommel Strike","Injury","Cleave"],"special_seed":0,"relics":["Burning Blood","Dodecahedron","Medical Kit","Cursed Key","Potion Belt"],"potions_floor_usage":[16,16,18,20,21,21,23],"damage_taken":[{"damage":7,"enemies":"2 Louse","floor":1,"turns":3},{"damage":0,"enemies":"Cultist","floor":2,"turns":3},{"damage":0,"enemies":"Small Slimes","floor":3,"turns":3},{"damage":30,"enemies":"Gremlin Gang","floor":5,"turns":7},{"damage":0,"enemies":"3 Louse","floor":8,"turns":4},{"damage":8,"enemies":"Looter","floor":10,"turns":3},{"damage":5,"enemies":"Red Slaver","floor":11,"turns":2},{"damage":43,"enemies":"Hexaghost","floor":16,"turns":9},{"damage":11,"enemies":"2 Thieves","floor":18,"turns":4},{"damage":7,"enemies":"Spheric Guardian","floor":20,"turns":4},{"damage":20,"enemies":"Cultist and Chosen","floor":21,"turns":6},{"damage":42,"enemies":"Shelled Parasite and Fungi","floor":22,"turns":7},{"damage":28,"enemies":"Book of Stabbing","floor":23,"turns":2}],"seed_played":"-7176924442616129445","potions_obtained":[{"floor":4,"key":"LiquidBronze"},{"floor":4,"key":"Ancient Potion"},{"floor":4,"key":"Block Potion"},{"floor":8,"key":"FearPotion"},{"floor":16,"key":"Block Potion"},{"floor":18,"key":"BloodPotion"},{"floor":20,"key":"Poison Potion"},{"floor":22,"key":"SteroidPotion"}],"is_trial":false,"path_per_floor":["M","M","M","?","M","R","?","M","T","M","M","?","?","$","R","B",null,"M","T","M","M","M","E"],"character_chosen":"IRONCLAD","items_purchased":["Medical Kit","Secret Technique"],"campfire_rested":0,"item_purchase_floors":[14,14],"current_hp_per_floor":[71,77,80,80,56,56,56,62,62,60,61,61,61,61,61,24,66,61,61,60,54,18,0],"gold":205,"neow_bonus":"RANDOM_COLORLESS","is_prod":false,"is_daily":false,"chose_seed":false,"campfire_upgraded":2,"win_rate":0,"timestamp":1547554906,"path_taken":["M","M","M","?","?","R","?","?","T","?","M","?","?","$","R","BOSS","M","?","M","M","?","E"],"build_version":"2019-01-10","purchased_purges":1,"victory":false,"max_hp_per_floor":[80,80,80,80,80,80,80,80,80,80,80,80,80,80,80,80,80,80,80,80,80,80,80],"card_choices":[{"not_picked":["Cleave","Shrug It Off"],"picked":"Wild Strike","floor":1},{"not_picked":["Thunderclap","Clothesline"],"picked":"Impervious","floor":2},{"not_picked":["Body Slam","Bloodletting"],"picked":"True Grit","floor":3},{"not_picked":["Entrench","Flex"],"picked":"Headbutt","floor":5},{"not_picked":["Inflame","Sword Boomerang"],"picked":"Immolate","floor":8},{"not_picked":["Clash","Cleave"],"picked":"Second Wind","floor":10},{"not_picked":["Pommel Strike","Armaments"],"picked":"Shrug It Off","floor":11},{"not_picked":["Infernal Blade","Dropkick+1"],"picked":"Pommel Strike","floor":18},{"not_picked":["Perfected Strike","Anger","Havoc"],"picked":"SKIP","floor":20},{"not_picked":["Second Wind","Perfected Strike+1"],"picked":"Cleave","floor":21},{"not_picked":["Headbutt","Sword Boomerang+1","Offering"],"picked":"SKIP","floor":22}],"player_experience":314575,"relics_obtained":[{"floor":9,"key":"Dodecahedron"},{"floor":19,"key":"Potion Belt"}],"event_choices":[{"damage_healed":0,"gold_gain":0,"player_choice":"Got Potions","damage_taken":0,"max_hp_gain":0,"max_hp_loss":0,"event_name":"Lab","floor":4,"gold_loss":0},{"damage_healed":0,"gold_gain":0,"player_choice":"1 cards matched","damage_taken":0,"max_hp_gain":0,"max_hp_loss":0,"event_name":"Match and Keep!","floor":7,"gold_loss":0,"cards_obtained":["Anger"]},{"damage_healed":0,"gold_gain":175,"player_choice":"AGREE","damage_taken":0,"max_hp_gain":0,"max_hp_loss":0,"event_name":"Liars Game","floor":12,"gold_loss":0,"cards_obtained":["Doubt"]},{"damage_healed":0,"gold_gain":100,"player_choice":"Pray","damage_taken":0,"max_hp_gain":0,"max_hp_loss":0,"event_name":"Golden Shrine","floor":13,"gold_loss":0}],"is_beta":false,"boss_relics":[{"not_picked":["Calling Bell","Velvet Choker"],"picked":"Cursed Key"}],"items_purged_floors":[14],"is_endless":false,"potions_floor_spawned":[8,10,11,16,18,20,22],"killed_by":"Book of Stabbing","ascension_level":10}