{"path_per_floor":["M","$","M","?","M","E","R","M","T","M","R","$","?","E","R","B",null,"M","$","?","?","?","R","E","M","T","M","R","?","$","M","R","B",null,"M","$","T","M","M","R","E","$","T","R","M","E","R","M","R"],"character_chosen":"THE_SILENT","items_purchased":["Backstab"],"gold_per_floor":[118,43,60,10,22,55,55,75,75,89,89,89,89,116,116,211,211,211,40,40,40,40,40,40,40,40,40,40,40,40,40,40,40,40,40,40,40,40,40,40,40,40,40,40,40,40,40,40,40,40],"floor_reached":50,"campfire_rested":8,"playtime":1960,"current_hp_per_floor":[62,62,58,58,58,24,45,35,35,29,50,50,50,23,44,15,56,39,39,39,39,39,60,32,32,32,13,34,34,34,19,40,16,57,56,56,56,58,56,70,63,63,63,63,61,58,58,48,69,0],"items_purged":["Doubt","Strike_G"],"gold":40,"score":802,"play_id":"90dbda1c-2d4d-4ce9-b4d4-ef34b56758f5","local_time":"20180412121602","is_prod":false,"is_daily":false,"chose_seed":false,"is_ascension_mode":true,"campfire_upgraded":2,"timestamp":1523556962,"path_taken":["M","$","M","?","M","E","R","M","T","?","R","$","?","E","R","BOSS","M","$","?","?","?","R","E","M","T","M","R","?","$","M","R","BOSS","M","?","?","?","M","R","E","$","T","R","M","E","R","M","R","BOSS"],"build_version":"2018-04-11","seed_source_timestamp":65251859761378,"purchased_purges":2,"victory":false,"master_deck":["Defend_G","Defend_G+1","Defend_G+1","Strike_G","Strike_G","Survivor","Neutralize","Clumsy","Prepared","Dagger Throw","Predator","Riddle With Holes","Concentrate","Burst+1","Storm of Steel","Accuracy","Backstab","Slice","Escape Plan","Deflect","Setup+1","Finisher","Adrenaline+1","Flying Knee+1","Poisoned Stab+1","All Out Attack+1","Deflect+1"],"max_hp_per_floor":[70,70,70,70,70,70,70,70,70,70,70,70,70,70,70,70,70,70,70,70,70,70,70,70,70,70,70,70,70,70,70,70,70,70,70,70,70,70,70,70,70,70,70,70,70,70,70,70,70,70],"relics":["Calling Bell","War Paint","Sundial","Vajra","Bag of Marbles","Happy Flower","Unceasing Top","Ectoplasm","Shuriken","Tiny Chest","Astrolabe","Blood Vial","Thread and Needle","Meat on the Bone","Orichalcum"],"card_choices":[{"not_picked":["Predator","Poisoned Stab"],"picked":"Prepared","floor":1},{"not_picked":["Expertise","Outmaneuver"],"picked":"Dagger Throw","floor":3},{"not_picked":["Heel Hook","Dagger Spray"],"picked":"Predator","floor":5},{"not_picked":["Prepared","Cloak And Dagger"],"picked":"Riddle With Holes","floor":6},{"not_picked":["Dagger Throw","Backflip"],"picked":"Concentrate","floor":8},{"not_picked":["Acrobatics","Deflect"],"picked":"Burst","floor":10},{"not_picked":["Deadly Poison","Underhanded Strike"],"picked":"Accuracy","floor":14},{"not_picked":["Dagger Throw","Heel Hook"],"picked":"Escape Plan","floor":24},{"not_picked":["Quick Slash","PiercingWail"],"picked":"Deflect","floor":25},{"not_picked":["Bane","Flechettes"],"picked":"Setup","floor":27},{"not_picked":["Bane","Dagger Throw"],"picked":"Finisher","floor":31},{"not_picked":["Storm of Steel","Phantasmal Killer"],"picked":"Adrenaline","floor":33},{"not_picked":["Dagger Throw","Underhanded Strike"],"picked":"Deflect","floor":35}],"player_experience":298444,"potions_floor_usage":[14,14,27,31,33,33,35,41,50,50],"damage_taken":[{"damage":1,"enemies":"Small Slimes","floor":1,"turns":6},{"damage":4,"enemies":"2 Louse","floor":3,"turns":4},{"damage":0,"enemies":"Cultist","floor":5,"turns":4},{"damage":34,"enemies":"Gremlin Nob","floor":6,"turns":5},{"damage":10,"enemies":"Exordium Wildlife","floor":8,"turns":4},{"damage":6,"enemies":"3 Louse","floor":10,"turns":3},{"damage":27,"enemies":"Lagavulin","floor":14,"turns":5},{"damage":29,"enemies":"The Guardian","floor":16,"turns":13},{"damage":17,"enemies":"Chosen","floor":18,"turns":4},{"damage":28,"enemies":"Slavers","floor":24,"turns":7},{"damage":0,"enemies":"Shell Parasite","floor":25,"turns":3},{"damage":19,"enemies":"Snecko","floor":27,"turns":6},{"damage":15,"enemies":"Centurion and Healer","floor":31,"turns":5},{"damage":24,"enemies":"Automaton","floor":33,"turns":8},{"damage":1,"enemies":"3 Shapes","floor":35,"turns":3},{"damage":0,"enemies":"Orb Walker","floor":38,"turns":1},{"damage":4,"enemies":"4 Shapes","floor":39,"turns":4},{"damage":7,"enemies":"Giant Head","floor":41,"turns":4},{"damage":4,"enemies":"Flame Bruiser 2 Orb","floor":45,"turns":5},{"damage":5,"enemies":"Nemesis","floor":46,"turns":5},{"damage":12,"enemies":"Maw","floor":48,"turns":5},{"damage":71,"enemies":"Time Eater","floor":50,"turns":5}],"event_choices":[{"event_name":"The Cleric","player_choice":"Card Removal","floor":4,"damage_taken":0},{"event_name":"Living Wall","player_choice":"Change","floor":13,"damage_taken":0},{"event_name":"The Library","player_choice":"Read","floor":20,"damage_taken":0},{"event_name":"N\u0027loth","player_choice":"Ignored","floor":21,"damage_taken":0},{"event_name":"Ghosts","player_choice":"Ignored","floor":22,"damage_taken":0},{"event_name":"Vampires","player_choice":"Ignored","floor":29,"damage_taken":0}],"boss_relics":[{"not_picked":["Snecko Eye","Velvet Choker"],"picked":"Ectoplasm"},{"not_picked":["Eternal Feather","Pandora\u0027s Box"],"picked":"Astrolabe"}],"potions_floor_spawned":[5,6,16,18,27,31,33,35,39,41],"seed_played":"-3210829531316898175","killed_by":"Time Eater","ascension_level":9,"is_trial":false}