{"path_per_floor":["M","M","M","M","$","R","?","?","T","T","R","M","E","M","R","B",null,"M","?","$","M","?","E","R","$","T","M","R","E","R","M","R","B",null,"M","?","M","?","$","E","R","?","T","R","M","R","$","E","R","B"],"character_chosen":"DEFECT","items_purchased":["Gash","Doom and Gloom","Genetic Algorithm","Magnetism","White Noise","Gash"],"gold_per_floor":[110,127,145,165,92,92,92,167,242,242,242,259,288,307,307,409,409,428,428,281,300,300,332,332,84,84,102,102,129,129,146,146,246,246,258,258,278,278,82,107,107,107,107,107,126,126,126,154,154,154],"floor_reached":51,"campfire_rested":6,"playtime":3111,"current_hp_per_floor":[67,67,67,58,58,58,58,47,47,47,67,66,55,50,50,24,68,48,48,48,42,42,41,65,65,65,60,60,22,48,50,74,74,82,77,77,84,90,90,78,78,68,78,78,59,89,89,48,79,104],"items_purged":["Strike_B","Decay"],"gold":154,"score":766,"play_id":"60cfe955-10df-4f23-8e05-409780458458","local_time":"20180427112615","is_prod":false,"is_daily":false,"chose_seed":false,"is_ascension_mode":false,"campfire_upgraded":5,"timestamp":1524849975,"path_taken":["M","M","?","M","$","R","?","?","T","?","R","M","E","?","R","BOSS","M","?","$","M","?","E","R","$","T","M","R","E","R","M","R","BOSS","M","?","M","?","$","E","R","?","T","R","M","R","$","E","R","BOSS"],"build_version":"2018-04-26v2","seed_source_timestamp":140431840495223,"purchased_purges":2,"victory":true,"master_deck":["Defend_B","Defend_B","Defend_B","Dualcast","Glacier","Machine Learning","Capacitor+1","Streamline","Seek","Rainbow","Nova+1","Echo Form+1","Buffer+1","Doom and Gloom","Genetic Algorithm","Magnetism","Chill","Double Energy","Creative AI","Blizzard+1","Force Field+1","Chaos+1","Impulse","White Noise","Gash","Jack Of All Trades+1","Apotheosis","Thinking Ahead","White Noise","Defragment","Allocate+1"],"max_hp_per_floor":[68,68,68,68,68,68,68,68,68,68,68,68,68,68,68,68,68,70,70,70,72,72,74,76,76,76,78,78,80,82,82,82,82,82,82,82,84,90,90,92,92,92,102,102,102,102,102,104,104,104],"relics":["Cracked Core","Meat on the Bone","Dead Branch","Singing Bowl","Snecko Eye","Dream Catcher","Darkstone Periapt","The Courier","Astrolabe","Gambling Chip","Pear","Bird Faced Urn"],"card_choices":[{"not_picked":["Coolheaded","Axe Kick"],"picked":"Capacitor","floor":1},{"not_picked":["Axe Kick","Streamline"],"picked":"Cold Snap","floor":2},{"not_picked":["Buffer","Go for the Eyes"],"picked":"Streamline","floor":3},{"not_picked":["Go for the Eyes","Leap"],"picked":"Seek","floor":12},{"not_picked":["Skim","Sweeping Beam"],"picked":"Rainbow","floor":13},{"not_picked":["Rebound","Reinforced Body"],"picked":"Nova","floor":14},{"not_picked":["Biased Cognition","Redo"],"picked":"Echo Form","floor":16},{"not_picked":["Doom and Gloom","Storm"],"picked":"Chill","floor":31},{"not_picked":["Turbo","Impulse"],"picked":"Double Energy","floor":32},{"not_picked":["Redo","Rainbow"],"picked":"Creative AI","floor":33},{"not_picked":["Barrage","Stack"],"picked":"Impulse","floor":35},{"not_picked":["Madness","Deep Breath"],"picked":"Jack Of All Trades","floor":42},{"not_picked":["Purity","Swift Strike"],"picked":"Apotheosis","floor":42},{"not_picked":["Panache","Apotheosis"],"picked":"Thinking Ahead","floor":42},{"not_picked":["Skim","Capacitor"],"picked":"White Noise","floor":45},{"not_picked":["Cold Snap","Skim"],"picked":"Defragment","floor":46},{"not_picked":["Hologram","Impulse"],"picked":"Allocate","floor":49}],"player_experience":344524,"potions_floor_usage":[13,16,31,48,50,50],"damage_taken":[{"damage":1,"enemies":"Cultist","floor":1,"turns":5},{"damage":0,"enemies":"Jaw Worm","floor":2,"turns":4},{"damage":0,"enemies":"Small Slimes","floor":3,"turns":3},{"damage":9,"enemies":"2 Fungi Beasts","floor":4,"turns":3},{"damage":1,"enemies":"3 Louse","floor":12,"turns":4},{"damage":11,"enemies":"Gremlin Nob","floor":13,"turns":4},{"damage":5,"enemies":"Blue Slaver","floor":14,"turns":4},{"damage":38,"enemies":"Hexaghost","floor":16,"turns":8},{"damage":34,"enemies":"3 Byrds","floor":18,"turns":6},{"damage":8,"enemies":"Chosen","floor":21,"turns":5},{"damage":15,"enemies":"Gremlin Leader","floor":23,"turns":6},{"damage":7,"enemies":"Snecko","floor":27,"turns":4},{"damage":52,"enemies":"Book of Stabbing","floor":29,"turns":6},{"damage":13,"enemies":"Centurion and Healer","floor":31,"turns":7},{"damage":0,"enemies":"Collector","floor":33,"turns":10},{"damage":5,"enemies":"Orb Walker","floor":35,"turns":5},{"damage":0,"enemies":"3 Shapes","floor":37,"turns":4},{"damage":21,"enemies":"Nemesis","floor":40,"turns":9},{"damage":19,"enemies":"Sphere and 2 Shapes","floor":45,"turns":5},{"damage":55,"enemies":"2 Orb Walkers","floor":48,"turns":6},{"damage":9,"enemies":"Donu and Deca","floor":50,"turns":9}],"event_choices":[{"event_name":"Upgrade Shrine","player_choice":"Upgraded","floor":7,"damage_taken":0},{"event_name":"World of Goop","player_choice":"Gather Gold","floor":8,"damage_taken":0},{"event_name":"The Library","player_choice":"Read","floor":19,"damage_taken":0},{"event_name":"Back to Basics","player_choice":"Elegance","floor":22,"damage_taken":0},{"event_name":"Wheel of Change","player_choice":"Curse","floor":38,"damage_taken":0},{"event_name":"SensoryStone","player_choice":"Memory 3","floor":42,"damage_taken":0}],"boss_relics":[{"not_picked":["Runic Dome","White Beast Statue"],"picked":"Snecko Eye"},{"not_picked":["Pandora\u0027s Box","Tiny House"],"picked":"Astrolabe"}],"potions_floor_spawned":[2,14,23,33,40,45],"seed_played":"-7002467005173890225","ascension_level":0,"is_trial":false}