{"path_per_floor":["M","M","M","M","M","?","R","M","T","M","R","E","R","M","R","B",null,"M","M","M","M","$","R","M","R","T","?","M","M","$","?","R","B",null,"M","?","?","M","M","R","M","R","T","M","R","?","M","E","R","B"],"character_chosen":"DEFECT","items_purchased":["Defragment","FTL","Oddly Smooth Stone"],"gold_per_floor":[109,127,140,158,177,177,177,188,188,202,202,230,230,249,249,350,350,350,350,350,350,17,17,17,17,17,17,17,17,17,17,17,17,17,17,17,0,0,0,0,0,0,0,0,0,0,0,0,0,0],"floor_reached":51,"campfire_rested":1,"playtime":7119,"item_purchase_floors":[22,22,22],"current_hp_per_floor":[74,73,73,73,73,66,66,66,66,66,66,50,50,50,50,30,75,75,67,53,38,38,38,38,38,38,37,37,37,37,33,33,33,42,39,39,39,16,15,42,42,42,42,42,42,42,42,42,42,42],"items_purged":["Strike_B"],"gold":0,"score":825,"play_id":"4657a8d9-54d3-442e-ad38-e7ed41c0c837","local_time":"20180613235209","is_prod":false,"is_daily":false,"chose_seed":false,"is_ascension_mode":true,"campfire_upgraded":10,"win_rate":0,"timestamp":1528944729,"campfire_choices":[{"data":"Sunder","floor":7.0,"key":"SMITH"},{"data":"Coolheaded","floor":11.0,"key":"SMITH"},{"data":"Defragment","floor":13.0,"key":"SMITH"},{"data":"BootSequence","floor":15.0,"key":"SMITH"},{"data":"Defragment","floor":23,"key":"SMITH"},{"data":"Loop","floor":25,"key":"SMITH"},{"data":"Steam Power","floor":32,"key":"SMITH"},{"floor":40,"key":"REST"},{"data":"Coolheaded","floor":42,"key":"SMITH"},{"data":"Hologram","floor":45,"key":"SMITH"},{"data":"Enlightenment","floor":49,"key":"SMITH"}],"path_taken":["M","M","M","M","M","?","R","M","T","M","R","E","R","M","R","BOSS","M","M","M","M","?","R","M","R","T","?","M","M","?","?","R","BOSS","M","?","?","M","M","R","M","R","T","M","R","?","M","E","R","BOSS"],"build_version":"2018-06-07v3","seed_source_timestamp":0,"purchased_purges":1,"victory":true,"master_deck":["Strike_B","Defend_B","Defend_B","Defend_B","Defend_B","Zap","Dualcast","Sunder+1","FTL","Stack","BootSequence+1","Go for the Eyes","Coolheaded+1","Hello World","Defragment+1","Machine Learning","Glacier","Hologram+1","Loop+1","Defragment+1","FTL","Coolheaded+1","Ghostly","Ghostly","Ghostly","Ghostly","Ghostly","Steam Power+1","Creative AI","Turbo+1","Enlightenment+1"],"max_hp_per_floor":[75,75,75,75,75,75,75,75,75,75,75,75,75,75,75,75,75,75,75,75,75,75,75,75,75,75,37,37,37,37,42,42,42,42,42,42,42,42,42,42,42,42,42,42,42,42,42,42,42,42],"relics":["Cracked Core","Blue Candle","Orichalcum","Ectoplasm","Oddly Smooth Stone","Regal Pillow","Busted Crown","Thread and Needle","Red Mask","Ornamental Fan","Calipers"],"card_choices":[{"not_picked":["Lockon","Barrage"],"picked":"Sunder","floor":1.0},{"not_picked":["Consume","Static Discharge"],"picked":"FTL","floor":2.0},{"not_picked":["Cold Snap","Barrage"],"picked":"Stack","floor":3.0},{"not_picked":["Redo","Stack"],"picked":"BootSequence","floor":4.0},{"not_picked":["Static Discharge","Leap"],"picked":"Go for the Eyes","floor":5.0},{"not_picked":["Stack","Fusion"],"picked":"Coolheaded","floor":8.0},{"not_picked":["Barrage","Heatsinks"],"picked":"Hello World","floor":10.0},{"not_picked":["Streamline","Fission"],"picked":"Defragment","floor":12.0},{"not_picked":["Beam Cell","Ball Lightning","Force Field"],"picked":"SKIP","floor":14.0},{"not_picked":["Meteor Strike","Multi-Cast"],"picked":"Machine Learning","floor":16},{"not_picked":["Go for the Eyes+1","Hologram"],"picked":"Glacier","floor":18},{"not_picked":["Compile Driver","Barrage"],"picked":"Hologram","floor":19},{"not_picked":["Reprogram","Stack"],"picked":"Loop","floor":20},{"not_picked":["Lockon","Cold Snap","Streamline"],"picked":"SKIP","floor":21},{"not_picked":["Fusion","Leap"],"picked":"Coolheaded","floor":24},{"not_picked":["Sweeping Beam","BootSequence","Heatsinks"],"picked":"SKIP","floor":28},{"not_picked":["Heatsinks","Sweeping Beam"],"picked":"Steam Power","floor":29},{"not_picked":["Biased Cognition","Electrodynamics"],"picked":"Creative AI","floor":33},{"not_picked":[],"picked":"Turbo+1","floor":35},{"not_picked":["Doom and Gloom"],"picked":"SKIP","floor":38},{"not_picked":["Chaos+1"],"picked":"SKIP","floor":39},{"not_picked":["Streamline"],"picked":"SKIP","floor":41},{"not_picked":["Cold Snap+1"],"picked":"SKIP","floor":44},{"not_picked":[],"picked":"Enlightenment","floor":46},{"not_picked":["Coolheaded+1"],"picked":"SKIP","floor":47},{"not_picked":["Streamline"],"picked":"SKIP","floor":48}],"player_experience":235324,"potions_floor_usage":[16,21,24,50],"damage_taken":[{"damage":1.0,"enemies":"2 Louse","floor":1.0,"turns":2.0},{"damage":1.0,"enemies":"Cultist","floor":2.0,"turns":4.0},{"damage":0.0,"enemies":"Small Slimes","floor":3.0,"turns":2.0},{"damage":0.0,"enemies":"3 Louse","floor":4.0,"turns":2.0},{"damage":0.0,"enemies":"Exordium Wildlife","floor":5.0,"turns":2.0},{"damage":0.0,"enemies":"2 Fungi Beasts","floor":8.0,"turns":2.0},{"damage":0.0,"enemies":"Looter","floor":10.0,"turns":2.0},{"damage":16.0,"enemies":"Gremlin Nob","floor":12.0,"turns":5.0},{"damage":0.0,"enemies":"Red Slaver","floor":14.0,"turns":3.0},{"damage":20,"enemies":"Hexaghost","floor":16,"turns":9},{"damage":0,"enemies":"Chosen","floor":18,"turns":5},{"damage":8,"enemies":"Shell Parasite","floor":19,"turns":5},{"damage":14,"enemies":"Centurion and Healer","floor":20,"turns":8},{"damage":15,"enemies":"Slaver and Parasite","floor":21,"turns":9},{"damage":0,"enemies":"Cultist and Chosen","floor":24,"turns":12},{"damage":0,"enemies":"Snake Plant","floor":28,"turns":5},{"damage":0,"enemies":"Chosen and Byrds","floor":29,"turns":8},{"damage":0,"enemies":"Collector","floor":33,"turns":15},{"damage":3,"enemies":"3 Shapes","floor":35,"turns":6},{"damage":0,"floor":36,"turns":8},{"damage":23,"enemies":"3 Darklings","floor":38,"turns":6},{"damage":1,"enemies":"Sphere and 2 Shapes","floor":39,"turns":9},{"damage":0,"enemies":"4 Shapes","floor":41,"turns":3},{"damage":0,"enemies":"3 Darklings","floor":44,"turns":7},{"damage":0,"enemies":"Sphere and 2 Shapes","floor":47,"turns":6},{"damage":0,"enemies":"Giant Head","floor":48,"turns":12},{"damage":0,"enemies":"Time Eater","floor":50,"turns":13}],"relics_obtained":[{"floor":9.0,"key":"Blue Candle"},{"floor":12.0,"key":"Orichalcum"},{"floor":26,"key":"Regal Pillow"},{"floor":36,"key":"Thread and Needle"},{"floor":43,"key":"Ornamental Fan"},{"floor":48,"key":"Calipers"}],"event_choices":[{"event_name":"Golden Wing","player_choice":"Card Removal","floor":6.0,"damage_taken":0.0},{"event_name":"Ghosts","player_choice":"Became a Ghost","floor":27,"damage_taken":0},{"event_name":"Forgotten Altar","player_choice":"Shed Blood","floor":31,"damage_taken":0},{"event_name":"Mysterious Sphere","player_choice":"Fight","floor":36,"damage_taken":0},{"event_name":"Tomb of Lord Red Mask","player_choice":"Paid","floor":37,"damage_taken":0},{"event_name":"SensoryStone","player_choice":"Memory 1","floor":46,"damage_taken":0}],"boss_relics":[{"not_picked":["Tiny House","Orrery"],"picked":"Ectoplasm"},{"not_picked":["Calling Bell","Pandora\u0027s Box"],"picked":"Busted Crown"}],"items_purged_floors":[22],"potions_floor_spawned":[1,3,4,8,16,20,21,28,33,38,39,41,48],"seed_played":"-6192703855596306290","ascension_level":1,"potions_obtained":[{"floor":1.0,"key":"FairyPotion"},{"floor":3.0,"key":"GamblersBrew"},{"floor":4.0,"key":"Strength Potion"},{"floor":16,"key":"SmokeBomb"},{"floor":20,"key":"Explosive Potion"},{"floor":21,"key":"GamblersBrew"},{"floor":28,"key":"Dexterity Potion"},{"floor":33,"key":"Weak Potion"}],"is_trial":false}