{"gold_per_floor":[118,134,149,168,61,61,74,51,76,101,31,31,42,62,62,162,162,145,31,31,42,42,42,75,94,94,94,94,110,144,144,144,245,245,265,265,281,50,62,23,48,60,86,116,128],"floor_reached":45,"playtime":6372,"items_purged":["Strike_G"],"score":587,"play_id":"dfe85863-1d77-4d81-8046-51daef72be8a","local_time":"20181125095741","is_ascension_mode":false,"campfire_choices":[{"data":"Infinite Blades","floor":6,"key":"SMITH"},{"floor":15,"key":"REST"},{"floor":23,"key":"RECALL"},{"data":"Footwork","floor":32,"key":"SMITH"}],"neow_cost":"NONE","seed_source_timestamp":1435814565640278,"circlet_count":0,"master_deck":["Defend_G+1","Defend_G+1","Defend_G+1","Survivor","Neutralize+1","Terror","Cloak And Dagger","Accuracy","Sucker Punch","Blur","Infinite Blades+1","Envenom+1","Footwork+1","Infinite Blades","Burst","Acrobatics+1","Caltrops","Bite","Bite","Bite","Bite","Bite","Dash","Footwork+1","Backflip+1","Infinite Blades","Deflect","Caltrops+1","Storm of Steel","Cloak And Dagger+1","Leg Sweep","Footwork","Parasite","Concentrate","Prepared+1","Accuracy+1"],"relics":["Ring of the Snake","PreservedInsect","Sozu","Anchor","Darkstone Periapt","Blue Candle","Mango","Eternal Feather","War Paint","Oddly Smooth Stone","MawBank"],"potions_floor_usage":[10,16,16,16],"damage_taken":[{"damage":0,"enemies":"Small Slimes","floor":1,"turns":4},{"damage":0,"enemies":"2 Louse","floor":2,"turns":4},{"damage":4,"enemies":"Cultist","floor":3,"turns":4},{"damage":0,"enemies":"Red Slaver","floor":4,"turns":4},{"damage":3,"enemies":"Large Slime","floor":7,"turns":6},{"damage":13,"enemies":"Gremlin Nob","floor":10,"turns":4},{"damage":17,"enemies":"Gremlin Gang","floor":13,"turns":7},{"damage":1,"enemies":"Blue Slaver","floor":14,"turns":4},{"damage":26,"enemies":"Slime Boss","floor":16,"turns":9},{"damage":12,"enemies":"2 Thieves","floor":18,"turns":4},{"damage":0,"enemies":"Shell Parasite","floor":21,"turns":7},{"damage":11,"enemies":"Book of Stabbing","floor":24,"turns":6},{"damage":16,"enemies":"Snake Plant","floor":25,"turns":6},{"damage":8,"enemies":"Chosen and Byrds","floor":29,"turns":9},{"damage":2,"enemies":"Gremlin Leader","floor":30,"turns":6},{"damage":0,"enemies":"Automaton","floor":33,"turns":11},{"damage":9,"enemies":"3 Darklings","floor":35,"turns":7},{"damage":7,"enemies":"3 Shapes","floor":37,"turns":8},{"damage":11,"enemies":"Writhing Mass","floor":39,"turns":8},{"damage":28,"enemies":"Reptomancer","floor":41,"turns":7},{"damage":25,"enemies":"Jaw Worm Horde","floor":42,"turns":15},{"damage":22,"enemies":"Transient","floor":44,"turns":5},{"damage":45,"enemies":"Spire Growth","floor":45,"turns":6}],"seed_played":"-1735498268744856454","potions_obtained":[{"floor":3,"key":"AttackPotion"},{"floor":7,"key":"Ancient Potion"},{"floor":10,"key":"Dexterity Potion"},{"floor":13,"key":"Energy Potion"}],"is_trial":false,"path_per_floor":["M","M","M","M","$","R","M","?","T","E","$","?","M","M","R","B",null,"M","$","?","M","?","R","E","M","T","?","?","M","E","T","R","B",null,"M","?","M","$","M","$","E","M","T","M","M"],"character_chosen":"THE_SILENT","items_purchased":["Blur","Infinite Blades","Footwork","Caltrops","War Paint","Footwork","Concentrate"],"campfire_rested":1,"item_purchase_floors":[5,5,11,19,38,38,40],"current_hp_per_floor":[70,70,66,66,66,66,63,63,63,50,50,50,33,32,53,27,70,58,58,49,49,49,49,41,37,37,37,37,47,49,63,63,63,63,63,60,59,59,59,59,39,38,38,24,0],"gold":128,"neow_bonus":"UPGRADE_CARD","is_prod":false,"is_daily":false,"chose_seed":false,"campfire_upgraded":2,"win_rate":0,"timestamp":1543157861,"path_taken":["M","M","M","M","$","R","M","?","T","E","$","?","?","M","R","BOSS","M","$","?","M","?","R","E","?","T","?","?","M","E","?","R","BOSS","M","?","M","$","M","$","E","M","T","M","M"],"build_version":"2018-11-15","purchased_purges":1,"victory":false,"max_hp_per_floor":[70,70,70,70,70,70,70,70,70,70,70,70,70,70,70,70,70,70,70,49,49,49,49,49,49,49,49,49,49,49,63,63,63,63,63,60,60,60,66,66,66,66,66,66,66],"card_choices":[{"not_picked":["Poisoned Stab","Endless Agony"],"picked":"Terror","floor":1},{"not_picked":["Eviscerate","Outmaneuver"],"picked":"Cloak And Dagger","floor":2},{"not_picked":["Acrobatics","Catalyst"],"picked":"Accuracy","floor":3},{"not_picked":["Expertise","Flying Knee"],"picked":"Sucker Punch","floor":4},{"not_picked":["Masterful Stab","Wraith Form v2","Quick Slash"],"picked":"SKIP","floor":7},{"not_picked":["Reflex","Underhanded Strike"],"picked":"Envenom","floor":10},{"not_picked":["Underhanded Strike","Outmaneuver","Choke"],"picked":"SKIP","floor":13},{"not_picked":["Calculated Gamble","Dodge and Roll"],"picked":"Infinite Blades","floor":14},{"not_picked":["Malaise","Night Terror"],"picked":"Burst","floor":16},{"not_picked":["Quick Slash","Blade Dance"],"picked":"Acrobatics","floor":18},{"not_picked":["Finisher+1","Acrobatics"],"picked":"Dash","floor":21},{"not_picked":["Choke+1","Caltrops"],"picked":"Footwork+1","floor":24},{"not_picked":["Blade Dance+1","Underhanded Strike"],"picked":"Backflip","floor":25},{"not_picked":["Bouncing Flask+1","Skewer","Sucker Punch"],"picked":"SKIP","floor":29},{"not_picked":["Heel Hook","Prepared"],"picked":"Caltrops+1","floor":30},{"not_picked":["Die Die Die","Malaise"],"picked":"Storm of Steel","floor":33},{"not_picked":["Acrobatics","Quick Slash"],"picked":"Cloak And Dagger+1","floor":35},{"not_picked":["Acrobatics+1","Quick Slash"],"picked":"Leg Sweep","floor":37},{"not_picked":["Underhanded Strike+1","Prepared","Distraction+1"],"picked":"SKIP","floor":39},{"not_picked":["Catalyst","Endless Agony"],"picked":"Prepared+1","floor":41},{"not_picked":["Poisoned Stab","Dagger Throw+1","Outmaneuver"],"picked":"SKIP","floor":42},{"not_picked":["Deadly Poison+1","Night Terror"],"picked":"Accuracy+1","floor":44}],"player_experience":368108,"relics_obtained":[{"floor":10,"key":"PreservedInsect"},{"floor":24,"key":"Anchor"},{"floor":26,"key":"Darkstone Periapt"},{"floor":30,"key":"Blue Candle"},{"floor":31,"key":"Mango"},{"floor":41,"key":"Oddly Smooth Stone"},{"floor":43,"key":"MawBank"}],"event_choices":[{"damage_healed":0,"gold_gain":0,"player_choice":"Left Gold","damage_taken":0,"max_hp_gain":0,"max_hp_loss":0,"event_name":"World of Goop","floor":8,"gold_loss":23},{"cards_removed":["Strike_G"],"damage_healed":0,"gold_gain":0,"player_choice":"Purged","damage_taken":0,"max_hp_gain":0,"max_hp_loss":0,"event_name":"Purifier","floor":12,"gold_loss":0},{"damage_healed":0,"gold_gain":0,"player_choice":"Became a vampire","damage_taken":0,"max_hp_gain":0,"max_hp_loss":21,"event_name":"Vampires","floor":20,"gold_loss":0,"cards_obtained":["Bite","Bite","Bite","Bite","Bite"]},{"damage_healed":0,"gold_gain":0,"player_choice":"Forge","damage_taken":0,"max_hp_gain":0,"max_hp_loss":0,"event_name":"Accursed Blacksmith","floor":22,"gold_loss":0,"cards_upgraded":["Envenom"]},{"damage_healed":0,"gold_gain":0,"cards_transformed":["Defend_G","Defend_G"],"player_choice":"Became Test Subject","damage_taken":0,"max_hp_gain":0,"max_hp_loss":0,"event_name":"Drug Dealer","floor":27,"gold_loss":0,"cards_obtained":["Infinite Blades","Deflect"]},{"damage_healed":0,"gold_gain":0,"player_choice":"Simplicity","damage_taken":0,"max_hp_gain":0,"max_hp_loss":0,"event_name":"Back to Basics","floor":28,"gold_loss":0,"cards_upgraded":["Defend_G","Defend_G","Defend_G"]},{"damage_healed":0,"gold_gain":0,"player_choice":"Max HP","damage_taken":0,"max_hp_gain":0,"max_hp_loss":3,"event_name":"Winding Halls","floor":36,"gold_loss":0}],"is_beta":false,"boss_relics":[{"not_picked":["White Beast Statue","Tiny House"],"picked":"Sozu"},{"not_picked":["Orrery","Pandora\u0027s Box"],"picked":"Eternal Feather"}],"items_purged_floors":[19],"is_endless":false,"potions_floor_spawned":[3,7,10,13,21,29,30,35,41,44],"killed_by":"Spire Growth","ascension_level":0}