{"gold_per_floor":[109,124,49,224,124,150,150,183,209,209,225,237,237,262,262,262],"floor_reached":16,"playtime":976,"items_purged":["Strike_R","Doubt"],"score":179,"play_id":"5406fb43-67c0-4989-adb3-f9a6baef78e7","local_time":"20190423001523","is_ascension_mode":true,"campfire_choices":[{"data":"Whirlwind","floor":7,"key":"SMITH"},{"data":"Warcry","floor":10,"key":"SMITH"},{"data":"Shockwave","floor":13,"key":"SMITH"},{"floor":15,"key":"REST"}],"neow_cost":"NONE","seed_source_timestamp":192513037845054,"circlet_count":0,"master_deck":["Strike_R","Strike_R","Strike_R","Strike_R","Defend_R","Defend_R","Defend_R","Defend_R","Bash","Whirlwind+1","Headbutt","Warcry+1","Shockwave+1","Shrug It Off"],"relics":["Burning Blood","NeowsBlessing","Smiling Mask","Potion Belt","Strawberry","Bag of Marbles"],"potions_floor_usage":[12,14,16],"damage_taken":[{"damage":0,"enemies":"Cultist","floor":1,"turns":1},{"damage":0,"enemies":"Small Slimes","floor":2,"turns":1},{"damage":0,"enemies":"3 Sentries","floor":6,"turns":1},{"damage":56,"enemies":"Lagavulin","floor":8,"turns":6},{"damage":2,"enemies":"Jaw Worm","floor":11,"turns":3},{"damage":2,"enemies":"Large Slime","floor":12,"turns":4},{"damage":24,"enemies":"3 Sentries","floor":14,"turns":3},{"damage":60,"enemies":"Hexaghost","floor":16,"turns":11}],"seed_played":"5548981913304552698","potions_obtained":[{"floor":8,"key":"Ancient Potion"},{"floor":11,"key":"Explosive Potion"},{"floor":12,"key":"SkillPotion"},{"floor":14,"key":"SpeedPotion"}],"is_trial":false,"path_per_floor":["M","M","$","?","$","E","R","E","T","R","M","M","R","E","R","B"],"character_chosen":"IRONCLAD","items_purchased":[],"campfire_rested":1,"item_purchase_floors":[],"current_hp_per_floor":[80,80,80,80,80,80,80,30,37,37,41,45,45,27,53,0],"gold":262,"neow_bonus":"THREE_ENEMY_KILL","is_prod":false,"is_daily":false,"chose_seed":false,"campfire_upgraded":3,"win_rate":0,"timestamp":1556000123,"path_taken":["M","M","$","?","$","E","R","E","T","R","M","M","R","E","R","BOSS"],"build_version":"2019-01-23","purchased_purges":2,"victory":false,"max_hp_per_floor":[80,80,80,80,80,80,80,80,87,87,87,87,87,87,87,87],"card_choices":[{"not_picked":["Perfected Strike","Pummel"],"picked":"Whirlwind","floor":1},{"not_picked":["Body Slam","Iron Wave","Twin Strike"],"picked":"SKIP","floor":2},{"not_picked":["Heavy Blade","Clash"],"picked":"Headbutt","floor":6},{"not_picked":["Cleave","Twin Strike"],"picked":"Warcry","floor":8},{"not_picked":["Anger","Entrench"],"picked":"Shockwave","floor":11},{"not_picked":["Shockwave","Cleave"],"picked":"Shrug It Off","floor":12},{"not_picked":["Perfected Strike","Iron Wave","Heavy Blade"],"picked":"SKIP","floor":14}],"player_experience":453877,"relics_obtained":[{"floor":6,"key":"Smiling Mask"},{"floor":8,"key":"Potion Belt"},{"floor":9,"key":"Strawberry"},{"floor":14,"key":"Bag of Marbles"}],"event_choices":[{"damage_healed":0,"gold_gain":175,"player_choice":"AGREE","damage_taken":0,"max_hp_gain":0,"max_hp_loss":0,"event_name":"Liars Game","floor":4,"gold_loss":0,"cards_obtained":["Doubt"]}],"is_beta":false,"boss_relics":[],"items_purged_floors":[3,5],"is_endless":false,"potions_floor_spawned":[8,11,12,14],"killed_by":"Hexaghost","ascension_level":5}