{"path_per_floor":["M","?","M","M","$","R","?","R","T","E","$","R","?","E","R","B",null,"M","?","M","$","?","R","E","M","T"],"character_chosen":"IRONCLAD","items_purchased":["Flash of Steel"],"gold_per_floor":[116,116,135,151,53,53,53,53,77,110,35,35,63,96,96,197,197,217,217,227,127,157,157,188,205,231,231],"floor_reached":27,"campfire_rested":3,"playtime":1257,"current_hp_per_floor":[79,46,52,57,57,57,57,57,57,38,38,62,66,63,87,43,76,67,67,75,75,49,79,48,43,43,0],"items_purged":["Strike_R","Defend_R"],"gold":231,"score":296,"play_id":"b7a83795-1a29-4133-9193-022042fdc0ed","local_time":"20180322131723","is_prod":false,"is_daily":false,"is_ascension_mode":true,"campfire_upgraded":2,"timestamp":1521746243,"path_taken":["M","?","M","M","$","R","?","R","T","E","$","R","?","E","R","BOSS","M","?","M","$","?","R","E","M","T","E"],"build_version":"2018-03-22","purchased_purges":2,"victory":false,"master_deck":["Strike_R","Strike_R","Strike_R","Defend_R","Defend_R","Defend_R","Bash","Rampage+1","Shrug It Off","Flash of Steel+1","Seeing Red","Clash","Clash"],"max_hp_per_floor":[80,80,80,80,80,80,80,80,80,80,80,80,80,87,87,87,87,87,87,87,87,87,87,87,87,87,87],"relics":["Burning Blood","Lantern","Gambling Chip","Blood Vial","Prayer Wheel","Odd Mushroom","Strawberry","Eternal Feather","Red Mask","Orichalcum","Regal Pillow"],"card_choices":[{"not_picked":["Pommel Strike","Entrench"],"picked":"Rampage","floor":1},{"not_picked":["Body Slam","Wild Strike"],"picked":"Shrug It Off","floor":3},{"not_picked":["Body Slam","Clothesline"],"picked":"Seeing Red","floor":13},{"not_picked":["Cleave","Body Slam"],"picked":"Clash","floor":18},{"not_picked":["Combust","Sword Boomerang"],"picked":"Clash","floor":25}],"player_experience":250745,"potions_floor_usage":[10,14,16,16,25],"damage_taken":[{"damage":7,"enemies":"Small Slimes","floor":1,"turns":4},{"damage":0,"enemies":"2 Louse","floor":3,"turns":2},{"damage":1,"enemies":"Cultist","floor":4,"turns":3},{"damage":27,"enemies":"Lagavulin","floor":10,"turns":4},{"damage":4,"enemies":"The Mushroom Lair","floor":13,"turns":4},{"damage":18,"enemies":"Gremlin Nob","floor":14,"turns":4},{"damage":50,"enemies":"Slime Boss","floor":16,"turns":12},{"damage":17,"enemies":"Spheric Guardian","floor":18,"turns":4},{"damage":0,"enemies":"Shell Parasite","floor":20,"turns":2},{"damage":34,"enemies":"Masked Bandits","floor":22,"turns":5},{"damage":39,"enemies":"Slavers","floor":24,"turns":8},{"damage":13,"enemies":"Centurion and Healer","floor":25,"turns":5},{"damage":48,"enemies":"Gremlin Leader","floor":27,"turns":6}],"event_choices":[{"event_name":"Scrap Ooze","player_choice":"success","floor":2,"damage_taken":33},{"event_name":"Wheel of Change","player_choice":"Card Removal","floor":7,"damage_taken":0},{"event_name":"Mushrooms","player_choice":"Fought Mushrooms","floor":13,"damage_taken":0},{"event_name":"Vampires","player_choice":"Ignored","floor":19,"damage_taken":0},{"event_name":"Masked Bandits","player_choice":"Fought over 127 gold","floor":22,"damage_taken":0}],"boss_relics":[{"not_picked":["Runic Cube","Mark of Pain"],"picked":"Eternal Feather"}],"potions_floor_spawned":[3,10,13,14,20,24],"seed_played":"-1258541631145811154","killed_by":"Gremlin Leader","ascension_level":5,"is_trial":false}