{"gold_per_floor":[99,99,73,73,73,73,73,73,73,73,73,73,73,73,73,73,73,73,25,25,25,25,25,25,25,25,25,25,25,25,25,25,25,25,25,25,25,25,25,25,25,25,25,25,25,25,25,25,25,25],"floor_reached":51,"playtime":2944,"items_purged":[],"score":1439,"play_id":"1cd58502-a4f8-486f-a002-8e8440f4d036","local_time":"20190115214537","is_ascension_mode":true,"campfire_choices":[{"data":"Cloak And Dagger","floor":7.0,"key":"SMITH"},{"data":"Cloak And Dagger","floor":15.0,"key":"SMITH"},{"data":"Cloak And Dagger","floor":27.0,"key":"SMITH"},{"data":"Ghostly","floor":29,"key":"SMITH"},{"data":"Ghostly","floor":32,"key":"SMITH"},{"floor":40,"key":"REST"},{"data":"Ghostly","floor":44,"key":"SMITH"},{"data":"Ghostly","floor":46,"key":"SMITH"},{"data":"Ghostly","floor":49,"key":"SMITH"}],"neow_cost":"NONE","seed_source_timestamp":867952050245948,"circlet_count":0,"master_deck":["AscendersBane","Defend_G+1","Defend_G","Defend_G","Strike_G","Strike_G","Strike_G","Survivor","Neutralize","Noxious Fumes","Skewer","Dagger Spray","Cloak And Dagger+1","Endless Agony","Crippling Poison+1","Blade Dance","Cloak And Dagger+1","Backstab","Malaise","A Thousand Cuts+1","Footwork+1","Night Terror+1","Blade Dance","PiercingWail","Cloak And Dagger+1","A Thousand Cuts","Ghostly+1","Ghostly+1","Ghostly+1","Ghostly+1","Ghostly+1","Blade Dance+1","Infinite Blades+1","Doppelganger+1","Dash+1","Dodge and Roll+1","Reflex+1","Corpse Explosion+1","Backflip+1","Tactician+1"],"special_seed":0,"relics":["Ectoplasm","Dead Branch","PreservedInsect","Du-Vu Doll","War Paint","Odd Mushroom","Astrolabe","CultistMask","Matryoshka","Happy Flower","Omamori","Pen Nib","Tough Bandages","Smiling Mask","Toxic Egg 2","HoveringKite","Oddly Smooth Stone","Ornamental Fan"],"potions_floor_usage":[33,37,50,50],"damage_taken":[{"damage":0.0,"enemies":"2 Louse","floor":1.0,"turns":2.0},{"damage":0.0,"enemies":"Cultist","floor":5.0,"turns":4.0},{"damage":14.0,"enemies":"3 Sentries","floor":6.0,"turns":6.0},{"damage":6.0,"enemies":"Lagavulin","floor":8.0,"turns":7.0},{"damage":4.0,"enemies":"Jaw Worm","floor":10.0,"turns":3.0},{"damage":3.0,"enemies":"Gremlin Nob","floor":11.0,"turns":3.0},{"damage":0.0,"enemies":"Exordium Wildlife","floor":12.0,"turns":2.0},{"damage":0.0,"enemies":"Exordium Thugs","floor":13.0,"turns":2.0},{"damage":3.0,"enemies":"The Mushroom Lair","floor":14.0,"turns":3.0},{"damage":0.0,"enemies":"Hexaghost","floor":16.0,"turns":8.0},{"damage":0.0,"enemies":"3 Byrds","floor":18.0,"turns":2.0},{"damage":7.0,"enemies":"Shell Parasite","floor":21.0,"turns":4.0},{"damage":9.0,"enemies":"Gremlin Leader","floor":23.0,"turns":4.0},{"damage":2.0,"enemies":"Book of Stabbing","floor":25.0,"turns":4.0},{"damage":0,"enemies":"Gremlin Leader","floor":28,"turns":5},{"damage":10,"enemies":"Snake Plant","floor":31,"turns":7},{"damage":9,"enemies":"Champ","floor":33,"turns":8},{"damage":0,"enemies":"Orb Walker","floor":35,"turns":3},{"damage":2,"enemies":"3 Shapes","floor":36,"turns":3},{"damage":5,"enemies":"Writhing Mass","floor":37,"turns":7},{"damage":0,"enemies":"Maw","floor":38,"turns":7},{"damage":0,"enemies":"3 Darklings","floor":39,"turns":4},{"damage":0,"enemies":"Transient","floor":41,"turns":5},{"damage":0,"enemies":"Nemesis","floor":42,"turns":7},{"damage":0,"enemies":"Jaw Worm Horde","floor":47,"turns":2},{"damage":0,"enemies":"Donu and Deca","floor":50,"turns":9}],"seed_played":"-7734415549997067255","potions_obtained":[{"floor":1.0,"key":"SmokeBomb"},{"floor":8.0,"key":"Regen Potion"},{"floor":10.0,"key":"GamblersBrew"},{"floor":18.0,"key":"LiquidBronze"},{"floor":23.0,"key":"PowerPotion"},{"floor":33,"key":"Weak Potion"},{"floor":35,"key":"SkillPotion"},{"floor":42,"key":"LiquidBronze"},{"floor":47,"key":"PowerPotion"}],"is_trial":false,"path_per_floor":["M","$","?","?","M","E","R","E","T","M","E","M","M","?","R","B",null,"M","$","?","M","$","E","?","E","T","R","E","R","T","M","R","B",null,"M","M","M","M","M","R","M","E","T","R","?","R","M","$","R","B",null],"character_chosen":"THE_SILENT","items_purchased":["PiercingWail"],"campfire_rested":1,"item_purchase_floors":[19],"current_hp_per_floor":[63,63,63,63,63,49,49,43,43,39,36,36,36,45,45,45,64,64,64,64,57,57,48,35,33,33,33,33,33,33,23,23,14,30,30,28,23,23,23,33,33,33,33,33,33,33,33,33,33,33],"gold":25,"neow_bonus":"BOSS_RELIC","is_prod":false,"is_daily":false,"chose_seed":false,"campfire_upgraded":8,"win_rate":0,"timestamp":1547588737,"path_taken":["M","$","?","?","?","E","R","E","T","M","E","M","?","?","R","BOSS","M","$","?","M","?","E","?","E","T","R","E","R","?","M","R","BOSS","M","M","M","M","M","R","M","E","T","R","?","R","?","$","R","BOSS"],"build_version":"2019-01-10","purchased_purges":0,"victory":true,"max_hp_per_floor":[70,70,70,70,70,70,70,70,70,70,70,70,70,70,70,70,70,70,70,70,70,70,70,35,35,35,35,35,35,35,35,35,35,35,35,35,35,35,35,35,35,35,35,35,35,35,35,35,35,35],"card_choices":[{"not_picked":["Prepared","Poisoned Stab"],"picked":"Noxious Fumes","floor":1.0},{"not_picked":["Accuracy","Predator"],"picked":"Dagger Spray","floor":5.0},{"not_picked":["Flechettes","Slice"],"picked":"Cloak And Dagger","floor":6.0},{"not_picked":["Bullet Time","Reflex","Unload"],"picked":"SKIP","floor":8.0},{"not_picked":["Cloak And Dagger","Deadly Poison"],"picked":"Endless Agony","floor":10.0},{"not_picked":["Finisher","Prepared"],"picked":"Crippling Poison","floor":11.0},{"not_picked":["Riddle With Holes","Bouncing Flask"],"picked":"Blade Dance","floor":12.0},{"not_picked":["Tactician","Underhanded Strike"],"picked":"Cloak And Dagger","floor":13.0},{"not_picked":["Tactician","Eviscerate"],"picked":"Backstab","floor":14.0},{"not_picked":["Phantasmal Killer","Bullet Time"],"picked":"Malaise","floor":16.0},{"not_picked":["Bane","Flying Knee"],"picked":"Blade Dance","floor":18.0},{"not_picked":["Bouncing Flask","Heel Hook"],"picked":"Cloak And Dagger","floor":21.0},{"not_picked":["Skewer","Blade Dance"],"picked":"A Thousand Cuts","floor":23.0},{"not_picked":["Slice","Bouncing Flask"],"picked":"Blade Dance+1","floor":25.0},{"not_picked":["Flechettes","Noxious Fumes+1"],"picked":"Infinite Blades+1","floor":28},{"not_picked":["Flechettes","Bane+1","Eviscerate+1"],"picked":"SKIP","floor":31},{"not_picked":["A Thousand Cuts","Envenom"],"picked":"Doppelganger+1","floor":33},{"not_picked":["Caltrops","Prepared+1","Masterful Stab"],"picked":"SKIP","floor":35},{"not_picked":["Caltrops","Prepared+1","Masterful Stab"],"picked":"SKIP","floor":35},{"not_picked":["Dagger Throw+1","Slice+1"],"picked":"Dash+1","floor":36},{"not_picked":["Caltrops","Well Laid Plans"],"picked":"Dodge and Roll+1","floor":37},{"not_picked":["Concentrate+1","Deadly Poison+1","Accuracy+1"],"picked":"SKIP","floor":38},{"not_picked":["Quick Slash","Acrobatics+1"],"picked":"Reflex+1","floor":39},{"not_picked":["Bane+1","Blur+1"],"picked":"Corpse Explosion+1","floor":41},{"not_picked":["Riddle With Holes","Noxious Fumes"],"picked":"Backflip+1","floor":42},{"not_picked":["Deadly Poison+1","Leg Sweep+1"],"picked":"Tactician+1","floor":47}],"player_experience":112586,"relics_obtained":[{"floor":6.0,"key":"Dead Branch"},{"floor":8.0,"key":"PreservedInsect"},{"floor":9.0,"key":"Du-Vu Doll"},{"floor":11.0,"key":"War Paint"},{"floor":14.0,"key":"Odd Mushroom"},{"floor":23.0,"key":"Matryoshka"},{"floor":25.0,"key":"Happy Flower"},{"floor":26.0,"key":"Omamori"},{"floor":26.0,"key":"Pen Nib"},{"floor":28,"key":"Tough Bandages"},{"floor":30,"key":"Smiling Mask"},{"floor":30,"key":"Toxic Egg 2"},{"floor":42,"key":"Oddly Smooth Stone"},{"floor":43,"key":"Ornamental Fan"}],"event_choices":[{"damage_healed":0.0,"max_hp_gain":0.0,"max_hp_loss":0.0,"gold_gain":0.0,"event_name":"World of Goop","player_choice":"Left Gold","floor":3.0,"gold_loss":26.0,"damage_taken":0.0},{"damage_healed":0.0,"max_hp_gain":0.0,"max_hp_loss":0.0,"gold_gain":0.0,"cards_transformed":["Strike_G"],"event_name":"Transmorgrifier","player_choice":"Transformed","floor":4.0,"gold_loss":0.0,"damage_taken":0.0,"cards_obtained":["Skewer"]},{"damage_healed":0.0,"max_hp_gain":0.0,"max_hp_loss":0.0,"gold_gain":0.0,"event_name":"Mushrooms","player_choice":"Fought Mushrooms","floor":14.0,"gold_loss":0.0,"damage_taken":0.0},{"damage_healed":0.0,"max_hp_gain":0.0,"max_hp_loss":0.0,"gold_gain":0.0,"event_name":"FaceTrader","player_choice":"Trade","floor":20.0,"gold_loss":0.0,"damage_taken":0.0,"relics_obtained":["CultistMask"]},{"damage_healed":0.0,"max_hp_gain":0.0,"max_hp_loss":35.0,"gold_gain":0.0,"event_name":"Ghosts","player_choice":"Became a Ghost","floor":24.0,"gold_loss":0.0,"damage_taken":0.0,"cards_obtained":["Ghostly","Ghostly","Ghostly","Ghostly","Ghostly"]},{"damage_healed":0,"gold_gain":0,"player_choice":"Got Potions","damage_taken":0,"max_hp_gain":0,"max_hp_loss":0,"event_name":"Lab","floor":45,"gold_loss":0}],"is_beta":false,"boss_relics":[{"not_picked":["Black Star","Velvet Choker"],"picked":"Astrolabe"},{"not_picked":["White Beast Statue","Philosopher\u0027s Stone"],"picked":"HoveringKite"}],"items_purged_floors":[],"is_endless":false,"potions_floor_spawned":[1,8,10,11,18,23,33,35,36,42,47],"ascension_level":11}