{"path_per_floor":["M","$","M","M","?","R","M","R","T","R","M","?","M","M","R","B",null,"M","?","M","M","M","R","E","R","T","?","R","$","T","E","R","B",null,"M","M","M","$","T","R","M","R","T","M","R","M","T","T","R","B",null,"M","M","M","?","$","R","E","R","T","R","M","?","?","E","R","B",null,"M","E","M","M","?","R","E","R","E","R","?","?","M","M","R","B",null,"M"],"character_chosen":"IRONCLAD","items_purchased":["Vajra"],"gold_per_floor":[119,44,56,72,22,22,41,41,113,113,128,128,139,154,154,256,256,275,275,289,305,325,325,354,354,354,354,354,254,254,312,312,414,414,430,441,455,180,180,180,198,198,198,209,209,219,219,245,245,342,342,354,365,375,398,248,248,281,281,360,360,377,327,327,361,361,458,458,476,510,527,541,566,566,596,596,629,629,629,629,645,657,657,755,755,772,772],"floor_reached":87,"campfire_rested":3,"playtime":2994,"item_purchase_floors":[],"current_hp_per_floor":[80,80,80,80,80,80,80,80,80,80,80,80,80,80,80,58,80,80,80,77,63,56,56,39,39,39,39,63,63,63,56,80,64,80,73,75,80,80,80,80,80,80,80,64,64,57,57,57,57,23,80,80,80,80,62,62,62,68,68,68,68,63,63,63,68,68,70,80,80,66,65,71,47,47,42,42,48,48,33,33,29,37,62,67,85,85,0],"items_purged":["Clothesline","Twin Strike","Iron Wave","Doubt"],"gold":772,"score":1609,"play_id":"ad54690a-f27c-4a0d-a984-0a71d964327c","local_time":"20180625235742","daily_mods":["Draft"],"is_prod":false,"is_daily":false,"chose_seed":false,"is_ascension_mode":false,"campfire_upgraded":17,"win_rate":0,"timestamp":1529992662,"campfire_choices":[{"data":"Searing Blow","floor":6.0,"key":"SMITH"},{"data":"Searing Blow+1","floor":8.0,"key":"SMITH"},{"data":"Searing Blow+2","floor":10.0,"key":"SMITH"},{"data":"Searing Blow+3","floor":15.0,"key":"SMITH"},{"data":"Searing Blow+4","floor":23.0,"key":"SMITH"},{"data":"Searing Blow+5","floor":25.0,"key":"SMITH"},{"floor":28.0,"key":"REST"},{"floor":32.0,"key":"REST"},{"data":"Searing Blow+6","floor":40.0,"key":"SMITH"},{"data":"Searing Blow+7","floor":42.0,"key":"SMITH"},{"data":"Searing Blow+8","floor":45.0,"key":"SMITH"},{"data":"Searing Blow+9","floor":49.0,"key":"SMITH"},{"data":"Searing Blow+10","floor":57.0,"key":"SMITH"},{"data":"Searing Blow+11","floor":59.0,"key":"SMITH"},{"data":"Searing Blow+12","floor":61.0,"key":"SMITH"},{"data":"Searing Blow+13","floor":66.0,"key":"SMITH"},{"data":"Searing Blow+14","floor":74.0,"key":"SMITH"},{"data":"Searing Blow+15","floor":76.0,"key":"SMITH"},{"data":"Searing Blow+16","floor":78.0,"key":"SMITH"},{"floor":83.0,"key":"REST"}],"path_taken":["M","$","M","M","?","R","M","R","T","R","M","?","?","?","R","BOSS","M","?","?","M","M","R","E","R","T","?","R","?","?","E","R","BOSS","M","M","?","$","?","R","M","R","T","?","R","M","?","?","R","BOSS","M","?","M","?","$","R","E","R","T","R","M","?","?","E","R","BOSS","M","?","M","M","?","R","E","R","E","R","?","?","M","M","R","BOSS","M","M"],"build_version":"2018-06-21","seed_source_timestamp":0,"purchased_purges":4,"circlet_count":0,"victory":false,"master_deck":["Searing Blow+17","Armaments","Battle Trance","Pommel Strike","Flex","Shrug It Off","Headbutt","Iron Wave","Burning Pact","Brutality","Clumsy","Offering","Offering"],"max_hp_per_floor":[80,80,80,80,80,80,80,80,80,80,80,80,80,80,80,80,80,80,80,80,80,80,80,80,80,80,80,80,80,80,80,80,80,80,80,80,80,80,80,80,80,80,80,80,80,80,80,80,80,80,80,80,80,80,80,80,80,80,80,80,80,80,80,80,80,80,80,80,80,80,80,80,80,80,80,80,80,80,85,85,85,85,85,85,85,85,85],"special_seed":20635678,"relics":["Black Blood","Blue Candle","Bronze Scales","Empty Cage","Omamori","Dead Branch","Question Card","Tiny Chest","Cursed Key","Vajra","Unceasing Top","Ornamental Fan","Toolbox","Orichalcum","Odd Mushroom","Matryoshka","Red Mask"],"card_choices":[{"not_picked":["Flex","Clash"],"picked":"Iron Wave","floor":0.0},{"not_picked":["Reckless Charge","Clash"],"picked":"Searing Blow","floor":0.0},{"not_picked":["Feel No Pain","Bloodletting"],"picked":"Armaments","floor":0.0},{"not_picked":["Cleave","Clash"],"picked":"Iron Wave","floor":0.0},{"not_picked":["Cleave","Rage"],"picked":"Battle Trance","floor":0.0},{"not_picked":["True Grit","Warcry"],"picked":"Pommel Strike","floor":0.0},{"not_picked":["Twin Strike","Second Wind"],"picked":"Flex","floor":0.0},{"not_picked":["Clash","Heavy Blade"],"picked":"Shrug It Off","floor":0.0},{"not_picked":["Body Slam","Heavy Blade"],"picked":"Clothesline","floor":0.0},{"not_picked":["Sentinel","Perfected Strike"],"picked":"Headbutt","floor":0.0},{"not_picked":["Blood for Blood","Flex"],"picked":"Twin Strike","floor":0.0},{"not_picked":["Searing Blow","Blood for Blood"],"picked":"Clothesline","floor":0.0},{"not_picked":["Anger","Carnage"],"picked":"Iron Wave","floor":0.0},{"not_picked":["Body Slam","Flame Barrier"],"picked":"Dropkick","floor":0.0},{"not_picked":["Heavy Blade","Sword Boomerang"],"picked":"Burning Pact","floor":0.0},{"not_picked":["Sword Boomerang","Wild Strike","Flex"],"picked":"SKIP","floor":1.0},{"not_picked":["Intimidate","Flex","Evolve"],"picked":"SKIP","floor":3.0},{"not_picked":["Cleave","Entrench","Iron Wave"],"picked":"SKIP","floor":4.0},{"not_picked":["Body Slam","Bludgeon","Rampage"],"picked":"SKIP","floor":7.0},{"not_picked":["Twin Strike","Havoc","True Grit"],"picked":"SKIP","floor":11.0},{"not_picked":["Rage","Shrug It Off","Thunderclap"],"picked":"SKIP","floor":13.0},{"not_picked":["Whirlwind","Flex","Burning Pact"],"picked":"SKIP","floor":14.0},{"not_picked":["Rupture","Clash","Iron Wave"],"picked":"SKIP","floor":18.0},{"not_picked":["Entrench+1","Clash+1","Fire Breathing"],"picked":"SKIP","floor":20.0},{"not_picked":["Dropkick","Headbutt","True Grit"],"picked":"SKIP","floor":21.0},{"not_picked":["Reckless Charge","Thunderclap+1","Hemokinesis+1"],"picked":"SKIP","floor":22.0},{"not_picked":["Flame Barrier","Evolve+1","Wild Strike"],"picked":"SKIP","floor":24.0},{"not_picked":["Perfected Strike","Warcry","Clash","Thunderclap+1"],"picked":"SKIP","floor":31.0},{"not_picked":["Heavy Blade+1","Clash","Iron Wave+1","Cleave+1"],"picked":"SKIP","floor":35.0},{"not_picked":["Pommel Strike","Clothesline+1","Combust+1","Headbutt+1"],"picked":"SKIP","floor":36.0},{"not_picked":["Heavy Blade+1","Iron Wave+1","Clash+1","Corruption+1"],"picked":"SKIP","floor":37.0},{"not_picked":["Dropkick+1","Pommel Strike+1","Twin Strike","Armaments"],"picked":"SKIP","floor":41.0},{"not_picked":["Twin Strike+1","Rampage","Shrug It Off"],"picked":"Brutality","floor":44.0},{"not_picked":["Pummel+1","Sword Boomerang+1","Combust+1","Hemokinesis"],"picked":"SKIP","floor":46.0},{"not_picked":["Immolate","Brutality","Double Tap"],"picked":"Offering","floor":50.0},{"not_picked":["Entrench","Shrug It Off","Hemokinesis","Armaments"],"picked":"SKIP","floor":52.0},{"not_picked":["Sentinel","Twin Strike","Shockwave","Evolve"],"picked":"SKIP","floor":53.0},{"not_picked":["Dual Wield","Clash","Headbutt","Heavy Blade"],"picked":"SKIP","floor":54.0},{"not_picked":["Twin Strike","Inflame","Heavy Blade","Anger"],"picked":"SKIP","floor":58.0},{"not_picked":["Iron Wave","Shrug It Off","Rampage","Wild Strike"],"picked":"SKIP","floor":62.0},{"not_picked":["Reaper","Anger","Shrug It Off","Sever Soul"],"picked":"SKIP","floor":65.0},{"not_picked":["Thunderclap+1","Havoc","Clothesline","Feel No Pain"],"picked":"SKIP","floor":69.0},{"not_picked":["Bloodletting","Feel No Pain","True Grit+1","Pommel Strike"],"picked":"SKIP","floor":70.0},{"not_picked":["Iron Wave","Sentinel","Headbutt","Twin Strike"],"picked":"SKIP","floor":71.0},{"not_picked":["Bloodletting","Iron Wave","Armaments","Feed"],"picked":"SKIP","floor":72.0},{"not_picked":["Warcry","Second Wind","Heavy Blade","Iron Wave"],"picked":"SKIP","floor":75.0},{"not_picked":["Iron Wave+1","Shockwave","Clothesline","Perfected Strike"],"picked":"SKIP","floor":77.0},{"not_picked":["Dark Embrace","Searing Blow","Sword Boomerang","Heavy Blade"],"picked":"SKIP","floor":81.0},{"not_picked":["Twin Strike","Clothesline","Cleave","Heavy Blade"],"picked":"SKIP","floor":82.0},{"not_picked":["Exhume","Double Tap","Reaper"],"picked":"Offering","floor":84},{"not_picked":["Rage+1","Clothesline","Body Slam+1","Cleave"],"picked":"SKIP","floor":86}],"player_experience":396424,"potions_floor_usage":[87],"damage_taken":[{"damage":0.0,"enemies":"2 Louse","floor":1.0,"turns":2.0},{"damage":0.0,"enemies":"Small Slimes","floor":3.0,"turns":3.0},{"damage":0.0,"enemies":"Cultist","floor":4.0,"turns":3.0},{"damage":0.0,"enemies":"Looter","floor":7.0,"turns":2.0},{"damage":0.0,"enemies":"Exordium Thugs","floor":11.0,"turns":3.0},{"damage":1.0,"enemies":"Lots of Slimes","floor":13.0,"turns":4.0},{"damage":5.0,"enemies":"Looter","floor":14.0,"turns":2.0},{"damage":28.0,"enemies":"The Guardian","floor":16.0,"turns":9.0},{"damage":2.0,"enemies":"2 Thieves","floor":18.0,"turns":3.0},{"damage":9.0,"enemies":"3 Byrds","floor":20.0,"turns":4.0},{"damage":20.0,"enemies":"Centurion and Healer","floor":21.0,"turns":4.0},{"damage":13.0,"enemies":"Cultist and Chosen","floor":22.0,"turns":5.0},{"damage":31.0,"enemies":"Slavers","floor":24.0,"turns":5.0},{"damage":13.0,"enemies":"Book of Stabbing","floor":31.0,"turns":3.0},{"damage":22.0,"enemies":"Champ","floor":33.0,"turns":7.0},{"damage":13.0,"enemies":"3 Shapes","floor":35.0,"turns":5.0},{"damage":4.0,"enemies":"Flame Bruiser 1 Orb","floor":36.0,"turns":2.0},{"damage":0.0,"enemies":"Transient","floor":37.0,"turns":5.0},{"damage":5.0,"enemies":"Flame Bruiser 2 Orb","floor":41.0,"turns":2.0},{"damage":22.0,"enemies":"Maw","floor":44.0,"turns":4.0},{"damage":13.0,"enemies":"4 Shapes","floor":46.0,"turns":3.0},{"damage":48.0,"enemies":"Donu and Deca","floor":50.0,"turns":5.0},{"damage":0.0,"enemies":"Small Slimes","floor":52.0,"turns":2.0},{"damage":7.0,"enemies":"2 Louse","floor":53.0,"turns":2.0},{"damage":0.0,"enemies":"Cultist","floor":54.0,"turns":1.0},{"damage":28.0,"floor":55.0,"turns":3.0},{"damage":4.0,"enemies":"3 Sentries","floor":58.0,"turns":4.0},{"damage":15.0,"enemies":"3 Louse","floor":62.0,"turns":2.0},{"damage":5.0,"enemies":"Lagavulin","floor":65.0,"turns":1.0},{"damage":8.0,"enemies":"The Guardian","floor":67.0,"turns":2.0},{"damage":0.0,"enemies":"Spheric Guardian","floor":69.0,"turns":2.0},{"damage":24.0,"enemies":"Slavers","floor":70.0,"turns":3.0},{"damage":11.0,"enemies":"3 Byrds","floor":71.0,"turns":4.0},{"damage":4.0,"enemies":"Centurion and Healer","floor":72.0,"turns":1.0},{"damage":34.0,"floor":73.0,"turns":5.0},{"damage":23.0,"enemies":"Book of Stabbing","floor":75.0,"turns":3.0},{"damage":4.0,"enemies":"Gremlin Leader","floor":77.0,"turns":1.0},{"damage":14.0,"enemies":"Slaver and Parasite","floor":81.0,"turns":2.0},{"damage":11.0,"enemies":"3 Cultists","floor":82.0,"turns":3.0},{"damage":5,"enemies":"Automaton","floor":84,"turns":2},{"damage":9,"enemies":"3 Shapes","floor":86,"turns":3},{"damage":90,"enemies":"3 Darklings","floor":87,"turns":8}],"relics_obtained":[{"floor":9.0,"key":"Blue Candle"},{"floor":24.0,"key":"Omamori"},{"floor":26.0,"key":"Dead Branch"},{"floor":30.0,"key":"Question Card"},{"floor":31.0,"key":"Tiny Chest"},{"floor":39.0,"key":"Unceasing Top"},{"floor":43.0,"key":"Ornamental Fan"},{"floor":47.0,"key":"Toolbox"},{"floor":48.0,"key":"Orichalcum"},{"floor":55.0,"key":"Odd Mushroom"},{"floor":60.0,"key":"Matryoshka"},{"floor":73.0,"key":"Red Mask"}],"event_choices":[{"event_name":"The Cleric","player_choice":"Card Removal","floor":5.0,"damage_taken":0.0},{"event_name":"Accursed Blacksmith","player_choice":"Rummage","floor":12.0,"damage_taken":0.0},{"event_name":"Ghosts","player_choice":"Ignored","floor":19.0,"damage_taken":0.0},{"event_name":"Drug Dealer","player_choice":"Ignored","floor":27.0,"damage_taken":0.0},{"event_name":"Mushrooms","player_choice":"Fought Mushrooms","floor":55.0,"damage_taken":0.0},{"event_name":"The Cleric","player_choice":"Card Removal","floor":63.0,"damage_taken":0.0},{"event_name":"Liars Game","player_choice":"disagreed","floor":64.0,"damage_taken":0.0},{"event_name":"Masked Bandits","player_choice":"Fought over 541 gold","floor":73.0,"damage_taken":0.0},{"event_name":"Forgotten Altar","player_choice":"Shed Blood","floor":79.0,"damage_taken":0.0},{"event_name":"Drug Dealer","player_choice":"Ignored","floor":80.0,"damage_taken":0.0}],"boss_relics":[{"not_picked":["Pandora\u0027s Box","Snecko Eye"],"picked":"Empty Cage"},{"not_picked":["Calling Bell","Velvet Choker"],"picked":"Cursed Key"},{"not_picked":["Orrery","Runic Cube"],"picked":"Black Blood"},{"not_picked":["VoidEssence"],"picked":"Scatterbrain"},{"not_picked":["VoidEssence"],"picked":"MetallicRebirth"}],"items_purged_floors":[],"is_endless":true,"potions_floor_spawned":[4,14,16,18,24,31,37,41,46,52,54,62,65,70,75,77,81,82],"seed_played":"482946651566045235","killed_by":"3 Darklings","ascension_level":0,"potions_obtained":[{"floor":4.0,"key":"BloodPotion"},{"floor":14.0,"key":"SkillPotion"},{"floor":16.0,"key":"SpeedPotion"},{"floor":18.0,"key":"Energy Potion"},{"floor":24.0,"key":"Strength Potion"},{"floor":31.0,"key":"Poison Potion"},{"floor":37.0,"key":"AttackPotion"},{"floor":41.0,"key":"BloodPotion"},{"floor":46.0,"key":"GamblersBrew"},{"floor":52.0,"key":"EssenceOfSteel"},{"floor":54.0,"key":"Regen Potion"},{"floor":62.0,"key":"LiquidBronze"},{"floor":70.0,"key":"BloodPotion"},{"floor":75.0,"key":"Explosive Potion"},{"floor":77.0,"key":"SkillPotion"},{"floor":81.0,"key":"SkillPotion"},{"floor":82.0,"key":"Block Potion"}],"is_trial":true}