{"gold_per_floor":[115,115,138,87,112,112,112,37,37,37,56,56,80,94,94,219,219,238,58,76,96,114,148,148,183,257,276,276,294,393,393,393,512,512,537,537,560,581,345,345,389,180,180,180,205,205,225,248,248,248],"floor_reached":51,"playtime":3096,"items_purged":["Defend_B","Strike_B","Writhe"],"score":711,"play_id":"9b5187f2-3338-4dd3-8283-ab5c82272b29","local_time":"20190105205931","is_ascension_mode":false,"campfire_choices":[{"data":"Electrodynamics","floor":6,"key":"SMITH"},{"data":"Dualcast","floor":10,"key":"SMITH"},{"data":"Redo","floor":12,"key":"SMITH"},{"data":"Leap","floor":15,"key":"SMITH"},{"data":"Defragment","floor":24,"key":"SMITH"},{"data":"Zap","floor":28,"key":"SMITH"},{"data":"Multi-Cast","floor":32,"key":"SMITH"},{"data":"Lockon","floor":40,"key":"SMITH"},{"data":"Seek","floor":44,"key":"SMITH"},{"data":"Double Energy","floor":46,"key":"SMITH"},{"data":"Undo","floor":49,"key":"SMITH"}],"neow_cost":"NONE","seed_source_timestamp":116749814606427,"circlet_count":0,"master_deck":["Strike_B+1","Strike_B","Strike_B","Defend_B","Defend_B+1","Defend_B","Zap+1","Dualcast+1","Undo+1","Leap+1","Sweeping Beam","Conserve Battery+1","Electrodynamics+1","Redo+1","Multi-Cast+1","Ball Lightning+1","Defragment+1","Self Repair","Hologram","Conserve Battery+1","Rebound+1","Seek+1","Storm+1","Lockon+1","Melter","Double Energy+1","Outmaneuver+1"],"relics":["Cracked Core","Golden Idol","Symbiotic Virus","Sozu","Whetstone","DataDisk","Pear","Mercury Hourglass","Velvet Choker","Blood Vial","PrismaticShard","Letter Opener"],"potions_floor_usage":[35,50,50],"damage_taken":[{"damage":0,"enemies":"2 Louse","floor":1,"turns":2},{"damage":0,"enemies":"Small Slimes","floor":3,"turns":3},{"damage":0,"enemies":"Jaw Worm","floor":5,"turns":3},{"damage":0,"enemies":"Large Slime","floor":11,"turns":3},{"damage":5,"enemies":"3 Louse","floor":13,"turns":2},{"damage":0,"enemies":"Gremlin Gang","floor":14,"turns":2},{"damage":18,"enemies":"The Guardian","floor":16,"turns":12},{"damage":0,"enemies":"Shell Parasite","floor":18,"turns":4},{"damage":0,"enemies":"3 Byrds","floor":20,"turns":3},{"damage":13,"enemies":"Shelled Parasite and Fungi","floor":21,"turns":4},{"damage":0,"enemies":"Cultist and Chosen","floor":22,"turns":4},{"damage":0,"enemies":"Gremlin Leader","floor":23,"turns":5},{"damage":14,"enemies":"Slavers","floor":25,"turns":4},{"damage":20,"enemies":"Centurion and Healer","floor":27,"turns":4},{"damage":0,"enemies":"Snecko","floor":29,"turns":4},{"damage":62,"enemies":"Champ","floor":33,"turns":7},{"damage":0,"enemies":"3 Shapes","floor":35,"turns":2},{"damage":6,"enemies":"3 Darklings","floor":37,"turns":3},{"damage":0,"enemies":"Writhing Mass","floor":38,"turns":3},{"damage":21,"enemies":"Reptomancer","floor":41,"turns":5},{"damage":8,"enemies":"Sphere and 2 Shapes","floor":45,"turns":2},{"damage":0,"enemies":"Spire Growth","floor":47,"turns":2},{"damage":1,"enemies":"Maw","floor":48,"turns":4},{"damage":54,"enemies":"Donu and Deca","floor":50,"turns":7}],"seed_played":"-8316802739487522025","potions_obtained":[{"floor":1,"key":"Explosive Potion"},{"floor":5,"key":"EssenceOfSteel"},{"floor":16,"key":"Energy Potion"}],"is_trial":false,"path_per_floor":["M","?","M","$","M","R","?","$","T","R","M","R","M","M","R","B",null,"M","$","M","M","M","E","R","E","T","M","R","M","?","?","R","B",null,"M","?","M","M","$","R","E","$","T","R","M","R","M","M","R","B",null],"character_chosen":"DEFECT","items_purchased":["Conserve Battery","Defragment","Lockon","Melter","PrismaticShard"],"campfire_rested":0,"item_purchase_floors":[4,19,39,39,42],"current_hp_per_floor":[75,57,57,57,57,57,42,42,42,42,42,42,37,37,37,19,75,75,75,75,62,69,75,75,68,78,65,65,72,72,72,72,17,85,85,85,85,85,85,85,64,64,64,64,58,58,60,61,61,16],"gold":248,"neow_bonus":"THREE_CARDS","is_prod":false,"is_daily":false,"chose_seed":false,"campfire_upgraded":11,"win_rate":0,"timestamp":1546743571,"path_taken":["M","?","M","$","M","R","?","$","T","R","M","R","M","M","R","BOSS","M","$","M","M","M","E","R","E","T","M","R","M","?","?","R","BOSS","M","?","M","M","$","R","E","$","T","R","M","R","?","M","R","BOSS"],"build_version":"2019-01-03v4","purchased_purges":3,"victory":true,"max_hp_per_floor":[75,75,75,75,75,75,75,75,75,75,75,75,75,75,75,75,75,75,75,75,75,75,75,75,75,85,85,85,85,85,85,85,85,85,85,85,85,85,85,85,85,85,85,85,85,85,85,85,85,85],"card_choices":[{"not_picked":["Double Energy","Beam Cell"],"picked":"Undo","floor":0},{"not_picked":["Reprogram","Compile Driver"],"picked":"Leap","floor":1},{"not_picked":["Beam Cell","Rebound"],"picked":"Sweeping Beam","floor":3},{"not_picked":["Cold Snap","Doom and Gloom"],"picked":"Electrodynamics","floor":5},{"not_picked":["Aggregate","BootSequence"],"picked":"Redo","floor":11},{"not_picked":["Turbo","Glacier","Consume"],"picked":"SKIP","floor":13},{"not_picked":["Reprogram","Scrape","Compile Driver"],"picked":"SKIP","floor":14},{"not_picked":["Hyperbeam","Meteor Strike"],"picked":"Multi-Cast","floor":16},{"not_picked":["Sweeping Beam","Compile Driver"],"picked":"Ball Lightning","floor":18},{"not_picked":["Beam Cell","Compile Driver","Rebound"],"picked":"SKIP","floor":20},{"not_picked":["Gash+1","Go for the Eyes+1"],"picked":"Self Repair","floor":21},{"not_picked":["Blizzard","Compile Driver"],"picked":"Hologram","floor":22},{"not_picked":["Fission","Compile Driver","Chill"],"picked":"SKIP","floor":23},{"not_picked":["Reinforced Body","Leap"],"picked":"Conserve Battery+1","floor":25},{"not_picked":["Go for the Eyes+1","Static Discharge"],"picked":"Rebound+1","floor":27},{"not_picked":["Turbo","Sweeping Beam","Steam"],"picked":"SKIP","floor":29},{"not_picked":["Machine Learning","Biased Cognition"],"picked":"Seek","floor":33},{"not_picked":["Compile Driver","Doom and Gloom+1","Chaos+1"],"picked":"SKIP","floor":35},{"not_picked":["Stack+1","Gash+1"],"picked":"Storm+1","floor":37},{"not_picked":["Sweeping Beam+1","Redo","Go for the Eyes"],"picked":"SKIP","floor":38},{"not_picked":["Tempest+1","Coolheaded+1","Hologram+1"],"picked":"SKIP","floor":41},{"not_picked":["Dropkick","Lockon+1"],"picked":"Double Energy","floor":45},{"not_picked":["Cleave","Caltrops+1","Go for the Eyes+1"],"picked":"SKIP","floor":47},{"not_picked":["Recycle+1","Outmaneuver"],"picked":"Outmaneuver+1","floor":48}],"player_experience":316956,"relics_obtained":[{"floor":9,"key":"Symbiotic Virus"},{"floor":23,"key":"Whetstone"},{"floor":25,"key":"DataDisk"},{"floor":26,"key":"Pear"},{"floor":41,"key":"Blood Vial"},{"floor":43,"key":"Letter Opener"}],"event_choices":[{"damage_healed":0,"gold_gain":0,"player_choice":"Take Damage","damage_taken":18,"relics_obtained":["Golden Idol"],"max_hp_gain":0,"max_hp_loss":0,"event_name":"Golden Idol","floor":2,"gold_loss":0},{"damage_healed":0,"gold_gain":0,"player_choice":"Entered Light","damage_taken":15,"max_hp_gain":0,"max_hp_loss":0,"event_name":"Shining Light","floor":7,"gold_loss":0,"cards_upgraded":["Defend_B","Conserve Battery"]},{"damage_healed":0,"gold_gain":99,"player_choice":"Stole From Cult","damage_taken":0,"max_hp_gain":0,"max_hp_loss":0,"event_name":"Nest","floor":30,"gold_loss":0},{"damage_healed":0,"gold_gain":0,"player_choice":"Opened","damage_taken":0,"relics_obtained":["Mercury Hourglass"],"max_hp_gain":0,"max_hp_loss":0,"event_name":"The Mausoleum","floor":31,"gold_loss":0,"cards_obtained":["Writhe"]},{"damage_healed":0,"gold_gain":0,"player_choice":"Ignored","damage_taken":0,"max_hp_gain":0,"max_hp_loss":0,"event_name":"NoteForYourself","floor":36,"gold_loss":0}],"is_beta":false,"boss_relics":[{"not_picked":["Astrolabe","Pandora\u0027s Box"],"picked":"Sozu"},{"not_picked":["Eternal Feather","Fusion Hammer"],"picked":"Velvet Choker"}],"items_purged_floors":[8,19,39],"is_endless":false,"potions_floor_spawned":[1,5,16,18,22,23,27,29,37,38,45],"ascension_level":0}