{"gold_per_floor":[13,13,25,25,40,75,75,107,107,107,125,3,18,31,31,126,126,137,40,40,50,50,50,68,95,95,106,136,147,147,164,164,262,262,274,294,294,314,325,357,357,374,374,374,240,240,40,59,59,59],"floor_reached":50,"playtime":4727,"items_purged":["Strike_G","Strike_G"],"score":601,"play_id":"1f1fd53c-56bf-4aa1-a04a-f2dd0bab96ea","local_time":"20190430233958","is_ascension_mode":false,"campfire_choices":[{"data":"Cloak And Dagger","floor":7,"key":"SMITH"},{"floor":15,"key":"REST"},{"data":"Infinite Blades","floor":23,"key":"SMITH"},{"floor":30,"key":"REST"},{"data":"Neutralize","floor":32,"key":"SMITH"},{"data":"After Image","floor":41,"key":"SMITH"},{"data":"Accuracy","floor":44,"key":"SMITH"},{"data":"1","floor":46,"key":"LIFT"},{"data":"2","floor":49,"key":"LIFT"}],"neow_cost":"NO_GOLD","seed_source_timestamp":31415164169141,"circlet_count":0,"master_deck":["Defend_G","Defend_G","Defend_G","Defend_G","Strike_G","Strike_G","Survivor","Neutralize+1","Bouncing Flask","Finisher","Cloak And Dagger+1","Tools of the Trade","Cloak And Dagger","Blade Dance","Accuracy+1","A Thousand Cuts","Dash","Adrenaline","Prepared+1","Acrobatics","Infinite Blades+1","Cloak And Dagger+1","Acrobatics","Eviscerate","Leg Sweep","Blade Dance+1","Tactician+1","After Image+1","Writhe","Acrobatics","Backstab","Backflip+1","Accuracy"],"relics":["Ring of the Snake","Darkstone Periapt","Shuriken","Vajra","Bottled Flame","Gremlin Horn","WristBlade","Bottled Tornado","The Courier","Oddly Smooth Stone","Sozu","Happy Flower","Girya","Ornamental Fan"],"potions_floor_usage":[16,16,24,25,28,29,31,50],"damage_taken":[{"damage":4,"enemies":"Small Slimes","floor":1,"turns":4},{"damage":3,"enemies":"Jaw Worm","floor":3,"turns":4},{"damage":0,"enemies":"Cultist","floor":5,"turns":3},{"damage":23,"enemies":"Gremlin Nob","floor":6,"turns":4},{"damage":25,"enemies":"3 Sentries","floor":8,"turns":7},{"damage":0,"enemies":"2 Fungi Beasts","floor":11,"turns":2},{"damage":0,"enemies":"Red Slaver","floor":13,"turns":2},{"damage":2,"enemies":"Large Slime","floor":14,"turns":4},{"damage":7,"enemies":"Slime Boss","floor":16,"turns":7},{"damage":7,"enemies":"3 Byrds","floor":18,"turns":5},{"damage":0,"enemies":"Chosen","floor":21,"turns":2},{"damage":0,"enemies":"Centurion and Healer","floor":24,"turns":3},{"damage":29,"enemies":"Book of Stabbing","floor":25,"turns":5},{"damage":7,"enemies":"Snecko","floor":27,"turns":3},{"damage":11,"enemies":"Slavers","floor":28,"turns":3},{"damage":2,"enemies":"Snake Plant","floor":29,"turns":3},{"damage":0,"enemies":"3 Cultists","floor":31,"turns":3},{"damage":0,"enemies":"Champ","floor":33,"turns":6},{"damage":6,"enemies":"3 Shapes","floor":35,"turns":3},{"damage":0,"enemies":"Orb Walker","floor":36,"turns":2},{"damage":0,"enemies":"Sphere and 2 Shapes","floor":38,"turns":3},{"damage":4,"enemies":"3 Darklings","floor":39,"turns":3},{"damage":0,"enemies":"Reptomancer","floor":40,"turns":3},{"damage":13,"enemies":"Writhing Mass","floor":42,"turns":5},{"damage":0,"enemies":"Maw","floor":48,"turns":4},{"damage":68,"enemies":"Donu and Deca","floor":50,"turns":7}],"seed_played":"9221040512028743184","potions_obtained":[{"floor":6,"key":"SpeedPotion"},{"floor":10,"key":"Swift Potion"},{"floor":10,"key":"SpeedPotion"},{"floor":13,"key":"SkillPotion"},{"floor":16,"key":"Block Potion"},{"floor":24,"key":"Ancient Potion"},{"floor":25,"key":"Strength Potion"},{"floor":27,"key":"GamblersBrew"},{"floor":28,"key":"AttackPotion"}],"is_trial":false,"path_per_floor":["M","?","M","T","M","E","R","E","T","?","M","$","M","M","R","B",null,"M","$","?","M","?","R","M","E","T","M","E","M","R","M","R","B",null,"M","M","?","M","M","E","R","M","T","R","$","R","$","M","R","B"],"character_chosen":"THE_SILENT","items_purchased":["Blade Dance","Accuracy","Acrobatics","Accuracy","Ornamental Fan"],"campfire_rested":2,"item_purchase_floors":[12,12,19,45,47],"current_hp_per_floor":[66,59,56,56,56,33,33,8,8,8,8,8,8,6,27,20,70,63,63,63,63,63,63,63,34,34,27,16,14,35,35,35,35,70,64,64,76,76,72,72,72,59,59,59,59,59,59,59,59,0],"gold":59,"neow_bonus":"TRANSFORM_TWO_CARDS","is_prod":false,"is_daily":false,"chose_seed":false,"campfire_upgraded":5,"win_rate":0,"timestamp":1556638798,"path_taken":["M","?","M","?","?","E","R","E","T","?","?","$","M","M","R","BOSS","M","$","?","M","?","R","M","E","T","M","E","?","R","M","R","BOSS","M","M","?","M","M","E","R","M","T","R","?","R","$","M","R","BOSS"],"build_version":"2019-01-23","purchased_purges":2,"victory":false,"max_hp_per_floor":[70,70,70,70,70,70,70,70,70,70,70,70,70,70,70,70,70,70,70,70,70,70,70,70,70,70,70,70,70,70,70,70,70,70,70,70,76,76,76,76,76,76,76,76,76,76,76,76,76,76],"card_choices":[{"not_picked":["Dagger Throw","Riddle With Holes"],"picked":"Cloak And Dagger","floor":1},{"not_picked":["Bane","Flying Knee","Dagger Spray"],"picked":"SKIP","floor":3},{"not_picked":["Choke","Dagger Spray","Sucker Punch"],"picked":"SKIP","floor":5},{"not_picked":["Slice","Quick Slash"],"picked":"Tools of the Trade","floor":6},{"not_picked":["Underhanded Strike","Dagger Spray"],"picked":"Cloak And Dagger","floor":8},{"not_picked":["Dagger Spray","Endless Agony","Quick Slash"],"picked":"SKIP","floor":11},{"not_picked":["Reflex","Poisoned Stab"],"picked":"A Thousand Cuts","floor":13},{"not_picked":["Dodge and Roll","Tactician"],"picked":"Dash","floor":14},{"not_picked":["Tools of the Trade","Night Terror"],"picked":"Adrenaline","floor":16},{"not_picked":["Underhanded Strike+1","Concentrate"],"picked":"Prepared+1","floor":18},{"not_picked":["Tactician+1","Cloak And Dagger"],"picked":"Infinite Blades","floor":21},{"not_picked":["Blur","Dagger Spray"],"picked":"Acrobatics","floor":24},{"not_picked":["Flying Knee","Outmaneuver","Crippling Poison"],"picked":"SKIP","floor":25},{"not_picked":["Quick Slash+1","Outmaneuver"],"picked":"Eviscerate","floor":27},{"not_picked":["Die Die Die","Setup"],"picked":"Leg Sweep","floor":28},{"not_picked":["Well Laid Plans","Choke"],"picked":"Blade Dance+1","floor":29},{"not_picked":["Deadly Poison+1","Dodge and Roll+1"],"picked":"Tactician+1","floor":31},{"not_picked":["Glass Knife","Venomology"],"picked":"After Image","floor":33},{"not_picked":["Quick Slash","Terror+1","Riddle With Holes+1"],"picked":"SKIP","floor":35},{"not_picked":["Dagger Spray+1","Bane+1","Blade Dance"],"picked":"SKIP","floor":36},{"not_picked":["Terror+1","Flying Knee+1"],"picked":"Acrobatics","floor":38},{"not_picked":["Acrobatics+1","PiercingWail"],"picked":"Backstab","floor":39},{"not_picked":["Cloak And Dagger","Setup","Dagger Spray+1"],"picked":"SKIP","floor":40},{"not_picked":["Catalyst","Skewer"],"picked":"Backflip+1","floor":42},{"not_picked":["Backflip","Dagger Spray+1","Cloak And Dagger"],"picked":"SKIP","floor":48}],"player_experience":307061,"relics_obtained":[{"floor":4,"key":"Shuriken"},{"floor":6,"key":"Vajra"},{"floor":8,"key":"Bottled Flame"},{"floor":9,"key":"Gremlin Horn"},{"floor":25,"key":"Bottled Tornado"},{"floor":26,"key":"The Courier"},{"floor":28,"key":"Oddly Smooth Stone"},{"floor":40,"key":"Happy Flower"},{"floor":43,"key":"Girya"}],"event_choices":[{"damage_healed":0,"gold_gain":0,"player_choice":"Success","damage_taken":7,"relics_obtained":["Darkstone Periapt"],"max_hp_gain":0,"max_hp_loss":0,"event_name":"Scrap Ooze","floor":2,"gold_loss":0},{"damage_healed":0,"gold_gain":0,"player_choice":"Got Potions","damage_taken":0,"max_hp_gain":0,"max_hp_loss":0,"event_name":"Lab","floor":10,"gold_loss":0},{"damage_healed":0,"gold_gain":0,"player_choice":"Ignored","damage_taken":0,"max_hp_gain":0,"max_hp_loss":0,"event_name":"Beggar","floor":20,"gold_loss":0},{"damage_healed":0,"gold_gain":0,"player_choice":"Copied","damage_taken":0,"max_hp_gain":0,"max_hp_loss":0,"event_name":"Duplicator","floor":22,"gold_loss":0,"cards_obtained":["Cloak And Dagger"]},{"damage_healed":18,"gold_gain":0,"player_choice":"Writhe","damage_taken":0,"max_hp_gain":0,"max_hp_loss":0,"event_name":"Winding Halls","floor":37,"gold_loss":0,"cards_obtained":["Writhe"]}],"is_beta":false,"boss_relics":[{"not_picked":["Cursed Key","White Beast Statue"],"picked":"WristBlade"},{"not_picked":["Philosopher\u0027s Stone","Eternal Feather"],"picked":"Sozu"}],"items_purged_floors":[19,45],"is_endless":false,"potions_floor_spawned":[6,11,13,16,24,25,27,28,36,40,48],"killed_by":"Donu and Deca","ascension_level":0}