{"gold_per_floor":[113,113,24,96,61,61,81,96,121,136,136,15,15,35,35,110,110,121,121,24,102,119,119,119,119,143,161,177,177,189,114,114,185,185,195,64,79,95,108,108,108,14,62,62],"floor_reached":44,"playtime":2406,"items_purged":[],"score":697,"play_id":"74e9b6a4-6e19-4de2-be88-35de5a016a9e","local_time":"20190121150323","is_ascension_mode":true,"campfire_choices":[{"data":"Bandage Up","floor":6,"key":"SMITH"},{"data":"Genetic Algorithm","floor":11,"key":"SMITH"},{"data":"FTL","floor":13,"key":"SMITH"},{"data":"Compile Driver","floor":15,"key":"SMITH"},{"data":"Coolheaded","floor":23,"key":"SMITH"},{"data":"Turbo","floor":25,"key":"SMITH"},{"floor":29,"key":"REST"},{"data":"Capacitor","floor":32,"key":"SMITH"},{"floor":40,"key":"REST"}],"neow_cost":"NONE","seed_source_timestamp":2322922304515405,"circlet_count":0,"master_deck":["AscendersBane","Strike_B","Strike_B","Strike_B+1","Strike_B","Defend_B","Defend_B","Defend_B+1","Defend_B","Zap","Dualcast","Steam","Bandage Up+1","Genetic Algorithm+1","Auto Shields","FTL+1","Undo","Compile Driver+1","Echo Form","Coolheaded+1","Leap","Turbo+1","Clumsy","Conserve Battery","Capacitor+1","Reboot","Reinforced Body","Leap","Consume","Blizzard","Good Instincts","Shame"],"relics":["Cracked Core","Boot","Cursed Key","Singing Bowl","Potion Belt","Fusion Hammer","Dream Catcher"],"potions_floor_usage":[16,16,24,28,33,33,38,44],"damage_taken":[{"damage":7,"enemies":"Jaw Worm","floor":1,"turns":3},{"damage":8,"enemies":"2 Louse","floor":7,"turns":2},{"damage":6,"enemies":"Cultist","floor":8,"turns":4},{"damage":8,"enemies":"Blue Slaver","floor":10,"turns":5},{"damage":0,"enemies":"Looter","floor":14,"turns":3},{"damage":54,"enemies":"Hexaghost","floor":16,"turns":14},{"damage":43,"enemies":"Chosen","floor":18,"turns":7},{"damage":3,"enemies":"Shell Parasite","floor":22,"turns":7},{"damage":8,"enemies":"Colosseum Slavers","floor":24,"turns":5},{"damage":27,"enemies":"3 Cultists","floor":27,"turns":7},{"damage":13,"enemies":"Centurion and Healer","floor":28,"turns":9},{"damage":7,"enemies":"Snake Plant","floor":30,"turns":8},{"damage":74,"enemies":"Automaton","floor":33,"turns":15},{"damage":26,"enemies":"3 Shapes","floor":35,"turns":9},{"damage":11,"enemies":"3 Darklings","floor":37,"turns":11},{"damage":31,"enemies":"Transient","floor":38,"turns":5},{"damage":17,"enemies":"Spire Growth","floor":39,"turns":10},{"damage":47,"enemies":"Jaw Worm Horde","floor":44,"turns":5}],"seed_played":"7157344860553147858","potions_obtained":[{"floor":10,"key":"Swift Potion"},{"floor":14,"key":"SteroidPotion"},{"floor":16,"key":"PowerPotion"},{"floor":18,"key":"Fire Potion"},{"floor":27,"key":"SkillPotion"},{"floor":30,"key":"SpeedPotion"},{"floor":35,"key":"Fire Potion"},{"floor":39,"key":"Dexterity Potion"}],"is_trial":false,"path_per_floor":["M","?","$","?","?","R","M","M","T","M","R","$","R","M","R","B",null,"M","?","$","T","M","R","?","R","T","M","M","R","M","?","R","B",null,"M","$","M","M","M","R","?","$","T","M"],"character_chosen":"DEFECT","items_purchased":["Bandage Up","FTL","Undo","Leap","Turbo","Leap","Consume","Good Instincts"],"campfire_rested":2,"item_purchase_floors":[3,12,12,20,20,36,36,42],"current_hp_per_floor":[57,36,36,36,53,53,51,51,51,49,49,49,49,55,55,7,55,24,81,81,81,83,83,81,81,81,63,56,80,81,81,81,19,69,49,49,46,23,12,38,38,38,38,0],"gold":62,"neow_bonus":"ONE_RANDOM_RARE_CARD","is_prod":false,"is_daily":false,"chose_seed":false,"campfire_upgraded":7,"win_rate":0,"timestamp":1548083003,"path_taken":["M","?","$","?","?","R","M","M","T","M","R","$","R","M","R","BOSS","M","?","$","?","M","R","?","R","T","M","M","R","M","?","R","BOSS","M","$","M","M","M","R","?","$","T","M"],"build_version":"2019-01-17v2","purchased_purges":0,"victory":false,"max_hp_per_floor":[71,71,71,71,71,71,71,71,71,71,71,71,71,71,71,71,71,71,81,81,81,83,83,83,83,83,83,83,83,85,85,85,85,85,85,85,87,89,89,89,85,85,85,85],"card_choices":[{"not_picked":["Fusion","Undo"],"picked":"Steam","floor":1},{"not_picked":["Streamline","Cold Snap"],"picked":"Genetic Algorithm","floor":7},{"not_picked":["Ball Lightning","Rip and Tear"],"picked":"Auto Shields","floor":8},{"not_picked":["Storm","All For One","Hologram"],"picked":"SKIP","floor":10},{"not_picked":["Chaos","Conserve Battery"],"picked":"Compile Driver","floor":14},{"not_picked":["Seek","All For One"],"picked":"Echo Form","floor":16},{"not_picked":["Ball Lightning","Leap"],"picked":"Coolheaded","floor":18},{"not_picked":["Barrage+1","Cold Snap","Multi-Cast"],"picked":"Singing Bowl","floor":22},{"not_picked":["Aggregate","Rip and Tear"],"picked":"Conserve Battery","floor":27},{"not_picked":["Consume","Streamline"],"picked":"Capacitor","floor":28},{"not_picked":["Heatsinks","Redo","Aggregate"],"picked":"Singing Bowl","floor":30},{"not_picked":["Multi-Cast","Thunder Strike"],"picked":"Reboot","floor":33},{"not_picked":["Cold Snap","Rip and Tear"],"picked":"Reinforced Body","floor":35},{"not_picked":["Redo","Heatsinks","Beam Cell"],"picked":"Singing Bowl","floor":37},{"not_picked":["Gash","Streamline","Steam"],"picked":"Singing Bowl","floor":38},{"not_picked":["Double Energy","Steam"],"picked":"Blizzard","floor":39}],"player_experience":445656,"relics_obtained":[{"floor":9,"key":"Boot"},{"floor":21,"key":"Singing Bowl"},{"floor":26,"key":"Potion Belt"},{"floor":43,"key":"Dream Catcher"}],"event_choices":[{"damage_healed":0,"gold_gain":0,"player_choice":"Entered Light","damage_taken":21,"max_hp_gain":0,"max_hp_loss":0,"event_name":"Shining Light","floor":2,"gold_loss":0,"cards_upgraded":["Strike_B","Defend_B"]},{"damage_healed":0,"gold_gain":72,"player_choice":"Gained Gold","damage_taken":0,"max_hp_gain":0,"max_hp_loss":0,"event_name":"Golden Wing","floor":4,"gold_loss":0},{"damage_healed":17,"gold_gain":0,"player_choice":"Healed","damage_taken":0,"max_hp_gain":0,"max_hp_loss":0,"event_name":"The Cleric","floor":5,"gold_loss":35},{"cards_removed":["Meteor Strike"],"damage_healed":47,"gold_gain":0,"player_choice":"Offered Rare","damage_taken":0,"max_hp_gain":10,"max_hp_loss":0,"event_name":"Bonfire Elementals","floor":19,"gold_loss":0},{"damage_healed":0,"gold_gain":0,"player_choice":"Fight","damage_taken":0,"max_hp_gain":0,"max_hp_loss":0,"event_name":"Colosseum","floor":24,"gold_loss":0},{"damage_healed":0,"gold_gain":0,"player_choice":"Fled From Nobs","damage_taken":0,"max_hp_gain":0,"max_hp_loss":0,"event_name":"Colosseum","floor":24,"gold_loss":0},{"cards_removed":["Injury"],"damage_healed":0,"gold_gain":0,"player_choice":"Gave Gold","damage_taken":0,"max_hp_gain":0,"max_hp_loss":0,"event_name":"Beggar","floor":31,"gold_loss":75},{"damage_healed":0,"gold_gain":0,"player_choice":"Max HP","damage_taken":0,"max_hp_gain":0,"max_hp_loss":4,"event_name":"Winding Halls","floor":41,"gold_loss":0}],"is_beta":false,"boss_relics":[{"not_picked":["Sozu","Lizard Tail"],"picked":"Cursed Key"},{"not_picked":["Calling Bell","Eternal Feather"],"picked":"Fusion Hammer"}],"items_purged_floors":[],"is_endless":false,"potions_floor_spawned":[10,14,16,18,22,27,30,35,39],"killed_by":"Jaw Worm Horde","ascension_level":15}