{"gold_per_floor":[111,122,47,65,121,121,152,152,179,198,209,209,209,209,209,281,281,181,181,10,10,10,10,10,10,10,10,10,10,10,10,10,10],"floor_reached":33,"playtime":961,"items_purged":["Decay"],"score":691,"play_id":"4a901106-4a2e-41bd-a857-54e1e5ea2bd0","local_time":"20190429153714","is_ascension_mode":true,"campfire_choices":[{"data":"White Noise","floor":6,"key":"SMITH"},{"data":"Conserve Battery","floor":8,"key":"SMITH"},{"floor":12,"key":"REST"},{"data":"Hello World","floor":15,"key":"SMITH"},{"floor":23,"key":"REST"},{"data":"Electrodynamics","floor":25,"key":"SMITH"},{"floor":29,"key":"REST"},{"floor":32,"key":"REST"}],"neow_cost":"CURSE","seed_source_timestamp":3173807886788030,"circlet_count":0,"master_deck":["AscendersBane","Strike_B","Strike_B","Strike_B","Strike_B","Defend_B","Defend_B","Defend_B","Defend_B+1","Zap+1","Dualcast","Core Surge","Cold Snap","Conserve Battery+1","White Noise+1","Ball Lightning","Go for the Eyes","Hello World+1","Parasite","Electrodynamics+1","BootSequence","White Noise+1","Core Surge","Capacitor"],"relics":["Cracked Core","Centennial Puzzle","Strawberry","Pear","Ectoplasm","War Paint","Matryoshka","Bottled Lightning","Lantern"],"potions_floor_usage":[16,31,31],"damage_taken":[{"damage":2,"enemies":"Cultist","floor":1,"turns":3},{"damage":2,"enemies":"Jaw Worm","floor":2,"turns":3},{"damage":6,"enemies":"Small Slimes","floor":4,"turns":3},{"damage":35,"enemies":"Gremlin Nob","floor":7,"turns":6},{"damage":2,"enemies":"2 Fungi Beasts","floor":10,"turns":3},{"damage":17,"enemies":"Large Slime","floor":11,"turns":4},{"damage":0,"enemies":"Slime Boss","floor":16,"turns":7},{"damage":21,"enemies":"2 Thieves","floor":18,"turns":4},{"damage":10,"enemies":"Spheric Guardian","floor":19,"turns":4},{"damage":4,"enemies":"Centurion and Healer","floor":24,"turns":4},{"damage":29,"enemies":"Slavers","floor":28,"turns":4},{"damage":11,"enemies":"Sentry and Sphere","floor":30,"turns":4},{"damage":18,"enemies":"Book of Stabbing","floor":31,"turns":4},{"damage":47,"enemies":"Champ","floor":33,"turns":11}],"seed_played":"5110838279023600738","potions_obtained":[{"floor":1,"key":"SteroidPotion"},{"floor":7,"key":"Strength Potion"},{"floor":16,"key":"Strength Potion"}],"is_trial":false,"path_per_floor":["M","M","$","M","?","R","E","R","T","M","M","R","?","T","R","B",null,"M","M","$","?","?","R","M","R","T","?","E","R","M","E","R","B"],"character_chosen":"DEFECT","items_purchased":["War Paint"],"campfire_rested":4,"item_purchase_floors":[20],"current_hp_per_floor":[62,60,60,54,54,54,19,19,26,24,7,30,49,59,59,59,81,60,50,50,24,24,51,47,47,47,47,18,45,34,16,43,0],"gold":10,"neow_bonus":"THREE_RARE_CARDS","is_prod":false,"is_daily":false,"chose_seed":false,"campfire_upgraded":4,"win_rate":0,"timestamp":1556548634,"path_taken":["M","M","$","M","?","R","E","R","T","M","M","R","?","?","R","BOSS","M","M","$","?","?","R","?","R","T","?","E","R","M","E","R","BOSS"],"build_version":"2019-01-23","purchased_purges":1,"victory":false,"max_hp_per_floor":[71,71,71,71,71,71,71,71,78,78,78,78,78,88,88,88,88,88,88,88,93,93,93,93,93,93,93,93,93,93,93,93,93],"card_choices":[{"not_picked":["Multi-Cast","Meteor Strike"],"picked":"Core Surge","floor":0},{"not_picked":["Recycle","Turbo"],"picked":"Cold Snap","floor":1},{"not_picked":["Steam","Fusion"],"picked":"Conserve Battery","floor":2},{"not_picked":["Darkness","Stack"],"picked":"White Noise","floor":4},{"not_picked":["Gash","Go for the Eyes"],"picked":"Ball Lightning","floor":7},{"not_picked":["Leap","Steam Power"],"picked":"Go for the Eyes","floor":10},{"not_picked":["Melter","Ball Lightning"],"picked":"Hello World","floor":11},{"not_picked":["Creative AI","Meteor Strike"],"picked":"Electrodynamics","floor":16},{"not_picked":["Barrage","Scrape","Go for the Eyes"],"picked":"SKIP","floor":18},{"not_picked":["Genetic Algorithm","Steam Power"],"picked":"BootSequence","floor":19},{"not_picked":["Redo","Scrape","Streamline"],"picked":"SKIP","floor":24},{"not_picked":["Stack","Conserve Battery"],"picked":"Core Surge","floor":28},{"not_picked":["Hello World","Genetic Algorithm","Gash"],"picked":"SKIP","floor":30},{"not_picked":["Aggregate","Stack"],"picked":"Capacitor","floor":31}],"player_experience":252997,"relics_obtained":[{"floor":7,"key":"Centennial Puzzle"},{"floor":9,"key":"Strawberry"},{"floor":14,"key":"Pear"},{"floor":26,"key":"Matryoshka"},{"floor":28,"key":"Bottled Lightning"},{"floor":31,"key":"Lantern"}],"event_choices":[{"damage_healed":0,"gold_gain":56,"player_choice":"Gained Gold","damage_taken":0,"max_hp_gain":0,"max_hp_loss":0,"event_name":"Golden Wing","floor":5,"gold_loss":0},{"damage_healed":19,"gold_gain":0,"player_choice":"Healed and dodged fight","damage_taken":0,"max_hp_gain":0,"max_hp_loss":0,"event_name":"Mushrooms","floor":13,"gold_loss":0,"cards_obtained":["Parasite"]},{"damage_healed":0,"gold_gain":0,"player_choice":"Shed Blood","damage_taken":31,"max_hp_gain":5,"max_hp_loss":0,"event_name":"Forgotten Altar","floor":21,"gold_loss":0},{"damage_healed":0,"gold_gain":0,"player_choice":"Copied","damage_taken":0,"max_hp_gain":0,"max_hp_loss":0,"event_name":"Duplicator","floor":22,"gold_loss":0,"cards_obtained":["White Noise"]},{"damage_healed":0,"gold_gain":0,"player_choice":"Ignored","damage_taken":0,"max_hp_gain":0,"max_hp_loss":0,"event_name":"The Mausoleum","floor":27,"gold_loss":0}],"is_beta":false,"boss_relics":[{"not_picked":["Cursed Key","Eternal Feather"],"picked":"Ectoplasm"}],"items_purged_floors":[3],"is_endless":false,"potions_floor_spawned":[1,7,10,16,18,19,28],"killed_by":"Champ","ascension_level":20}