{"gold_per_floor":[19,39,39,51,71,71,106,116,116,116,116,116,126,152,152,256,256,276,19,29,49,49,49,82,96,96,124,124,144,158,176,176,274,274,286,298,298,74,87,113,113,213,236,248,263,263,263,273,273,273],"floor_reached":51,"playtime":2600,"items_purged":["Strike_R"],"score":1066,"play_id":"7530a36f-8c74-463d-9ac2-bd55c64b21fc","local_time":"20190114163541","is_ascension_mode":true,"campfire_choices":[{"data":"Bash","floor":6,"key":"SMITH"},{"floor":12,"key":"REST"},{"data":"Shrug It Off","floor":15,"key":"SMITH"},{"data":"Double Tap","floor":23,"key":"SMITH"},{"floor":28,"key":"REST"},{"data":"Carnage","floor":32,"key":"SMITH"},{"data":"Shrug It Off","floor":41,"key":"SMITH"},{"floor":49,"key":"REST"}],"neow_cost":"NO_GOLD","seed_source_timestamp":1723428554925624,"circlet_count":0,"master_deck":["Strike_R+1","Strike_R","Strike_R","Defend_R","Defend_R","Defend_R","Defend_R","Bash+1","Headbutt","Intimidate+1","Ghostly Armor","Iron Wave","Carnage+1","Anger","Shrug It Off+1","Double Tap+1","Shrug It Off+1","Battle Trance+1","Inflame+1","Immolate","Thunderclap+1","Battle Trance+1","Warcry+1","Dropkick"],"relics":["Burning Blood","FossilizedHelix","Blood Vial","Kunai","Ornamental Fan","Nunchaku","Busted Crown","Matryoshka","Frozen Egg 2","Question Card","Blue Candle","Singing Bowl","Eternal Feather","Pen Nib","Prayer Wheel","Ice Cream","Letter Opener"],"potions_floor_usage":[35,44,50,50],"damage_taken":[{"damage":0,"enemies":"2 Louse","floor":1,"turns":3},{"damage":0,"enemies":"Cultist","floor":2,"turns":3},{"damage":0,"enemies":"Jaw Worm","floor":4,"turns":3},{"damage":27,"enemies":"Exordium Wildlife","floor":5,"turns":7},{"damage":21,"enemies":"Gremlin Nob","floor":7,"turns":5},{"damage":5,"enemies":"Exordium Thugs","floor":8,"turns":4},{"damage":0,"enemies":"Looter","floor":13,"turns":3},{"damage":5,"enemies":"Lagavulin","floor":14,"turns":5},{"damage":33,"enemies":"Hexaghost","floor":16,"turns":10},{"damage":0,"enemies":"Spheric Guardian","floor":18,"turns":3},{"damage":0,"enemies":"2 Thieves","floor":20,"turns":4},{"damage":0,"enemies":"3 Cultists","floor":21,"turns":5},{"damage":17,"enemies":"Slavers","floor":24,"turns":6},{"damage":9,"enemies":"Centurion and Healer","floor":25,"turns":5},{"damage":44,"enemies":"Gremlin Leader","floor":27,"turns":10},{"damage":0,"enemies":"Snecko","floor":29,"turns":4},{"damage":0,"enemies":"Cultist and Chosen","floor":30,"turns":6},{"damage":4,"enemies":"3 Cultists","floor":31,"turns":4},{"damage":19,"enemies":"Champ","floor":33,"turns":11},{"damage":0,"enemies":"3 Darklings","floor":35,"turns":3},{"damage":7,"enemies":"3 Shapes","floor":36,"turns":6},{"damage":2,"enemies":"Maw","floor":39,"turns":6},{"damage":0,"enemies":"Nemesis","floor":40,"turns":5},{"damage":24,"enemies":"Mind Bloom Boss Battle","floor":42,"turns":4},{"damage":0,"enemies":"Spire Growth","floor":44,"turns":3},{"damage":38,"enemies":"Sphere and 2 Shapes","floor":45,"turns":4},{"damage":0,"enemies":"3 Darklings","floor":48,"turns":3},{"damage":48,"enemies":"Awakened One","floor":50,"turns":13}],"seed_played":"7162203063245992037","potions_obtained":[{"floor":5,"key":"FairyPotion"},{"floor":8,"key":"Regen Potion"},{"floor":24,"key":"Dexterity Potion"},{"floor":30,"key":"Block Potion"},{"floor":36,"key":"Poison Potion"},{"floor":39,"key":"Explosive Potion"},{"floor":45,"key":"Strength Potion"}],"is_trial":false,"path_per_floor":["M","M","?","M","M","R","E","M","T","?","T","R","M","E","R","B",null,"M","$","M","M","?","R","E","M","T","E","R","M","M","M","R","B",null,"M","M","?","$","M","E","R","?","T","M","M","?","?","M","R","B",null],"character_chosen":"IRONCLAD","items_purchased":["Matryoshka","Pen Nib"],"campfire_rested":3,"item_purchase_floors":[19,38],"current_hp_per_floor":[78,80,80,80,59,59,44,47,47,31,31,55,63,66,66,41,70,78,78,80,80,80,80,69,68,68,34,58,66,74,80,80,69,80,84,83,83,83,86,86,86,68,68,80,54,54,54,66,98,56],"gold":273,"neow_bonus":"ONE_RARE_RELIC","is_prod":false,"is_daily":false,"chose_seed":false,"campfire_upgraded":5,"win_rate":0,"timestamp":1547483741,"path_taken":["M","M","?","?","M","R","E","M","T","?","?","R","?","E","R","BOSS","M","$","M","M","?","R","E","M","T","E","R","M","M","M","R","BOSS","M","M","?","$","M","E","R","?","T","M","M","?","?","M","R","BOSS"],"build_version":"2019-01-10","purchased_purges":1,"victory":true,"max_hp_per_floor":[80,80,80,80,80,80,80,80,80,80,80,80,80,80,80,80,80,80,80,80,80,80,80,80,80,80,82,82,82,82,84,84,84,84,84,84,84,84,86,86,86,86,86,90,94,94,94,98,98,98],"card_choices":[{"not_picked":["Heavy Blade","Body Slam"],"picked":"Headbutt","floor":1},{"not_picked":["Clothesline","Pommel Strike","Armaments"],"picked":"SKIP","floor":2},{"not_picked":["Clash","Pommel Strike"],"picked":"Ghostly Armor","floor":4},{"not_picked":["Pummel","True Grit"],"picked":"Iron Wave","floor":5},{"not_picked":["Fiend Fire","Hemokinesis"],"picked":"Carnage","floor":7},{"not_picked":["Sentinel","Clothesline","Second Wind"],"picked":"SKIP","floor":8},{"not_picked":["Clash","Clothesline"],"picked":"Anger","floor":13},{"not_picked":["Seeing Red","Reckless Charge"],"picked":"Shrug It Off","floor":14},{"not_picked":["Fiend Fire","Immolate"],"picked":"Double Tap","floor":16},{"not_picked":["Warcry"],"picked":"SKIP","floor":18},{"not_picked":[],"picked":"Shrug It Off","floor":20},{"not_picked":["Disarm"],"picked":"SKIP","floor":21},{"not_picked":["Evolve+1"],"picked":"SKIP","floor":24},{"not_picked":[],"picked":"Twin Strike","floor":25},{"not_picked":["Body Slam","Corruption+1"],"picked":"Singing Bowl","floor":27},{"not_picked":["Corruption+1"],"picked":"Battle Trance+1","floor":29},{"not_picked":["Hemokinesis"],"picked":"Inflame+1","floor":30},{"not_picked":["Heavy Blade","Sentinel"],"picked":"Singing Bowl","floor":31},{"not_picked":["Exhume"],"picked":"Immolate","floor":33},{"not_picked":["Clash"],"picked":"Thunderclap+1","floor":35},{"not_picked":["Infernal Blade"],"picked":"Battle Trance+1","floor":36},{"not_picked":["Intimidate","Cleave"],"picked":"Singing Bowl","floor":39},{"not_picked":["Evolve+1"],"picked":"Warcry+1","floor":40},{"not_picked":["Burning Pact"],"picked":"Dropkick","floor":42},{"not_picked":["Hemokinesis+1","Whirlwind"],"picked":"Singing Bowl","floor":44},{"not_picked":["Shockwave","Flex"],"picked":"Singing Bowl","floor":44},{"not_picked":["Twin Strike+1","Wild Strike"],"picked":"Singing Bowl","floor":45},{"not_picked":["Infernal Blade+1","Sword Boomerang+1"],"picked":"Singing Bowl","floor":45},{"not_picked":["Pommel Strike","Evolve+1"],"picked":"Singing Bowl","floor":48},{"not_picked":["Warcry+1","Shockwave"],"picked":"Singing Bowl","floor":48}],"player_experience":289339,"relics_obtained":[{"floor":7,"key":"Blood Vial"},{"floor":9,"key":"Kunai"},{"floor":11,"key":"Ornamental Fan"},{"floor":14,"key":"Nunchaku"},{"floor":24,"key":"Frozen Egg 2"},{"floor":26,"key":"Question Card"},{"floor":26,"key":"Blue Candle"},{"floor":27,"key":"Singing Bowl"},{"floor":40,"key":"Prayer Wheel"},{"floor":42,"key":"Ice Cream"},{"floor":43,"key":"Letter Opener"}],"event_choices":[{"damage_healed":0,"gold_gain":0,"cards_transformed":["Strike_R"],"player_choice":"Transformed","damage_taken":0,"max_hp_gain":0,"max_hp_loss":0,"event_name":"Transmorgrifier","floor":3,"gold_loss":0,"cards_obtained":["Intimidate"]},{"damage_healed":0,"gold_gain":0,"player_choice":"Entered Light","damage_taken":16,"max_hp_gain":0,"max_hp_loss":0,"event_name":"Shining Light","floor":10,"gold_loss":0,"cards_upgraded":["Strike_R","Intimidate"]},{"damage_healed":0,"gold_gain":0,"player_choice":"Ignored","damage_taken":0,"max_hp_gain":0,"max_hp_loss":0,"event_name":"Beggar","floor":22,"gold_loss":0},{"damage_healed":0,"gold_gain":0,"player_choice":"Ignored","damage_taken":0,"max_hp_gain":0,"max_hp_loss":0,"event_name":"Tomb of Lord Red Mask","floor":37,"gold_loss":0},{"damage_healed":0,"gold_gain":0,"player_choice":"Fight","damage_taken":0,"max_hp_gain":0,"max_hp_loss":0,"event_name":"MindBloom","floor":42,"gold_loss":0},{"cards_removed":["Twin Strike"],"damage_healed":0,"gold_gain":0,"player_choice":"Removed Attack","damage_taken":0,"max_hp_gain":0,"max_hp_loss":0,"event_name":"Falling","floor":46,"gold_loss":0},{"damage_healed":0,"gold_gain":0,"player_choice":"Ignored","damage_taken":0,"max_hp_gain":0,"max_hp_loss":0,"event_name":"Mysterious Sphere","floor":47,"gold_loss":0}],"is_beta":false,"boss_relics":[{"not_picked":["Mark of Pain","Runic Cube"],"picked":"Busted Crown"},{"not_picked":["Runic Dome","Fusion Hammer"],"picked":"Eternal Feather"}],"items_purged_floors":[38],"is_endless":false,"potions_floor_spawned":[5,8,24,29,30,31,33,36,39,42,45,48],"ascension_level":8}