{"path_per_floor":["M","?","M","M","M","R","E","M","T","M","?","M","$","?","R","B",null,"M","?","?","$","M","E","R","$","T","M","R","?","R","M","R"],"character_chosen":"IRONCLAD","items_purchased":["Torii","Rampage","Headbutt","Ghostly Armor","Inflame","Spot Weakness"],"gold_per_floor":[214,214,233,253,271,271,297,314,340,350,600,613,79,79,79,180,180,197,122,122,51,62,87,87,11,11,21,21,21,21,31,31],"floor_reached":33,"campfire_rested":2,"playtime":1678,"current_hp_per_floor":[74,58,61,59,65,65,50,47,47,41,41,43,43,43,67,42,80,65,65,65,65,66,23,47,47,47,40,40,40,40,47,47],"items_purged":["Regret"],"gold":31,"score":320,"play_id":"0ec48f72-e3d9-499e-b1fd-1e569facf4d0","is_prod":false,"is_daily":false,"is_ascension_mode":true,"campfire_upgraded":4,"path_taken":["M","?","?","M","M","R","E","M","T","M","?","M","$","?","R","BOSS","M","?","?","$","M","E","R","?","T","?","R","?","R","M","R","BOSS"],"build_version":"2018-02-08-BETA1","purchased_purges":1,"victory":false,"master_deck":["Defend_R","Defend_R","Defend_R+1","Defend_R","Bash","Spot Weakness+1","Iron Wave","Body Slam","Heavy Blade","Battle Trance","Sword Boomerang","Rampage+1","Headbutt","Ghostly Armor","Flex","Offering","Armaments+1","Inflame","Inflame+1","Heavy Blade","Spot Weakness","Injury","Seeing Red+1","Bite","Bite","Bite","Bite","Bite","Heavy Blade+1"],"max_hp_per_floor":[80,80,80,80,80,80,80,80,80,80,80,80,80,80,80,80,80,80,80,80,80,80,80,80,80,80,80,80,56,56,56,56],"relics":["Burning Blood","Dream Catcher","Ancient Tea Set","Torii","Cursed Key","Thread and Needle","Frozen Eye"],"card_choices":[{"not_picked":["Rage","Armaments"],"picked":"Spot Weakness"},{"not_picked":["Clash","Warcry"],"picked":"Iron Wave"},{"not_picked":["Sword Boomerang","True Grit"],"picked":"Body Slam"},{"not_picked":["True Grit","Body Slam"],"picked":"Heavy Blade"},{"not_picked":["Uppercut","True Grit"],"picked":"Battle Trance"},{"not_picked":["Clothesline","Rupture"],"picked":"Sword Boomerang"},{"not_picked":["Rampage","Pommel Strike"],"picked":"Flex"},{"not_picked":["Barricade","Berserk"],"picked":"Offering"},{"not_picked":["Feel No Pain","Carnage"],"picked":"Armaments"},{"not_picked":["Flame Barrier","Clash"],"picked":"Inflame"},{"not_picked":["Reaper","Corruption"],"picked":"Heavy Blade"},{"not_picked":["Heavy Blade","Infernal Blade"],"picked":"Seeing Red"},{"not_picked":["Twin Strike","Exhume"],"picked":"Heavy Blade"}],"player_experience":144748,"potions_floor_usage":[5,7,16,16,33,33],"damage_taken":[{"damage":12,"enemies":"Small Slimes","floor":1,"turns":3},{"damage":3,"enemies":"Cultist","floor":3,"turns":4},{"damage":8,"enemies":"Blue Slaver","floor":4,"turns":4},{"damage":0,"enemies":"3 Louse","floor":5,"turns":1},{"damage":21,"enemies":"Lagavulin","floor":7,"turns":6},{"damage":9,"enemies":"Red Slaver","floor":8,"turns":4},{"damage":12,"enemies":"2 Fungi Beasts","floor":10,"turns":4},{"damage":4,"enemies":"Large Slime","floor":12,"turns":3},{"damage":31,"enemies":"Slime Boss","floor":16,"turns":6},{"damage":21,"enemies":"2 Thieves","floor":18,"turns":4},{"damage":5,"enemies":"Shell Parasite","floor":22,"turns":3},{"damage":49,"enemies":"Slavers","floor":23,"turns":4},{"damage":13,"enemies":"Centurion and Healer","floor":27,"turns":4},{"damage":10,"enemies":"Snake Plant","floor":31,"turns":4},{"damage":87,"enemies":"Collector","floor":33,"turns":7}],"event_choices":[{"event_name":"Shining Light","player_choice":"Entered Light","floor":2,"damage_taken":0},{"event_name":"Golden Shrine","player_choice":"Desecrate","floor":11,"damage_taken":0},{"event_name":"Living Wall","player_choice":"Forget","floor":14,"damage_taken":0},{"event_name":"Beggar","player_choice":"Gave Gold","floor":19,"damage_taken":0},{"event_name":"Drug Dealer","player_choice":"Ignored","floor":20,"damage_taken":0},{"event_name":"Vampires","player_choice":"Became a vampire","floor":29,"damage_taken":0}],"boss_relics":[{"not_picked":["Tiny House","Lizard Tail"],"picked":"Cursed Key"}],"potions_floor_spawned":[1,5,10,12,23,31],"seed_played":"8145542503873268797","killed_by":"Collector","ascension_level":2,"is_trial":false}