{"gold_per_floor":[110,110,110,122,73,73,27,57,81,112,112,124,183,211,211,308,308,323,17,33,33,46,46],"floor_reached":23,"playtime":1318,"items_purged":["Defend_B"],"score":267,"play_id":"57a63e64-f96f-4b67-86bd-0b42f3f17880","local_time":"20190109233156","is_ascension_mode":true,"campfire_choices":[{"data":"Beam Cell","floor":6,"key":"SMITH"},{"floor":11,"key":"REST"},{"data":"Doom and Gloom","floor":15,"key":"SMITH"}],"neow_cost":"NONE","seed_source_timestamp":1317681449239981,"circlet_count":0,"master_deck":["Strike_B","Strike_B","Strike_B","Strike_B","Defend_B","Defend_B","Zap","Dualcast","Lockon+1","Leap","Beam Cell+1","Sweeping Beam","Rebound","Redo","Sweeping Beam","Doom and Gloom+1","Electrodynamics","Doom and Gloom","Leap+1","Tempest"],"relics":["Cracked Core","NeowsBlessing","Happy Flower","Art of War","Incense Burner","Bottled Lightning","The Courier","Black Star","Gambling Chip"],"potions_floor_usage":[18,18],"damage_taken":[{"damage":0,"enemies":"Jaw Worm","floor":1,"turns":1},{"damage":0,"enemies":"Small Slimes","floor":4,"turns":1},{"damage":0,"enemies":"Gremlin Nob","floor":8,"turns":1},{"damage":35,"enemies":"Lagavulin","floor":10,"turns":5},{"damage":0,"enemies":"Cultist","floor":12,"turns":2},{"damage":0,"enemies":"Gremlin Nob","floor":13,"turns":2},{"damage":1,"enemies":"Gremlin Nob","floor":14,"turns":3},{"damage":44,"enemies":"Slime Boss","floor":16,"turns":7},{"damage":5,"enemies":"3 Byrds","floor":18,"turns":3},{"damage":3,"enemies":"2 Thieves","floor":20,"turns":3},{"damage":36,"enemies":"Snake Plant","floor":22,"turns":4},{"damage":36,"enemies":"Book of Stabbing","floor":23,"turns":3}],"seed_played":"-7169158392814426374","potions_obtained":[{"floor":1,"key":"SpeedPotion"},{"floor":4,"key":"SkillPotion"},{"floor":8,"key":"LiquidBronze"}],"is_trial":false,"path_per_floor":["M","?","?","M","$","R","$","E","T","E","R","M","?","E","R","B",null,"M","$","M","?","M","E"],"character_chosen":"DEFECT","items_purchased":["Beam Cell","Sweeping Beam","Gambling Chip"],"campfire_rested":1,"item_purchase_floors":[5,7,19],"current_hp_per_floor":[75,80,80,80,80,80,80,80,80,45,69,69,69,68,68,24,80,75,75,72,72,36,0],"gold":46,"neow_bonus":"THREE_ENEMY_KILL","is_prod":false,"is_daily":false,"chose_seed":false,"campfire_upgraded":2,"win_rate":0,"timestamp":1547076716,"path_taken":["M","?","?","M","$","R","$","E","T","E","R","M","?","E","R","BOSS","M","$","M","?","?","E"],"build_version":"2019-01-03v4","purchased_purges":1,"victory":false,"max_hp_per_floor":[75,80,80,80,80,80,80,80,80,80,80,80,80,80,80,80,80,80,80,80,80,80,80],"card_choices":[{"not_picked":["Steam","Blizzard"],"picked":"Lockon","floor":1},{"not_picked":["Streamline","Chill"],"picked":"Leap","floor":4},{"not_picked":["Sweeping Beam","Coolheaded"],"picked":"Rebound","floor":8},{"not_picked":["Chill","Coolheaded"],"picked":"Redo","floor":10},{"not_picked":["Chill","Double Energy"],"picked":"Sweeping Beam","floor":12},{"not_picked":["Streamline","Consume"],"picked":"Doom and Gloom","floor":14},{"not_picked":["Reboot","All For One"],"picked":"Electrodynamics","floor":16},{"not_picked":["Barrage","Leap"],"picked":"Doom and Gloom","floor":18},{"not_picked":["Steam+1","Hologram"],"picked":"Leap+1","floor":20},{"not_picked":["Go for the Eyes+1","Streamline"],"picked":"Tempest","floor":22}],"player_experience":135991,"relics_obtained":[{"floor":8,"key":"Happy Flower"},{"floor":9,"key":"Art of War"},{"floor":10,"key":"Incense Burner"},{"floor":13,"key":"Bottled Lightning"},{"floor":14,"key":"The Courier"}],"event_choices":[{"damage_healed":0,"gold_gain":0,"player_choice":"Donut","damage_taken":0,"max_hp_gain":5,"max_hp_loss":0,"event_name":"Big Fish","floor":2,"gold_loss":0},{"damage_healed":0,"gold_gain":0,"player_choice":"Grow","damage_taken":0,"max_hp_gain":0,"max_hp_loss":0,"event_name":"Living Wall","floor":3,"gold_loss":0,"cards_upgraded":["Lockon"]},{"damage_healed":0,"gold_gain":0,"player_choice":"Searched \u00271\u0027 times","damage_taken":0,"max_hp_gain":0,"max_hp_loss":0,"event_name":"Dead Adventurer","floor":13,"gold_loss":0},{"cards_removed":["Defend_B"],"damage_healed":0,"gold_gain":0,"player_choice":"Card Removal","damage_taken":0,"max_hp_gain":0,"max_hp_loss":0,"event_name":"Wheel of Change","floor":21,"gold_loss":0}],"is_beta":false,"boss_relics":[{"not_picked":["Lizard Tail","Astrolabe"],"picked":"Black Star"}],"items_purged_floors":[19],"is_endless":false,"potions_floor_spawned":[1,4,8],"killed_by":"Book of Stabbing","ascension_level":3}