{"gold_per_floor":[110,125,136,151,170,190,190,140,167,167,15,76,92,108,108,209,209,227,260,13,0,16,16],"floor_reached":23,"playtime":3058,"items_purged":["Strike_B"],"score":213,"play_id":"e272a569-f9ad-4df1-a1a8-6a3611d124d7","local_time":"20180623220847","is_ascension_mode":true,"campfire_choices":[{"data":"Genetic Algorithm","floor":7.0,"key":"SMITH"},{"data":"Loop","floor":10.0,"key":"SMITH"},{"data":"Capacitor","floor":15,"key":"SMITH"}],"neow_cost":"","seed_source_timestamp":0,"circlet_count":0,"master_deck":["Strike_B","Defend_B","Defend_B","Defend_B","Defend_B","Zap","Dualcast","Loop+1","Cold Snap","Undo","Coolheaded","White Noise","Genetic Algorithm+1","Capacitor+1","Self Repair","Chill","White Noise","Echo Form","Gash+1","Turbo","Redo","Glacier"],"special_seed":17706,"relics":["Cracked Core","Bag of Marbles","Ornamental Fan","Philosopher\u0027s Stone","Red Mask","Bottled Tornado"],"potions_floor_usage":[14,19],"damage_taken":[{"damage":7.0,"enemies":"Jaw Worm","floor":1.0,"turns":3.0},{"damage":3.0,"enemies":"Small Slimes","floor":2.0,"turns":3.0},{"damage":0.0,"enemies":"2 Louse","floor":3.0,"turns":2.0},{"damage":0.0,"enemies":"Large Slime","floor":4.0,"turns":5.0},{"damage":9.0,"enemies":"3 Louse","floor":5.0,"turns":7.0},{"damage":20.0,"enemies":"Lots of Slimes","floor":6.0,"turns":6.0},{"damage":17.0,"enemies":"Lagavulin Event","floor":12.0,"turns":10.0},{"damage":9,"enemies":"2 Fungi Beasts","floor":13,"turns":6},{"damage":2,"enemies":"Looter","floor":14,"turns":4},{"damage":4,"enemies":"Hexaghost","floor":16,"turns":13},{"damage":0,"enemies":"Shell Parasite","floor":18,"turns":6},{"damage":43,"floor":19,"turns":4},{"damage":30,"enemies":"2 Thieves","floor":21,"turns":5},{"damage":2,"enemies":"Centurion and Healer","floor":22,"turns":4},{"damage":24,"enemies":"Sentry and Sphere","floor":23,"turns":2}],"seed_played":"4796763302249609389","potions_obtained":[{"floor":1.0,"key":"Energy Potion"},{"floor":3.0,"key":"Regen Potion"},{"floor":6.0,"key":"Ancient Potion"},{"floor":12.0,"key":"Poison Potion"},{"floor":16,"key":"Ancient Potion"},{"floor":18,"key":"Poison Potion"}],"is_trial":false,"path_per_floor":["M","M","M","M","M","M","R","?","T","R","$","?","M","M","R","B",null,"M","?","$","M","M"],"character_chosen":"DEFECT","items_purchased":["Capacitor","Bottled Tornado"],"campfire_rested":0,"item_purchase_floors":[],"current_hp_per_floor":[68,65,65,65,56,51,51,51,51,51,51,34,39,44,44,47,75,75,39,39,16,21,0],"gold":16,"neow_bonus":"","is_prod":false,"is_daily":false,"chose_seed":false,"campfire_upgraded":3,"win_rate":0,"timestamp":1529802527,"path_taken":["M","M","M","M","M","M","R","?","T","R","$","?","M","M","R","BOSS","M","?","$","M","?","M"],"build_version":"2018-06-21v2","purchased_purges":1,"victory":false,"max_hp_per_floor":[75,75,75,75,75,75,75,75,75,75,75,75,75,75,75,75,75,75,75,75,75,75,75],"card_choices":[{"not_picked":["Hello World","Leap"],"picked":"Loop","floor":1.0},{"not_picked":["Leap","Go for the Eyes"],"picked":"Cold Snap","floor":2.0},{"not_picked":["Storm","Chaos"],"picked":"Undo","floor":3.0},{"not_picked":["Lockon","BootSequence"],"picked":"Coolheaded","floor":4.0},{"not_picked":["Consume","Hologram"],"picked":"White Noise","floor":5.0},{"not_picked":["Redo","Rip and Tear"],"picked":"Genetic Algorithm","floor":6.0},{"not_picked":["Sweeping Beam","Hyperbeam"],"picked":"Self Repair","floor":12.0},{"not_picked":["Streamline","Cold Snap"],"picked":"Chill","floor":13},{"not_picked":["Leap","Rip and Tear"],"picked":"White Noise","floor":14},{"not_picked":["Rainbow","Thunder Strike"],"picked":"Echo Form","floor":16},{"not_picked":["Undo+1","Genetic Algorithm"],"picked":"Gash+1","floor":18},{"not_picked":["Streamline+1","Reprogram"],"picked":"Turbo","floor":19},{"not_picked":["Sweeping Beam","Machine Learning"],"picked":"Redo","floor":21},{"not_picked":["Leap+1","Barrage"],"picked":"Glacier","floor":22}],"player_experience":254833,"relics_obtained":[{"floor":9.0,"key":"Bag of Marbles"},{"floor":12.0,"key":"Ornamental Fan"},{"floor":19,"key":"Red Mask"}],"event_choices":[{"event_name":"The Cleric","player_choice":"Card Removal","floor":8.0,"damage_taken":0.0},{"event_name":"Dead Adventurer","player_choice":"Searched \u00273\u0027 times","floor":12.0,"damage_taken":0.0},{"event_name":"Masked Bandits","player_choice":"Fought over 227 gold","floor":19,"damage_taken":0}],"boss_relics":[{"not_picked":["Lizard Tail","Calling Bell"],"picked":"Philosopher\u0027s Stone"}],"items_purged_floors":[],"is_endless":false,"potions_floor_spawned":[1,3,6,12,16,18],"killed_by":"Sentry and Sphere","ascension_level":3}