{"gold_per_floor":[109,24,24,38,58,58,89,109,136,136],"floor_reached":10,"playtime":324,"items_purged":[],"score":116,"play_id":"ee38be9d-3bfa-4745-ad06-216734c93e7f","local_time":"20190121141111","is_ascension_mode":true,"campfire_choices":[{"data":"Inflame","floor":6,"key":"SMITH"}],"neow_cost":"NONE","seed_source_timestamp":1362243623919999,"circlet_count":0,"master_deck":["AscendersBane","Strike_R","Strike_R","Strike_R","Strike_R","Strike_R","Defend_R","Defend_R","Defend_R","Defend_R","Bash","Limit Break","Inflame+1","Reckless Charge","Whirlwind","Iron Wave"],"relics":["Burning Blood","Lantern","Juzu Bracelet","Boot"],"potions_floor_usage":[4,10],"damage_taken":[{"damage":16,"enemies":"Jaw Worm","floor":1,"turns":4},{"damage":0,"enemies":"Small Slimes","floor":4,"turns":1},{"damage":1,"enemies":"2 Louse","floor":5,"turns":3},{"damage":40,"enemies":"3 Sentries","floor":7,"turns":8},{"damage":10,"enemies":"2 Fungi Beasts","floor":8,"turns":3},{"damage":27,"enemies":"Gremlin Nob","floor":10,"turns":3}],"seed_played":"-3704011285905923460","potions_obtained":[{"floor":4,"key":"FearPotion"},{"floor":7,"key":"LiquidBronze"}],"is_trial":false,"path_per_floor":["M","$","?","M","M","R","E","M","T","E"],"character_chosen":"IRONCLAD","items_purchased":["Inflame","AttackPotion"],"campfire_rested":0,"item_purchase_floors":[2,2],"current_hp_per_floor":[58,58,51,57,62,62,28,24,24,0],"gold":136,"neow_bonus":"ONE_RANDOM_RARE_CARD","is_prod":false,"is_daily":false,"chose_seed":false,"campfire_upgraded":1,"win_rate":0,"timestamp":1548079871,"path_taken":["M","$","?","M","M","R","E","M","T","E"],"build_version":"2019-01-17v2","purchased_purges":0,"victory":false,"max_hp_per_floor":[75,75,75,75,75,75,75,75,75,75],"card_choices":[{"not_picked":["Warcry","Second Wind","Dual Wield"],"picked":"SKIP","floor":1},{"not_picked":["Feel No Pain","Anger","Body Slam"],"picked":"SKIP","floor":4},{"not_picked":["Body Slam","Wild Strike"],"picked":"Reckless Charge","floor":5},{"not_picked":["Berserk","Clash"],"picked":"Whirlwind","floor":7},{"not_picked":["Carnage","Perfected Strike"],"picked":"Iron Wave","floor":8}],"player_experience":158679,"relics_obtained":[{"floor":7,"key":"Juzu Bracelet"},{"floor":9,"key":"Boot"}],"event_choices":[{"damage_healed":0,"gold_gain":0,"player_choice":"Success","damage_taken":7,"relics_obtained":["Lantern"],"max_hp_gain":0,"max_hp_loss":0,"event_name":"Scrap Ooze","floor":3,"gold_loss":0}],"is_beta":false,"boss_relics":[],"items_purged_floors":[],"is_endless":false,"potions_floor_spawned":[4,7],"killed_by":"Gremlin Nob","ascension_level":14}