{"path_per_floor":["M","?","?","?","?","E","R","E","T","M","$","M","M","M","R","B",null,"M","$","M","?","$"],"character_chosen":"IRONCLAD","items_purchased":["Shrug It Off","Pear","Dual Wield","Cleave","Metallicize"],"gold_per_floor":[113,113,288,288,288,317,317,348,422,442,91,106,125,143,143,241,241,255,78,93,93,23],"floor_reached":23,"campfire_rested":0,"playtime":1082,"current_hp_per_floor":[80,80,80,85,85,85,85,85,85,85,95,95,95,95,95,83,95,91,91,80,80,80],"items_purged":["Strike_R","Strike_R"],"gold":23,"play_id":"955f8869-4f87-4c00-9d9f-6eed0725d571","is_prod":false,"is_daily":false,"campfire_rituals":0,"campfire_upgraded":2,"is_hardmode":false,"path_taken":["M","?","?","?","?","E","R","E","T","M","$","M","M","?","R","BOSS","M","$","M","?","?","E"],"build_version":"2018-01-04-PROD1","purchased_purges":2,"victory":false,"master_deck":["Strike_R","Strike_R","Defend_R","Defend_R","Defend_R","Bash","Whirlwind","Ghostly Armor","Pummel","Pummel","Shrug It Off","Body Slam","Entrench","Juggernaut","Havoc","Sentinel","Dual Wield","Cleave","Metallicize"],"max_hp_per_floor":[80,80,80,85,85,85,85,85,85,85,95,95,95,95,95,95,95,95,95,95,95,95],"relics":["Burning Blood","NeowsBlessing","Whetstone","Blue Candle","Toolbox","Pear","Astrolabe"],"campfire_meditates":0,"card_choices":[{"not_picked":["Havoc","Searing Blow"],"picked":"Whirlwind"},{"not_picked":["Shockwave","Fire Breathing"],"picked":"Ghostly Armor"},{"not_picked":["Corruption","Offering"],"picked":"Pummel"},{"not_picked":["Carnage","Reckless Charge"],"picked":"Pummel"},{"not_picked":["Warcry","Headbutt"],"picked":"Body Slam"},{"not_picked":["True Grit","Rampage"],"picked":"Entrench"},{"not_picked":["Exhume","Dark Embrace"],"picked":"Berserk"}],"player_experience":163737,"potions_floor_usage":[16,16,23,23],"damage_taken":[{"damage":0,"enemies":"Small Slimes","floor":1,"turns":1},{"damage":0,"enemies":"3 Sentries","floor":6,"turns":1},{"damage":0,"enemies":"Gremlin Nob","floor":8,"turns":1},{"damage":4,"enemies":"Blue Slaver","floor":10,"turns":3},{"damage":1,"enemies":"Jaw Worm","floor":12,"turns":3},{"damage":0,"enemies":"3 Louse","floor":13,"turns":1},{"damage":0,"enemies":"Looter","floor":14,"turns":4},{"damage":18,"enemies":"Slime Boss","floor":16,"turns":9},{"damage":14,"enemies":"Chosen","floor":18,"turns":7},{"damage":17,"enemies":"3 Byrds","floor":20,"turns":5},{"damage":112,"enemies":"Slavers","floor":23,"turns":6}],"event_choices":[{"event_name":"The Lab","player_choice":"Got Potions","floor":2,"damage_taken":0},{"event_name":"Liars Game","player_choice":"agreed","floor":3,"damage_taken":0},{"event_name":"Big Fish","player_choice":"Donut","floor":4,"damage_taken":0},{"event_name":"Purifier","player_choice":"One Purge","floor":5,"damage_taken":0},{"event_name":"Vampires","player_choice":"Ignored","floor":21,"damage_taken":0}],"boss_relics":[{"not_picked":["Pandora\u0027s Box","Snecko Eye"],"picked":"Astrolabe"}],"potions_floor_spawned":[6,10,12,14,18],"seed_played":"5837646195855264067","killed_by":"Slavers","is_trial":false}