{"gold_per_floor":[118,134,134,147,161,161,189,114,161,189,189,189,139,39,39,164,164,182,57,81,81,81,122,142,173,243,278,278,294,310,334,334,455,455,480,92,112,112,135,174,174,78,78,78,97,136,155,176,176,176],"floor_reached":51,"playtime":1754,"items_purged":["Strike_R","Strike_R","Strike_R","Defend_R"],"score":900,"play_id":"43d2e716-3a50-4cd8-af2f-46775330ed42","local_time":"20190108232845","is_ascension_mode":true,"campfire_choices":[{"data":"Rampage","floor":6,"key":"SMITH"},{"data":"Shrug It Off","floor":11,"key":"SMITH"},{"data":"Headbutt","floor":15,"key":"SMITH"},{"floor":32,"key":"RECALL"},{"data":"Strike_R","floor":41,"key":"PURGE"},{"data":"Strike_R","floor":44,"key":"PURGE"},{"data":"Defend_R+1","floor":49,"key":"PURGE"}],"neow_cost":"NONE","seed_source_timestamp":271026066441751,"circlet_count":0,"master_deck":["Defend_R+1","Bash+1","Rampage+1","Headbutt+1","Thunderclap","Shrug It Off+1","Shrug It Off+1","Pommel Strike+1","True Grit+1","Reckless Charge+1","Impatience","Headbutt+1"],"relics":["Burning Blood","WarpedTongs","Paper Frog","Anchor","Dream Catcher","Golden Idol","Fusion Hammer","War Paint","Frozen Egg 2","Molten Egg 2","Meat on the Bone","Sozu","Bottled Flame","Peace Pipe","Darkstone Periapt","Mummified Hand"],"potions_floor_usage":[16,27,40,40],"damage_taken":[{"damage":6,"enemies":"Cultist","floor":1,"turns":4},{"damage":0,"enemies":"2 Louse","floor":2,"turns":3},{"damage":6,"enemies":"Small Slimes","floor":4,"turns":3},{"damage":15,"enemies":"Looter","floor":5,"turns":3},{"damage":9,"enemies":"3 Sentries","floor":7,"turns":6},{"damage":33,"enemies":"Lagavulin","floor":10,"turns":5},{"damage":8,"enemies":"Slime Boss","floor":16,"turns":8},{"damage":1,"enemies":"Spheric Guardian","floor":18,"turns":3},{"damage":3,"enemies":"3 Byrds","floor":20,"turns":5},{"damage":4,"enemies":"Book of Stabbing","floor":23,"turns":4},{"damage":6,"enemies":"Snake Plant","floor":24,"turns":3},{"damage":9,"enemies":"Slavers","floor":25,"turns":6},{"damage":19,"enemies":"Gremlin Leader","floor":27,"turns":6},{"damage":4,"enemies":"Centurion and Healer","floor":29,"turns":5},{"damage":10,"enemies":"Snecko","floor":30,"turns":5},{"damage":1,"enemies":"Cultist and Chosen","floor":31,"turns":6},{"damage":37,"enemies":"Champ","floor":33,"turns":9},{"damage":6,"enemies":"3 Shapes","floor":35,"turns":2},{"damage":0,"enemies":"Orb Walker","floor":37,"turns":2},{"damage":7,"enemies":"4 Shapes","floor":39,"turns":5},{"damage":17,"enemies":"Reptomancer","floor":40,"turns":5},{"damage":0,"enemies":"Spire Growth","floor":45,"turns":3},{"damage":26,"enemies":"Nemesis","floor":46,"turns":5},{"damage":1,"enemies":"3 Darklings","floor":47,"turns":3},{"damage":5,"enemies":"Sphere and 2 Shapes","floor":48,"turns":4},{"damage":38,"enemies":"Time Eater","floor":50,"turns":7}],"seed_played":"1456245749817493864","potions_obtained":[{"floor":1,"key":"Block Potion"},{"floor":5,"key":"Swift Potion"},{"floor":10,"key":"Explosive Potion"},{"floor":16,"key":"SpeedPotion"},{"floor":29,"key":"Ancient Potion"},{"floor":30,"key":"SkillPotion"}],"is_trial":false,"path_per_floor":["M","M","?","M","M","R","E","$","T","E","R","?","?","$","R","B",null,"M","$","M","?","?","E","M","E","T","E","?","M","M","M","R","B",null,"M","$","M","?","M","E","R","$","T","R","M","E","M","M","R","B",null],"character_chosen":"IRONCLAD","items_purchased":["Bottled Flame","Impatience"],"campfire_rested":0,"item_purchase_floors":[36,42],"current_hp_per_floor":[80,80,80,80,71,71,68,68,68,41,41,41,41,41,41,39,74,74,74,74,74,74,74,74,71,71,58,58,60,56,61,61,42,74,74,74,74,74,73,62,62,62,62,62,68,48,53,54,54,34],"gold":176,"neow_bonus":"UPGRADE_CARD","is_prod":false,"is_daily":false,"chose_seed":false,"campfire_upgraded":3,"win_rate":0,"timestamp":1546990125,"path_taken":["M","M","?","M","?","R","E","$","T","E","R","?","?","$","R","BOSS","M","$","M","?","?","E","M","E","T","E","?","?","M","M","R","BOSS","M","$","M","?","M","E","R","$","T","R","M","E","M","?","R","BOSS"],"build_version":"2019-01-03v4","purchased_purges":4,"victory":true,"max_hp_per_floor":[80,80,80,80,80,80,80,80,80,80,80,74,74,74,74,74,74,74,74,74,74,74,74,74,74,74,74,74,74,74,74,74,74,74,74,74,74,74,74,74,74,74,74,74,74,74,74,74,74,74],"card_choices":[{"not_picked":["Infernal Blade","Perfected Strike"],"picked":"Rampage","floor":1},{"not_picked":["Warcry","Sword Boomerang","Body Slam"],"picked":"SKIP","floor":2},{"not_picked":["Warcry","Seeing Red","Thunderclap"],"picked":"SKIP","floor":4},{"not_picked":["Shrug It Off","Reckless Charge"],"picked":"Headbutt","floor":5},{"not_picked":["Perfected Strike","Armaments"],"picked":"Thunderclap","floor":7},{"not_picked":["Evolve","Sword Boomerang"],"picked":"Shrug It Off","floor":10},{"not_picked":["Corruption","Flame Barrier"],"picked":"Shrug It Off+1","floor":18},{"not_picked":["Wild Strike+1","Shrug It Off","Combust"],"picked":"SKIP","floor":20},{"not_picked":["Perfected Strike+1","Thunderclap","Corruption+1"],"picked":"SKIP","floor":23},{"not_picked":["Wild Strike","Rupture","Iron Wave"],"picked":"SKIP","floor":24},{"not_picked":["Clash+1","Intimidate","Seeing Red"],"picked":"SKIP","floor":25},{"not_picked":["Perfected Strike+1","Fire Breathing+1","Inflame+1"],"picked":"SKIP","floor":27},{"not_picked":["True Grit","Shrug It Off","Iron Wave+1"],"picked":"SKIP","floor":29},{"not_picked":["Inflame+1","Corruption+1","Flame Barrier"],"picked":"SKIP","floor":30},{"not_picked":["Berserk+1","Thunderclap+1"],"picked":"Pommel Strike+1","floor":31},{"not_picked":["Wild Strike+1","Body Slam+1"],"picked":"True Grit+1","floor":35},{"not_picked":["Heavy Blade+1","Anger+1","Armaments"],"picked":"SKIP","floor":37},{"not_picked":["Disarm+1","Clothesline+1","Perfected Strike+1"],"picked":"SKIP","floor":39},{"not_picked":["Combust+1","Thunderclap+1","Evolve+1"],"picked":"SKIP","floor":40},{"not_picked":["Armaments+1","Shrug It Off"],"picked":"Headbutt+1","floor":45},{"not_picked":["Impervious","Sword Boomerang+1","True Grit+1"],"picked":"SKIP","floor":46},{"not_picked":["Wild Strike+1","Clothesline+1","Evolve+1"],"picked":"SKIP","floor":47},{"not_picked":["Combust+1","Pommel Strike+1","Fire Breathing+1"],"picked":"SKIP","floor":48},{"not_picked":["Combust+1","Pommel Strike+1","Fire Breathing+1"],"picked":"SKIP","floor":48}],"player_experience":668768,"relics_obtained":[{"floor":7,"key":"Paper Frog"},{"floor":9,"key":"Anchor"},{"floor":10,"key":"Dream Catcher"},{"floor":23,"key":"War Paint"},{"floor":25,"key":"Frozen Egg 2"},{"floor":26,"key":"Molten Egg 2"},{"floor":27,"key":"Meat on the Bone"},{"floor":40,"key":"Peace Pipe"},{"floor":43,"key":"Darkstone Periapt"},{"floor":46,"key":"Mummified Hand"}],"event_choices":[{"damage_healed":0,"gold_gain":0,"player_choice":"Rummage","damage_taken":0,"relics_obtained":["WarpedTongs"],"max_hp_gain":0,"max_hp_loss":0,"event_name":"Accursed Blacksmith","floor":3,"gold_loss":0,"cards_obtained":["Pain"]},{"damage_healed":0,"gold_gain":0,"player_choice":"Lose Max HP","damage_taken":0,"relics_obtained":["Golden Idol"],"max_hp_gain":0,"max_hp_loss":6,"event_name":"Golden Idol","floor":12,"gold_loss":0},{"cards_removed":["Pain"],"damage_healed":0,"gold_gain":0,"player_choice":"Card Removal","damage_taken":0,"max_hp_gain":0,"max_hp_loss":0,"event_name":"The Cleric","floor":13,"gold_loss":50},{"damage_healed":0,"gold_gain":0,"player_choice":"Ignored","damage_taken":0,"max_hp_gain":0,"max_hp_loss":0,"event_name":"Cursed Tome","floor":22,"gold_loss":0},{"damage_healed":0,"gold_gain":0,"player_choice":"Bought 0 Potions","damage_taken":0,"max_hp_gain":0,"max_hp_loss":0,"event_name":"The Woman in Blue","floor":28,"gold_loss":0},{"damage_healed":0,"gold_gain":0,"cards_transformed":["Defend_R"],"player_choice":"Transformed","damage_taken":0,"max_hp_gain":0,"max_hp_loss":0,"event_name":"Transmorgrifier","floor":38,"gold_loss":0,"cards_obtained":["Reckless Charge"]}],"is_beta":false,"boss_relics":[{"not_picked":["Calling Bell","Orrery"],"picked":"Fusion Hammer"},{"not_picked":["Eternal Feather","Velvet Choker"],"picked":"Sozu"}],"items_purged_floors":[8,14,19,36],"is_endless":false,"potions_floor_spawned":[1,5,10,16,20,24,29,30,33,37,39,40],"ascension_level":2}