{"path_per_floor":["M","?","M","?","M","R","M","R","T","M","?","E","M","M","R","B",null,"M","$","?","M","$","R","E","M","T","?"],"character_chosen":"IRONCLAD","items_purchased":[],"gold_per_floor":[110,110,124,89,108,108,126,126,126,137,137,175,190,214,214,337,337,352,352,352,372,372,372,403,422,422,422],"floor_reached":28,"campfire_rested":2,"playtime":1344,"current_hp_per_floor":[69,53,53,73,68,68,55,79,79,79,63,38,33,27,51,10,80,71,71,71,70,70,70,45,16,16,16],"items_purged":[],"gold":422,"play_id":"ed613fa4-8cb6-4846-abe6-10c51433e5c5","is_prod":false,"is_daily":false,"campfire_rituals":0,"campfire_upgraded":2,"is_hardmode":false,"path_taken":["M","?","M","?","?","R","M","R","T","M","?","E","M","M","R","BOSS","M","$","?","?","$","R","E","M","T","?","M"],"build_version":"2017-12-21-PROD1","purchased_purges":0,"victory":false,"master_deck":["Strike_R","Strike_R","Strike_R","Strike_R","Strike_R","Defend_R","Defend_R","Defend_R","Defend_R","Bash","Brutality","Heavy Blade","Bludgeon","Bloodletting","Flex","Spot Weakness","Whirlwind","Hemokinesis","Pommel Strike","Limit Break","Seeing Red","Infernal Blade","Battle Trance","Seeing Red","Cleave"],"max_hp_per_floor":[80,80,80,80,80,80,80,80,80,80,80,80,80,80,80,80,80,80,80,80,80,80,80,80,80,80,80],"relics":["Burning Blood","Charon\u0027s Ashes","Golden Idol","Frozen Egg","Sozu","Shovel","Champion Belt"],"campfire_meditates":0,"card_choices":[{"not_picked":["Power Through","Perfected Strike"],"picked":"Heavy Blade"},{"not_picked":["Dropkick","Power Through"],"picked":"Bludgeon"},{"not_picked":["Blood for Blood","Body Slam"],"picked":"Bloodletting"},{"not_picked":["Sword Boomerang","Wild Strike"],"picked":"Flex"},{"not_picked":["Warcry","True Grit"],"picked":"Spot Weakness"},{"not_picked":["Pummel","Clothesline"],"picked":"Whirlwind"},{"not_picked":["True Grit","Clash"],"picked":"Hemokinesis"},{"not_picked":["Twin Strike","Evolve"],"picked":"Pommel Strike"},{"not_picked":["Feed","Barricade"],"picked":"Limit Break"},{"not_picked":["Feel No Pain","Clothesline"],"picked":"Seeing Red"},{"not_picked":["Havoc","Whirlwind"],"picked":"Battle Trance"},{"not_picked":["True Grit","Clothesline"],"picked":"Seeing Red"},{"not_picked":["Whirlwind","Seeing Red"],"picked":"Cleave"}],"player_experience":69537,"potions_floor_usage":[16,16],"damage_taken":[{"damage":17,"enemies":"Looter","floor":1,"turns":3},{"damage":6,"enemies":"Cultist","floor":3,"turns":4},{"damage":11,"enemies":"Jaw Worm","floor":5,"turns":2},{"damage":19,"enemies":"3 Louse","floor":7,"turns":3},{"damage":6,"enemies":"Large Slime","floor":10,"turns":4},{"damage":31,"enemies":"Lagavulin","floor":12,"turns":4},{"damage":11,"enemies":"Red Slaver","floor":13,"turns":4},{"damage":12,"enemies":"2 Fungi Beasts","floor":14,"turns":3},{"damage":47,"enemies":"Hexaghost","floor":16,"turns":6},{"damage":15,"enemies":"3 Byrds","floor":18,"turns":5},{"damage":7,"enemies":"Spheric Guardian","floor":21,"turns":3},{"damage":31,"enemies":"Gremlin Leader","floor":24,"turns":3},{"damage":35,"enemies":"Snake Plant","floor":25,"turns":4},{"damage":18,"enemies":"3 Cultists","floor":28,"turns":2}],"event_choices":[{"event_name":"Shining Light","player_choice":"Entered Light","floor":2,"damage_taken":0},{"event_name":"The Cleric","player_choice":"Healed","floor":4,"damage_taken":0},{"event_name":"Golden Idol","player_choice":"Take Damage","floor":11,"damage_taken":0},{"event_name":"The Library","player_choice":"Read","floor":20,"damage_taken":0},{"event_name":"Vampires","player_choice":"Ignored","floor":27,"damage_taken":0}],"boss_relics":[{"not_picked":["Runic Cube","Eternal Feather"],"picked":"Sozu"}],"potions_floor_spawned":[5,13,14,16,18],"seed_played":"3384111668319984323","killed_by":"3 Cultists","is_trial":false}