{"gold_per_floor":[109,124,144,164,181,193,206,206,276,288,305,320,13,27,27,124,124,107,119,137,148,158,158],"floor_reached":23,"playtime":3138,"items_purged":["Strike_B"],"score":197,"play_id":"de295249-d4a4-4a29-a7cc-0340069e5d40","local_time":"20190331230914","is_ascension_mode":false,"campfire_choices":[{"data":"Defragment","floor":8,"key":"SMITH"},{"data":"Hologram","floor":15,"key":"SMITH"}],"neow_cost":"NONE","seed_source_timestamp":19444517137012,"circlet_count":0,"master_deck":["Strike_B","Strike_B","Strike_B","Defend_B","Defend_B","Defend_B","Defend_B","Zap+1","Dualcast","Coolheaded","Defragment+1","BootSequence","Auto Shields","Hologram+1","Glacier","Core Surge","Loop+1","Heatsinks+1","Amplify","Chill","FTL"],"relics":["Cracked Core","Frozen Egg 2","Runic Capacitor","Philosopher\u0027s Stone"],"potions_floor_usage":[16,22,23],"damage_taken":[{"damage":0,"enemies":"Cultist","floor":1,"turns":4},{"damage":0,"enemies":"2 Louse","floor":2,"turns":3},{"damage":2,"enemies":"Small Slimes","floor":3,"turns":3},{"damage":0,"enemies":"Blue Slaver","floor":4,"turns":5},{"damage":7,"enemies":"Looter","floor":5,"turns":3},{"damage":1,"enemies":"Exordium Wildlife","floor":6,"turns":4},{"damage":0,"enemies":"3 Louse","floor":7,"turns":5},{"damage":0,"enemies":"Red Slaver","floor":10,"turns":3},{"damage":0,"enemies":"Looter","floor":11,"turns":3},{"damage":3,"enemies":"Blue Slaver","floor":12,"turns":3},{"damage":0,"enemies":"Red Slaver","floor":14,"turns":3},{"damage":5,"enemies":"The Guardian","floor":16,"turns":10},{"damage":6,"enemies":"2 Thieves","floor":18,"turns":5},{"damage":1,"enemies":"Chosen","floor":19,"turns":5},{"damage":1,"enemies":"Shelled Parasite and Fungi","floor":20,"turns":8},{"damage":0,"enemies":"Chosen and Byrds","floor":21,"turns":8},{"damage":10,"enemies":"Snake Plant","floor":22,"turns":5},{"damage":60,"enemies":"Book of Stabbing","floor":23,"turns":10}],"seed_played":"8286538754052316742","potions_obtained":[{"floor":2,"key":"Ancient Potion"},{"floor":3,"key":"SteroidPotion"},{"floor":5,"key":"PowerPotion"},{"floor":21,"key":"SkillPotion"},{"floor":22,"key":"Poison Potion"}],"is_trial":false,"path_per_floor":["M","M","M","M","M","M","M","R","T","M","M","M","$","M","R","B",null,"M","M","M","M","M","E"],"character_chosen":"DEFECT","items_purchased":["Runic Capacitor","Loop+1"],"campfire_rested":0,"item_purchase_floors":[13,13],"current_hp_per_floor":[75,75,73,73,66,65,65,65,65,65,65,62,62,62,62,57,75,69,68,67,67,57,0],"gold":158,"neow_bonus":"UPGRADE_CARD","is_prod":false,"is_daily":false,"chose_seed":false,"campfire_upgraded":2,"win_rate":0,"timestamp":1554091754,"path_taken":["M","M","M","M","M","M","M","R","T","M","M","M","$","M","R","BOSS","M","?","M","M","M","E"],"build_version":"2019-01-23","purchased_purges":1,"victory":false,"max_hp_per_floor":[75,75,75,75,75,75,75,75,75,75,75,75,75,75,75,75,75,75,75,75,75,75,75],"card_choices":[{"not_picked":["Redo","Consume"],"picked":"Coolheaded","floor":1},{"not_picked":["Go for the Eyes","Cold Snap"],"picked":"Defragment","floor":2},{"not_picked":["Cold Snap","Chill"],"picked":"BootSequence","floor":3},{"not_picked":["Barrage","Cold Snap"],"picked":"Auto Shields","floor":4},{"not_picked":["White Noise","Go for the Eyes"],"picked":"Hologram","floor":5},{"not_picked":["Doom and Gloom","Genetic Algorithm"],"picked":"Glacier","floor":6},{"not_picked":["Skim","Leap","Hologram"],"picked":"SKIP","floor":7},{"not_picked":["Genetic Algorithm","Stack"],"picked":"Core Surge","floor":10},{"not_picked":["Leap","Sunder","Gash"],"picked":"SKIP","floor":11},{"not_picked":["Consume","Streamline","Force Field"],"picked":"SKIP","floor":12},{"not_picked":["BootSequence","Beam Cell"],"picked":"Heatsinks+1","floor":14},{"not_picked":["Seek","Thunder Strike"],"picked":"Amplify","floor":16},{"not_picked":["Cold Snap","Compile Driver"],"picked":"Chill","floor":18},{"not_picked":["Sweeping Beam+1","Leap+1","Conserve Battery"],"picked":"SKIP","floor":19},{"not_picked":["Steam","BootSequence","Gash"],"picked":"SKIP","floor":20},{"not_picked":["Tempest+1","Cold Snap"],"picked":"FTL","floor":21},{"not_picked":["Scrape","Redo","Steam Power"],"picked":"SKIP","floor":22}],"player_experience":398344,"relics_obtained":[{"floor":9,"key":"Frozen Egg 2"}],"event_choices":[],"is_beta":false,"boss_relics":[{"not_picked":["Astrolabe","Empty Cage"],"picked":"Philosopher\u0027s Stone"}],"items_purged_floors":[13],"is_endless":false,"potions_floor_spawned":[2,3,5,11,21,22],"killed_by":"Book of Stabbing","ascension_level":0}