{"gold_per_floor":[114,166,166,178,197,197,211,211,236,247,247,257,257,286,286,390,390,402,414,425,425,436,436,454,248,248,268,296,311,338,263,263,361,361,371,1370,1114,1127,1127,1159,1159,1176,1176,1176,1186,1186,1196,794,794,794,794,794,315,343,343],"floor_reached":56,"playtime":8336,"items_purged":["Normality","Bane"],"score":1296,"play_id":"e475eb69-2b6e-4f57-a8ba-aa684fed1b9c","local_time":"20190318231937","is_ascension_mode":false,"campfire_choices":[{"data":"Neutralize","floor":6,"key":"SMITH"},{"data":"Well Laid Plans","floor":8,"key":"SMITH"},{"data":"Eviscerate","floor":11,"key":"SMITH"},{"data":"Leg Sweep","floor":13,"key":"SMITH"},{"data":"Night Terror","floor":15,"key":"SMITH"},{"floor":23,"key":"REST"},{"floor":32,"key":"REST"},{"floor":41,"key":"RECALL"},{"data":"Burst","floor":46,"key":"SMITH"},{"floor":49,"key":"REST"},{"data":"Caltrops","floor":52,"key":"SMITH"}],"neow_cost":"NONE","seed_source_timestamp":0,"circlet_count":0,"master_deck":["Survivor+1","Neutralize+1","Expertise","Well Laid Plans+1","Leg Sweep+1","Eviscerate+1","Underhanded Strike","Night Terror+1","Unload","Dash","Eviscerate","Expertise","Bouncing Flask","Dagger Throw","Prepared","Calculated Gamble","Catalyst","Backflip","Acrobatics","Predator","PiercingWail+1","Prepared+1","Envenom","Backflip+1","Escape Plan","Burst+1","Reflex","Escape Plan+1","Underhanded Strike+1","Caltrops+1","Blur","Noxious Fumes","Blur","Acrobatics+1"],"special_seed":0,"relics":["HoveringKite","Omamori","Turnip","Pandora\u0027s Box","Necronomicon","Membership Card","Question Card","Ancient Tea Set","Snake Skull","Philosopher\u0027s Stone","Tiny Chest","Strange Spoon","Vajra","Gambling Chip","Tough Bandages","Potion Belt","Calipers","Ninja Scroll","DollysMirror","Gremlin Horn"],"potions_floor_usage":[14,16,30,45,50,55,55,55],"damage_taken":[{"damage":2,"enemies":"Cultist","floor":1,"turns":5},{"damage":0,"enemies":"Jaw Worm","floor":4,"turns":5},{"damage":0,"enemies":"2 Louse","floor":5,"turns":3},{"damage":0,"enemies":"Blue Slaver","floor":7,"turns":7},{"damage":0,"enemies":"3 Louse","floor":10,"turns":4},{"damage":0,"enemies":"Looter","floor":12,"turns":3},{"damage":5,"enemies":"Lagavulin","floor":14,"turns":5},{"damage":21,"enemies":"Hexaghost","floor":16,"turns":13},{"damage":15,"enemies":"3 Byrds","floor":18,"turns":4},{"damage":0,"enemies":"Spheric Guardian","floor":19,"turns":3},{"damage":5,"enemies":"Snake Plant","floor":20,"turns":4},{"damage":0,"enemies":"Shelled Parasite and Fungi","floor":22,"turns":3},{"damage":0,"enemies":"Snecko","floor":24,"turns":2},{"damage":0,"enemies":"Centurion and Healer","floor":27,"turns":4},{"damage":0,"enemies":"Gremlin Leader","floor":28,"turns":4},{"damage":0,"enemies":"3 Cultists","floor":29,"turns":4},{"damage":17,"enemies":"Book of Stabbing","floor":30,"turns":4},{"damage":13,"enemies":"Champ","floor":33,"turns":8},{"damage":0,"enemies":"3 Shapes","floor":35,"turns":2},{"damage":0,"enemies":"3 Darklings","floor":38,"turns":3},{"damage":2,"enemies":"Giant Head","floor":40,"turns":5},{"damage":19,"enemies":"Sphere and 2 Shapes","floor":42,"turns":9},{"damage":0,"enemies":"4 Shapes","floor":45,"turns":3},{"damage":0,"enemies":"Transient","floor":47,"turns":5},{"damage":48,"enemies":"Time Eater","floor":50,"turns":9},{"damage":0,"enemies":"Shield and Spear","floor":54,"turns":6},{"damage":0,"enemies":"The Heart","floor":55,"turns":8}],"seed_played":"-5861104199363097510","potions_obtained":[{"floor":1,"key":"Dexterity Potion"},{"floor":7,"key":"FearPotion"},{"floor":16,"key":"Strength Potion"},{"floor":18,"key":"Ancient Potion"},{"floor":20,"key":"EssenceOfSteel"},{"floor":30,"key":"SpeedPotion"},{"floor":42,"key":"Block Potion"}],"is_trial":false,"path_per_floor":["M","T","?","M","M","R","M","R","T","M","R","M","R","E","R","B",null,"M","M","M","?","M","R","M","$","T","M","E","M","E","?","R","B",null,"M","?","$","M","?","E","R","M","T","?","M","R","M","$","R","B",null,"R","$","E","B",null],"character_chosen":"THE_SILENT","items_purchased":["Membership Card","Escape Plan","Burst","Tiny Chest","Strange Spoon","Tough Bandages","Caltrops","Dexterity Potion","Potion Belt","GhostInAJar","Weak Potion","Swift Potion","Blur","Noxious Fumes","Calipers","Ninja Scroll","DollysMirror"],"campfire_rested":3,"item_purchase_floors":[25,37,37,37,37,48,48,48,48,48,48,53,53,53,53,53,53],"current_hp_per_floor":[68,68,54,54,54,54,54,54,54,54,54,54,54,49,49,28,70,55,55,50,34,34,55,55,55,55,55,55,55,38,38,59,46,70,70,70,70,70,70,68,68,49,49,49,49,49,49,49,70,22,70,70,70,70,70],"gold":343,"neow_bonus":"BOSS_RELIC","is_prod":false,"is_daily":false,"chose_seed":false,"campfire_upgraded":7,"win_rate":0,"timestamp":1552961977,"path_taken":["M","?","?","?","M","R","M","R","T","M","R","M","R","E","R","BOSS","M","M","M","?","M","R","M","$","T","M","E","M","E","?","R","BOSS","M","?","$","M","?","E","R","M","T","?","M","R","M","$","R","BOSS","R","$","E","BOSS"],"build_version":"2019-01-23","purchased_purges":2,"victory":true,"max_hp_per_floor":[70,70,70,70,70,70,70,70,70,70,70,70,70,70,70,70,70,70,70,70,70,70,70,70,70,70,70,70,70,70,70,70,70,70,70,70,70,70,70,70,70,70,70,70,70,70,70,70,70,70,70,70,70,70,70],"card_choices":[{"not_picked":["Backstab","Dagger Spray"],"picked":"Expertise","floor":1},{"not_picked":["Dagger Spray","Deadly Poison"],"picked":"Well Laid Plans","floor":4},{"not_picked":["Dagger Throw","Catalyst"],"picked":"Leg Sweep","floor":5},{"not_picked":["Dodge and Roll","Deadly Poison"],"picked":"Dagger Throw","floor":7},{"not_picked":["Deadly Poison","Sucker Punch"],"picked":"Eviscerate","floor":10},{"not_picked":["Corpse Explosion","Sucker Punch"],"picked":"Underhanded Strike","floor":12},{"not_picked":["Blade Dance","Cloak And Dagger"],"picked":"Night Terror","floor":14},{"not_picked":["Burst","Envenom"],"picked":"Unload","floor":16},{"not_picked":["Dagger Spray","Bane+1","Leg Sweep"],"picked":"SKIP","floor":18},{"not_picked":["Masterful Stab","Riddle With Holes","Flying Knee+1"],"picked":"SKIP","floor":19},{"not_picked":["Dagger Throw","Tactician"],"picked":"Backflip","floor":20},{"not_picked":["Flying Knee","Slice"],"picked":"Acrobatics","floor":22},{"not_picked":["Leg Sweep+1","Quick Slash"],"picked":"Predator","floor":24},{"not_picked":["Endless Agony","Poisoned Stab","Blade Dance+1"],"picked":"PiercingWail+1","floor":27},{"not_picked":["Underhanded Strike","Slice","Storm of Steel","Distraction"],"picked":"SKIP","floor":28},{"not_picked":["Predator","Slice","Setup","Prepared"],"picked":"SKIP","floor":29},{"not_picked":["Riddle With Holes","Choke","Leg Sweep"],"picked":"Prepared+1","floor":30},{"not_picked":["After Image","Corpse Explosion","Doppelganger"],"picked":"Envenom","floor":33},{"not_picked":["Infinite Blades","Prepared+1","Finisher"],"picked":"Backflip+1","floor":35},{"not_picked":["Accuracy+1","Backflip","Dagger Spray+1","Eviscerate+1"],"picked":"SKIP","floor":38},{"not_picked":["Bouncing Flask+1","Endless Agony+1","Slice+1"],"picked":"Reflex","floor":40},{"not_picked":["Dodge and Roll","Outmaneuver+1","Poisoned Stab+1"],"picked":"Escape Plan+1","floor":42},{"not_picked":["Glass Knife","Dagger Throw+1","Dagger Spray","Cloak And Dagger"],"picked":"SKIP","floor":45},{"not_picked":["Sucker Punch+1","PiercingWail+1","Predator+1"],"picked":"Underhanded Strike+1","floor":47},{"not_picked":["PiercingWail","Leg Sweep+1","Crippling Poison"],"picked":"Acrobatics+1","floor":54}],"player_experience":390008,"relics_obtained":[{"floor":9,"key":"Omamori"},{"floor":14,"key":"Turnip"},{"floor":21,"key":"Necronomicon"},{"floor":26,"key":"Question Card"},{"floor":28,"key":"Ancient Tea Set"},{"floor":30,"key":"Snake Skull"},{"floor":40,"key":"Vajra"},{"floor":43,"key":"Gambling Chip"},{"floor":54,"key":"Gremlin Horn"}],"event_choices":[{"damage_healed":0,"gold_gain":0,"player_choice":"Entered Light","damage_taken":14,"max_hp_gain":0,"max_hp_loss":0,"event_name":"Shining Light","floor":3,"gold_loss":0,"cards_upgraded":["Survivor","Defend_G"]},{"damage_healed":0,"gold_gain":0,"player_choice":"Obtained Book","damage_taken":16,"max_hp_gain":0,"max_hp_loss":0,"event_name":"Cursed Tome","floor":21,"gold_loss":0},{"cards_removed":["Storm of Steel"],"damage_healed":0,"gold_gain":0,"player_choice":"Gave Gold","damage_taken":0,"max_hp_gain":0,"max_hp_loss":0,"event_name":"Beggar","floor":31,"gold_loss":75},{"damage_healed":0,"gold_gain":999,"player_choice":"Gold","damage_taken":0,"max_hp_gain":0,"max_hp_loss":0,"event_name":"MindBloom","floor":36,"gold_loss":0,"cards_obtained":["Normality","Normality"]},{"cards_removed":["Dagger Throw"],"damage_healed":0,"gold_gain":0,"player_choice":"Removed Attack","damage_taken":0,"max_hp_gain":0,"max_hp_loss":0,"event_name":"Falling","floor":39,"gold_loss":0},{"damage_healed":0,"gold_gain":0,"player_choice":"Ignored","damage_taken":0,"max_hp_gain":0,"max_hp_loss":0,"event_name":"Mysterious Sphere","floor":44,"gold_loss":0}],"is_beta":false,"boss_relics":[{"not_picked":["Ectoplasm","Coffee Dripper"],"picked":"Pandora\u0027s Box"},{"not_picked":["Calling Bell","White Beast Statue"],"picked":"Philosopher\u0027s Stone"}],"items_purged_floors":[37,48],"is_endless":false,"potions_floor_spawned":[1,7,16,18,20,29,30,40,42],"ascension_level":0}