{"gold_per_floor":[19,19,19,38,54,54,54,73,100,100,100,113,113,125,125,201,201,218,235,235,255,54,54,54,54,54,0,17,37,37],"floor_reached":30,"playtime":1566,"items_purged":[],"score":383,"play_id":"c83531f4-56e9-490d-8782-5382e387935c","local_time":"20190118160145","is_ascension_mode":true,"campfire_choices":[{"data":"Dualcast","floor":6,"key":"SMITH"},{"data":"Conserve Battery","floor":7,"key":"SMITH"},{"data":"Genetic Algorithm","floor":10,"key":"SMITH"},{"data":"Leap","floor":13,"key":"SMITH"},{"data":"FTL","floor":15,"key":"SMITH"},{"data":"Echo Form","floor":23,"key":"SMITH"},{"floor":25,"key":"REST"}],"neow_cost":"NO_GOLD","seed_source_timestamp":2068052351664338,"circlet_count":0,"master_deck":["AscendersBane","Strike_B","Strike_B","Strike_B","Strike_B","Defend_B","Defend_B","Defend_B","Defend_B","Zap","Dualcast+1","Conserve Battery+1","Leap","Leap+1","Genetic Algorithm+1","FTL+1","Electrodynamics","Coolheaded","Auto Shields","Dark Shackles","Echo Form+1","Gash+1","Turbo","FTL","Loop","Gash","Reprogram+1"],"relics":["FrozenCore","WingedGreaves","Bag of Preparation","Bottled Flame"],"potions_floor_usage":[11,16],"damage_taken":[{"damage":7,"enemies":"Small Slimes","floor":1,"turns":2},{"damage":4,"enemies":"2 Louse","floor":4,"turns":3},{"damage":5,"enemies":"Cultist","floor":5,"turns":4},{"damage":2,"enemies":"2 Fungi Beasts","floor":8,"turns":3},{"damage":0,"enemies":"Gremlin Nob","floor":11,"turns":2},{"damage":8,"enemies":"Exordium Thugs","floor":12,"turns":5},{"damage":1,"enemies":"Blue Slaver","floor":14,"turns":4},{"damage":40,"enemies":"Hexaghost","floor":16,"turns":12},{"damage":0,"enemies":"3 Byrds","floor":18,"turns":3},{"damage":18,"enemies":"Shell Parasite","floor":19,"turns":18},{"damage":8,"enemies":"Centurion and Healer","floor":21,"turns":12},{"damage":6,"enemies":"Shelled Parasite and Fungi","floor":28,"turns":12},{"damage":23,"enemies":"Cultist and Chosen","floor":29,"turns":10},{"damage":39,"enemies":"Masked Bandits","floor":30,"turns":3}],"seed_played":"-5657764110726003632","potions_obtained":[{"floor":1,"key":"SkillPotion"},{"floor":3,"key":"SmokeBomb"},{"floor":8,"key":"PowerPotion"},{"floor":14,"key":"EssenceOfSteel"},{"floor":28,"key":"SkillPotion"}],"is_trial":false,"path_per_floor":["M","?","?","M","M","R","R","M","T","R","E","M","R","M","R","B",null,"M","M","?","M","$","R","?","R","T","$","M","M","?"],"character_chosen":"DEFECT","items_purchased":["Turbo","FTL","Loop","Gash"],"campfire_rested":1,"item_purchase_floors":[22,22,22,27],"current_hp_per_floor":[61,66,66,62,57,57,57,55,55,55,55,47,47,46,46,6,62,62,44,44,36,36,36,36,60,60,60,54,31,0],"gold":37,"neow_bonus":"ONE_RARE_RELIC","is_prod":false,"is_daily":false,"chose_seed":false,"campfire_upgraded":6,"win_rate":0,"timestamp":1547827305,"path_taken":["M","?","?","M","M","R","R","M","T","R","E","M","R","M","R","BOSS","M","?","?","M","?","R","?","R","T","$","M","M","?"],"build_version":"2019-01-17v2","purchased_purges":0,"victory":false,"max_hp_per_floor":[75,80,80,80,80,80,80,80,80,80,80,80,80,80,80,80,80,80,80,80,80,80,80,80,80,80,80,80,80,80],"card_choices":[{"not_picked":["FTL","Hologram"],"picked":"Conserve Battery","floor":1},{"not_picked":["Redo","Rebound"],"picked":"Leap","floor":4},{"not_picked":["Tempest","Hologram"],"picked":"Leap","floor":5},{"not_picked":["Sweeping Beam","Force Field"],"picked":"Genetic Algorithm","floor":8},{"not_picked":["Scrape","Fusion","Capacitor"],"picked":"SKIP","floor":12},{"not_picked":["Skim","Storm"],"picked":"FTL","floor":14},{"not_picked":["Core Surge","Amplify"],"picked":"Electrodynamics","floor":16},{"not_picked":["Self Repair","Cold Snap"],"picked":"Coolheaded","floor":18},{"not_picked":["Redo","Self Repair"],"picked":"Auto Shields","floor":19},{"not_picked":["Tempest","Stack"],"picked":"Gash+1","floor":21},{"not_picked":["Leap","Go for the Eyes","Glacier"],"picked":"SKIP","floor":28},{"not_picked":["Ball Lightning+1","Compile Driver"],"picked":"Reprogram+1","floor":29}],"player_experience":410088,"relics_obtained":[{"floor":9,"key":"Bag of Preparation"},{"floor":26,"key":"Bottled Flame"}],"event_choices":[{"damage_healed":0,"gold_gain":0,"player_choice":"Donut","damage_taken":0,"max_hp_gain":5,"max_hp_loss":0,"event_name":"Big Fish","floor":2,"gold_loss":0},{"damage_healed":0,"gold_gain":0,"player_choice":"Got Potions","damage_taken":0,"max_hp_gain":0,"max_hp_loss":0,"event_name":"Lab","floor":3,"gold_loss":0},{"damage_healed":0,"gold_gain":0,"player_choice":"2 cards matched","damage_taken":0,"max_hp_gain":0,"max_hp_loss":0,"event_name":"Match and Keep!","floor":20,"gold_loss":0,"cards_obtained":["Dark Shackles","Echo Form"]},{"damage_healed":0,"gold_gain":0,"player_choice":"Fought Bandits","damage_taken":0,"max_hp_gain":0,"max_hp_loss":0,"event_name":"Masked Bandits","floor":30,"gold_loss":0}],"is_beta":false,"boss_relics":[{"not_picked":["Velvet Choker","Coffee Dripper"],"picked":"FrozenCore"}],"items_purged_floors":[],"is_endless":false,"potions_floor_spawned":[1,4,8,14,28],"killed_by":"Masked Bandits","ascension_level":13}