{"path_per_floor":["M","?","?","M","M","R","T","R","T","E","R","M","$","M","R","B",null,"M","?","M","M","M","R","M","R","T","R","?","$","?","E","R"],"character_chosen":"THE_SILENT","items_purchased":["Apotheosis","Whetstone","Reflex"],"gold_per_floor":[119,119,119,137,156,156,182,182,208,240,240,251,72,90,90,190,190,178,278,292,308,323,323,338,338,390,390,315,14,14,40,40],"floor_reached":33,"campfire_rested":6,"playtime":2437,"current_hp_per_floor":[28,14,14,14,12,33,33,54,54,54,54,54,54,54,70,47,64,64,64,47,12,6,35,8,37,37,66,66,66,66,65,70],"items_purged":["Defend_G"],"gold":40,"score":406,"play_id":"c3ad0471-a624-46db-96ff-623089c2a0d6","is_prod":false,"is_daily":false,"is_ascension_mode":true,"campfire_upgraded":2,"path_taken":["M","?","?","M","?","R","?","R","T","E","R","M","$","M","R","BOSS","M","?","?","M","M","R","M","R","T","R","?","$","?","E","R","BOSS"],"build_version":"2018-02-22-PROD2","purchased_purges":2,"victory":false,"master_deck":["Defend_G","Defend_G","Defend_G","Strike_G+1","Strike_G+1","Strike_G+1","Strike_G","Strike_G+1","Survivor","Neutralize+1","Reflex","Acrobatics","Backflip","Tools of the Trade","Deflect","Apotheosis+1","Escape Plan","Venomology","Acrobatics+1","Dagger Throw","Reflex","Caltrops"],"max_hp_per_floor":[70,70,70,70,70,70,70,70,70,70,70,70,70,70,70,70,70,70,70,70,70,70,70,70,70,70,70,70,70,70,70,70],"relics":["Ring of the Snake","Gambling Chip","Lantern","Anchor","Bronze Scales","Eternal Feather","Happy Flower","Whetstone","Orichalcum","Darkstone Periapt"],"card_choices":[{"not_picked":["Distraction","Bane"],"picked":"Reflex"},{"not_picked":["Dash","Predator"],"picked":"Acrobatics"},{"not_picked":["Malaise","Dagger Spray"],"picked":"Backflip"},{"not_picked":["Backstab","Distraction"],"picked":"Tools of the Trade"},{"not_picked":["Cloak And Dagger","Bane"],"picked":"Deflect"},{"not_picked":["Deadly Poison","Heel Hook"],"picked":"Escape Plan"},{"not_picked":["Storm of Steel","Doppelganger"],"picked":"Venomology"},{"not_picked":["Deadly Poison","Quick Slash"],"picked":"Acrobatics"},{"not_picked":["Backstab","PiercingWail"],"picked":"Dagger Throw"},{"not_picked":["Dodge and Roll","Masterful Stab"],"picked":"Caltrops"}],"player_experience":172631,"potions_floor_usage":[22,24,31,33],"damage_taken":[{"damage":0.0,"enemies":"Small Slimes","floor":1.0,"turns":4.0},{"damage":0.0,"enemies":"2 Louse","floor":4.0,"turns":2.0},{"damage":2.0,"enemies":"Jaw Worm","floor":5.0,"turns":5.0},{"damage":0.0,"enemies":"3 Sentries","floor":10.0,"turns":6.0},{"damage":0.0,"enemies":"Blue Slaver","floor":12.0,"turns":3.0},{"damage":0.0,"enemies":"Red Slaver","floor":14.0,"turns":3.0},{"damage":23.0,"enemies":"Slime Boss","floor":16.0,"turns":13.0},{"damage":0.0,"enemies":"2 Thieves","floor":18.0,"turns":4.0},{"damage":17.0,"enemies":"Spheric Guardian","floor":20.0,"turns":5.0},{"damage":65.0,"enemies":"Cultist and Chosen","floor":21.0,"turns":12.0},{"damage":6,"enemies":"Snake Plant","floor":22,"turns":7},{"damage":27,"enemies":"Centurion and Healer","floor":24,"turns":11},{"damage":1,"enemies":"Book of Stabbing","floor":31,"turns":6},{"damage":71,"enemies":"Champ","floor":33,"turns":20}],"event_choices":[{"event_name":"Shining Light","player_choice":"Entered Light","floor":2.0,"damage_taken":0.0},{"event_name":"The Lab","player_choice":"Got Potions","floor":3.0,"damage_taken":0.0},{"event_name":"Golden Shrine","player_choice":"Pray","floor":19.0,"damage_taken":0.0},{"event_name":"Beggar","player_choice":"Gave Gold","floor":28,"damage_taken":0},{"event_name":"The Mausoleum","player_choice":"Yes","floor":30,"damage_taken":0}],"boss_relics":[],"potions_floor_spawned":[1,4,10,12,16,20,24],"seed_played":"130838608261239769","killed_by":"Champ","ascension_level":8,"is_trial":false}