{"gold_per_floor":[163,176,176,187,202,202,216,216,240,240,38,57,57,76,76,148,148,162,162,179,33,47,47,47],"floor_reached":24,"playtime":836,"items_purged":[],"score":323,"play_id":"93554251-95c1-4dd6-817d-59902d988984","local_time":"20190120194316","is_ascension_mode":true,"campfire_choices":[{"floor":6,"key":"REST"},{"data":"Bane","floor":8,"key":"SMITH"},{"data":"Deflect","floor":10,"key":"SMITH"},{"floor":15,"key":"REST"},{"floor":23,"key":"REST"}],"neow_cost":"NONE","seed_source_timestamp":2254883260983022,"circlet_count":0,"master_deck":["AscendersBane","Defend_G","Defend_G","Defend_G","Defend_G","Defend_G","Strike_G+1","Strike_G","Strike_G","Strike_G+1","Survivor","Neutralize+1","Poisoned Stab","Bane+1","Predator","Backflip","Deflect+1","Deadly Poison","Swift Strike","Deflect","Slice","Die Die Die","Blur","Quick Slash+1","Backflip"],"relics":["Tiny House","Bag of Preparation","Tiny Chest","Ancient Tea Set","Black Star","Vajra"],"potions_floor_usage":[16,16,24,24],"damage_taken":[{"damage":4,"enemies":"Cultist","floor":1,"turns":4},{"damage":11,"enemies":"2 Louse","floor":2,"turns":2},{"damage":3,"enemies":"Small Slimes","floor":4,"turns":3},{"damage":3,"enemies":"Looter","floor":5,"turns":3},{"damage":14,"enemies":"Gremlin Gang","floor":7,"turns":5},{"damage":6,"enemies":"Red Slaver","floor":12,"turns":4},{"damage":6,"enemies":"3 Louse","floor":14,"turns":3},{"damage":15,"enemies":"Hexaghost","floor":16,"turns":7},{"damage":3,"enemies":"Chosen","floor":18,"turns":4},{"damage":31,"enemies":"Spheric Guardian","floor":20,"turns":6},{"damage":17,"enemies":"Centurion and Healer","floor":22,"turns":7},{"damage":39,"enemies":"Slavers","floor":24,"turns":3}],"seed_played":"1847619387848445290","potions_obtained":[{"floor":0,"key":"Strength Potion"},{"floor":2,"key":"FearPotion"},{"floor":5,"key":"PowerPotion"},{"floor":16,"key":"Weak Potion"},{"floor":22,"key":"EssenceOfSteel"}],"is_trial":false,"path_per_floor":["M","M","?","M","M","R","M","R","T","R","$","M","?","M","R","B",null,"M","?","M","$","M","R","E"],"character_chosen":"THE_SILENT","items_purchased":["Tiny Chest","Swift Strike","Vajra"],"campfire_rested":3,"item_purchase_floors":[11,11,21],"current_hp_per_floor":[60,49,35,32,29,50,36,36,36,36,36,30,27,21,42,27,60,57,57,26,26,9,30,0],"gold":47,"neow_bonus":"BOSS_RELIC","is_prod":false,"is_daily":false,"chose_seed":false,"campfire_upgraded":2,"win_rate":0,"timestamp":1548013396,"path_taken":["M","?","?","M","M","R","M","R","T","R","$","M","?","M","R","BOSS","M","?","?","?","M","R","E"],"build_version":"2019-01-17v2","purchased_purges":0,"victory":false,"max_hp_per_floor":[71,71,71,71,71,71,71,71,71,71,71,71,71,71,71,71,71,71,71,71,71,71,71,71],"card_choices":[{"not_picked":["Choke","Acrobatics"],"picked":"Poisoned Stab","floor":0},{"not_picked":["Dodge and Roll","Poisoned Stab"],"picked":"Bane","floor":1},{"not_picked":["Choke","Infinite Blades"],"picked":"Predator","floor":2},{"not_picked":["Quick Slash","Sucker Punch"],"picked":"Backflip","floor":4},{"not_picked":["Accuracy","Envenom"],"picked":"Deflect","floor":5},{"not_picked":["Distraction","Tactician"],"picked":"Deadly Poison","floor":7},{"not_picked":["Blade Dance","Storm of Steel"],"picked":"Deflect","floor":12},{"not_picked":["Cloak And Dagger","Blade Dance"],"picked":"Slice","floor":14},{"not_picked":["Doppelganger","Night Terror"],"picked":"Die Die Die","floor":16},{"not_picked":["Accuracy","PiercingWail"],"picked":"Blur","floor":18},{"not_picked":["Outmaneuver","Acrobatics"],"picked":"Quick Slash+1","floor":20},{"not_picked":["Flying Knee","Underhanded Strike"],"picked":"Backflip","floor":22}],"player_experience":431674,"relics_obtained":[{"floor":9,"key":"Bag of Preparation"}],"event_choices":[{"damage_healed":0,"gold_gain":0,"player_choice":"Entered Light","damage_taken":14,"max_hp_gain":0,"max_hp_loss":0,"event_name":"Shining Light","floor":3,"gold_loss":0,"cards_upgraded":["Strike_G","Strike_G"]},{"damage_healed":0,"gold_gain":0,"player_choice":"Success","damage_taken":3,"relics_obtained":["Ancient Tea Set"],"max_hp_gain":0,"max_hp_loss":0,"event_name":"Scrap Ooze","floor":13,"gold_loss":0},{"cards_removed":["Strike_G"],"damage_healed":0,"gold_gain":0,"player_choice":"Purged","damage_taken":0,"max_hp_gain":0,"max_hp_loss":0,"event_name":"Purifier","floor":19,"gold_loss":0}],"is_beta":false,"boss_relics":[{"not_picked":["Empty Cage","White Beast Statue"],"picked":"Black Star"}],"items_purged_floors":[],"is_endless":false,"potions_floor_spawned":[2,5,12,16,22],"killed_by":"Slavers","ascension_level":14}