{"gold_per_floor":[216,216,216,232,232,232,267,267,293,311,311,199,199,199,199,304,304,319,319,337,355,96,96,112,124,149,149,149,168,168,194,194,194],"floor_reached":33,"playtime":1630,"items_purged":["Defend_G"],"score":408,"play_id":"19444864-a57d-4802-bf51-5657ef9ef2b8","local_time":"20180918170833","is_ascension_mode":true,"campfire_choices":[{"floor":6,"key":"REST"},{"data":"Riddle With Holes","floor":13,"key":"SMITH"},{"data":"Blade Dance","floor":15,"key":"SMITH"},{"data":"Glass Knife","floor":23,"key":"SMITH"},{"floor":28,"key":"REST"},{"floor":32,"key":"REST"}],"neow_cost":"NONE","seed_source_timestamp":358194694289998,"circlet_count":0,"master_deck":["Defend_G","Defend_G","Defend_G","Defend_G+1","Strike_G","Strike_G","Strike_G","Strike_G","Strike_G","Survivor","Neutralize+1","AscendersBane","Dodge and Roll","Infinite Blades","Blade Dance+1","Heel Hook","Riddle With Holes+1","Backstab","Glass Knife+1","Leg Sweep","J.A.X.","Acrobatics","Acrobatics+1","Glass Knife+1","Flying Knee+1"],"relics":["Ring of the Snake","Shuriken","Singing Bowl","Ancient Tea Set","Paper Crane","Sozu","Molten Egg 2","Orichalcum","Pen Nib","Bottled Lightning"],"potions_floor_usage":[16],"damage_taken":[{"damage":12,"enemies":"Small Slimes","floor":1,"turns":6},{"damage":0,"enemies":"Jaw Worm","floor":4,"turns":7},{"damage":20,"enemies":"Lagavulin","floor":7,"turns":7},{"damage":0,"enemies":"Cultist","floor":10,"turns":3},{"damage":13,"enemies":"Hexaghost","floor":16,"turns":5},{"damage":0,"enemies":"Shell Parasite","floor":18,"turns":3},{"damage":3,"enemies":"Spheric Guardian","floor":20,"turns":1},{"damage":9,"enemies":"3 Cultists","floor":21,"turns":5},{"damage":3,"enemies":"Shelled Parasite and Fungi","floor":24,"turns":4},{"damage":10,"enemies":"Cultist and Chosen","floor":25,"turns":7},{"damage":18,"enemies":"Colosseum Slavers","floor":27,"turns":4},{"damage":3,"enemies":"Sentry and Sphere","floor":29,"turns":3},{"damage":22,"enemies":"Gremlin Leader","floor":31,"turns":5},{"damage":48,"enemies":"Collector","floor":33,"turns":5}],"seed_played":"6596820861664930553","potions_obtained":[{"floor":10,"key":"AttackPotion"}],"is_trial":false,"path_per_floor":["M","?","$","M","?","R","E","?","T","M","?","$","R","T","R","B",null,"M","?","M","M","$","R","M","M","T","?","R","M","T","E","R"],"character_chosen":"THE_SILENT","items_purchased":["Backstab","Molten Egg 2"],"campfire_rested":3,"item_purchase_floors":[12,22],"current_hp_per_floor":[51,37,37,37,37,58,38,38,38,38,70,70,70,70,70,57,67,67,67,64,57,57,57,54,44,44,26,47,44,44,24,46,0],"gold":194,"neow_bonus":"HUNDRED_GOLD","is_prod":false,"is_daily":false,"chose_seed":false,"campfire_upgraded":3,"win_rate":0,"timestamp":1537286913,"path_taken":["M","?","$","M","?","R","E","?","T","?","?","$","R","?","R","BOSS","M","?","?","M","?","R","M","M","T","?","R","?","?","E","R","BOSS"],"build_version":"2018-09-06","purchased_purges":1,"victory":false,"max_hp_per_floor":[70,70,70,70,70,70,70,70,70,70,70,70,70,70,70,70,70,70,70,70,72,72,72,72,72,72,72,72,72,72,74,74,74],"card_choices":[{"not_picked":["Bane","Outmaneuver"],"picked":"Dodge and Roll","floor":1},{"not_picked":["Sucker Punch","Quick Slash"],"picked":"Infinite Blades","floor":4},{"not_picked":["Slice","Escape Plan"],"picked":"Heel Hook","floor":7},{"not_picked":["PiercingWail","Deflect"],"picked":"Riddle With Holes","floor":10},{"not_picked":["Corpse Explosion","Unload"],"picked":"Glass Knife","floor":16},{"not_picked":["Flying Knee","Quick Slash+1"],"picked":"Leg Sweep","floor":18},{"not_picked":["Flying Knee","Quick Slash"],"picked":"Acrobatics","floor":20},{"not_picked":["Prepared","Leg Sweep","Dagger Throw"],"picked":"Singing Bowl","floor":21},{"not_picked":["PiercingWail","Prepared"],"picked":"Acrobatics+1","floor":24},{"not_picked":["Sucker Punch+1","PiercingWail"],"picked":"Glass Knife+1","floor":25},{"not_picked":["Acrobatics+1","Dagger Spray+1"],"picked":"Flying Knee+1","floor":29},{"not_picked":["Catalyst","Setup","Dash+1"],"picked":"Singing Bowl","floor":31}],"player_experience":380172,"relics_obtained":[{"floor":7,"key":"Shuriken"},{"floor":9,"key":"Ancient Tea Set"},{"floor":14,"key":"Paper Crane"},{"floor":26,"key":"Orichalcum"},{"floor":30,"key":"Pen Nib"},{"floor":31,"key":"Bottled Lightning"}],"event_choices":[{"event_name":"Shining Light","player_choice":"Entered Light","floor":2,"damage_taken":0},{"event_name":"Match and Keep!","player_choice":"2 cards matched","floor":5,"damage_taken":0},{"event_name":"Match and Keep!","player_choice":"2 cards matched","floor":5,"damage_taken":0},{"event_name":"Dead Adventurer","player_choice":"Searched \u00272\u0027 times","floor":8,"damage_taken":0},{"event_name":"Bonfire Elementals","player_choice":"UNCOMMON","floor":11,"damage_taken":0},{"event_name":"Drug Dealer","player_choice":"Got JAX","floor":19,"damage_taken":0},{"event_name":"Colosseum","player_choice":"Fight","floor":27,"damage_taken":0},{"event_name":"Colosseum","player_choice":"Fled From Nobs","floor":27,"damage_taken":0}],"is_beta":false,"boss_relics":[{"not_picked":["Ring of the Serpent","Runic Dome"],"picked":"Sozu"}],"items_purged_floors":[12],"is_endless":false,"potions_floor_spawned":[10,18,25,29],"killed_by":"Collector","ascension_level":11}