{"gold_per_floor":[114,128,128,140,156,156,191,207,207,132,166,43,43,43,43,141,141,151,168,43,57,70,95,95,150,150,150,161,161,188,200,200,295,295,309,321,219,239,239,272,151,186,186,186,198,198],"floor_reached":46,"playtime":4188,"items_purged":["Strike_B","Strike_B","Strike_B","Decay","Injury"],"score":685,"play_id":"d137b914-6d1d-4246-8ab7-7b69cdef633b","local_time":"20180729210545","is_ascension_mode":true,"campfire_choices":[{"data":"Zap","floor":6,"key":"SMITH"},{"data":"Buffer","floor":13,"key":"SMITH"},{"data":"Double Energy","floor":15,"key":"SMITH"},{"data":"Rainbow","floor":27,"key":"SMITH"},{"data":"Fission","floor":29,"key":"SMITH"},{"data":"Barrage","floor":32,"key":"SMITH"},{"data":"Rainbow","floor":44,"key":"SMITH"}],"neow_cost":"NONE","seed_source_timestamp":171604474913727,"circlet_count":0,"master_deck":["Defend_B","Defend_B+1","Defend_B","Defend_B","Zap+1","Dualcast+1","Electrodynamics","Conserve Battery","Double Energy+1","Sunder","Buffer+1","Rainbow+1","Coolheaded","Fission+1","Barrage+1","BootSequence","Cold Snap","Compile Driver","Consume","Decay","Blizzard","Self Repair+1","Rainbow+1","Doubt","Clumsy","Dark Shackles","BootSequence+1","Normality"],"relics":["Cracked Core","Bronze Scales","Ginger","Mango","Cursed Key","Incense Burner","Tiny Chest","Mercury Hourglass","Symbiotic Virus","Calling Bell","Vajra","Smiling Mask","Unceasing Top","War Paint","Centennial Puzzle","Calipers"],"potions_floor_usage":[7,8,11,16,21,23,23,25,25,30,40,40,42,45,46],"damage_taken":[{"damage":0,"enemies":"2 Louse","floor":1,"turns":1},{"damage":0,"enemies":"Cultist","floor":2,"turns":3},{"damage":0,"enemies":"Jaw Worm","floor":4,"turns":3},{"damage":2,"enemies":"Large Slime","floor":5,"turns":5},{"damage":21,"enemies":"Lagavulin","floor":7,"turns":6},{"damage":3,"enemies":"Gremlin Gang","floor":8,"turns":3},{"damage":5,"enemies":"Gremlin Nob","floor":11,"turns":3},{"damage":12,"enemies":"The Guardian","floor":16,"turns":13},{"damage":4,"enemies":"3 Byrds","floor":18,"turns":3},{"damage":0,"enemies":"Chosen","floor":19,"turns":5},{"damage":21,"enemies":"Snake Plant","floor":21,"turns":3},{"damage":0,"enemies":"Chosen and Byrds","floor":22,"turns":5},{"damage":51,"enemies":"Slavers","floor":23,"turns":6},{"damage":12,"enemies":"Gremlin Leader","floor":25,"turns":6},{"damage":1,"enemies":"Cultist and Chosen","floor":28,"turns":6},{"damage":9,"enemies":"Book of Stabbing","floor":30,"turns":4},{"damage":6,"enemies":"Snake Plant","floor":31,"turns":3},{"damage":12,"enemies":"Automaton","floor":33,"turns":8},{"damage":12,"enemies":"3 Darklings","floor":35,"turns":5},{"damage":10,"enemies":"Orb Walker","floor":36,"turns":3},{"damage":49,"enemies":"Spire Growth","floor":38,"turns":7},{"damage":17,"enemies":"Nemesis","floor":40,"turns":11},{"damage":44,"enemies":"2 Orb Walkers","floor":42,"turns":5},{"damage":12,"enemies":"Flame Bruiser 2 Orb","floor":45,"turns":7},{"damage":15,"enemies":"3 Darklings","floor":46,"turns":2}],"seed_played":"4076880036875194512","potions_obtained":[{"floor":2,"key":"Explosive Potion"},{"floor":5,"key":"Fruit Juice"},{"floor":8,"key":"Swift Potion"},{"floor":14,"key":"Weak Potion"},{"floor":14,"key":"Regen Potion"},{"floor":14,"key":"Strength Potion"},{"floor":18,"key":"Block Potion"},{"floor":22,"key":"FearPotion"},{"floor":23,"key":"Regen Potion"},{"floor":25,"key":"PowerPotion"},{"floor":33,"key":"Energy Potion"},{"floor":38,"key":"GamblersBrew"},{"floor":42,"key":"Weak Potion"}],"is_trial":false,"path_per_floor":["M","M","?","M","M","R","E","M","T","$","E","$","R","?","R","B",null,"M","M","$","M","M","E","?","E","T","R","M","R","E","M","R","B",null,"M","M","$","M","?","E","$","E","T","R","M"],"character_chosen":"DEFECT","items_purchased":["Coolheaded","PowerPotion","Regen Potion"],"campfire_rested":0,"item_purchase_floors":[12,37,41],"current_hp_per_floor":[75,75,68,68,66,66,50,47,47,47,56,56,56,56,56,44,94,90,90,90,69,69,30,30,33,33,33,32,32,23,17,17,5,94,92,82,82,43,43,36,36,16,16,16,14,0],"gold":198,"neow_bonus":"ONE_RANDOM_RARE_CARD","is_prod":false,"is_daily":false,"chose_seed":false,"campfire_upgraded":7,"win_rate":0,"timestamp":1532869545,"path_taken":["M","M","?","M","M","R","E","M","T","$","E","$","R","?","R","BOSS","M","M","$","M","M","E","?","E","T","R","?","R","E","M","R","BOSS","M","M","$","M","?","E","?","E","T","R","?","M"],"build_version":"2018-07-26","purchased_purges":5,"victory":false,"max_hp_per_floor":[75,75,75,75,75,75,80,80,80,80,94,94,94,94,94,94,94,94,94,94,94,94,94,94,94,94,94,94,94,94,94,94,94,94,94,94,94,94,94,94,94,94,94,94,94,94],"card_choices":[{"not_picked":["Barrage","Cold Snap"],"picked":"Conserve Battery","floor":1},{"not_picked":["Ball Lightning","Steam"],"picked":"Double Energy","floor":2},{"not_picked":["Conserve Battery","Coolheaded"],"picked":"Sunder","floor":4},{"not_picked":["Steam","Doom and Gloom","Barrage"],"picked":"SKIP","floor":5},{"not_picked":["Gash","Leap"],"picked":"Buffer","floor":7},{"not_picked":["Go for the Eyes","Conserve Battery","Doom and Gloom"],"picked":"SKIP","floor":8},{"not_picked":["Ball Lightning","Stack"],"picked":"Rainbow","floor":11},{"not_picked":["Biased Cognition","Machine Learning"],"picked":"Fission","floor":16},{"not_picked":["Rebound","Redo"],"picked":"Barrage","floor":18},{"not_picked":["Storm","Beam Cell"],"picked":"BootSequence","floor":19},{"not_picked":["Barrage","Auto Shields"],"picked":"Cold Snap","floor":21},{"not_picked":["Streamline","Turbo"],"picked":"Compile Driver","floor":22},{"not_picked":["Stack","Compile Driver+1"],"picked":"Consume","floor":23},{"not_picked":["White Noise+1","Multi-Cast"],"picked":"Blizzard","floor":25},{"not_picked":["Steam","Leap","Gash"],"picked":"SKIP","floor":28},{"not_picked":["Reinforced Body","Capacitor","Tempest"],"picked":"SKIP","floor":30},{"not_picked":["Doom and Gloom+1","Consume"],"picked":"Self Repair+1","floor":31},{"not_picked":["Meteor Strike","Creative AI"],"picked":"Rainbow","floor":33},{"not_picked":["Undo+1","Heatsinks+1","Go for the Eyes+1"],"picked":"SKIP","floor":35},{"not_picked":["Heatsinks","Aggregate","Fusion+1"],"picked":"SKIP","floor":36},{"not_picked":["Hologram+1","Blizzard","Force Field+1"],"picked":"SKIP","floor":38},{"not_picked":["Master of Strategy","Blind"],"picked":"Dark Shackles","floor":39},{"not_picked":["Capacitor","Compile Driver","Tempest+1"],"picked":"SKIP","floor":40},{"not_picked":["Core Surge","Conserve Battery"],"picked":"BootSequence+1","floor":42},{"not_picked":["Fusion+1","Steam","Hello World"],"picked":"SKIP","floor":45}],"player_experience":217578,"relics_obtained":[{"floor":7,"key":"Bronze Scales"},{"floor":9,"key":"Ginger"},{"floor":11,"key":"Mango"},{"floor":23,"key":"Incense Burner"},{"floor":25,"key":"Tiny Chest"},{"floor":26,"key":"Mercury Hourglass"},{"floor":30,"key":"Symbiotic Virus"},{"floor":34,"key":"Vajra"},{"floor":34,"key":"Smiling Mask"},{"floor":34,"key":"Unceasing Top"},{"floor":40,"key":"War Paint"},{"floor":42,"key":"Centennial Puzzle"},{"floor":43,"key":"Calipers"}],"event_choices":[{"event_name":"Golden Wing","player_choice":"Card Removal","floor":3,"damage_taken":0},{"event_name":"The Lab","player_choice":"Got Potions","floor":14,"damage_taken":0},{"event_name":"Forgotten Altar","player_choice":"Smashed Altar","floor":24,"damage_taken":0},{"event_name":"SensoryStone","player_choice":"Memory 1","floor":39,"damage_taken":0}],"is_beta":false,"boss_relics":[{"not_picked":["Orrery","Fusion Hammer"],"picked":"Cursed Key"},{"not_picked":["FrozenCore","Inserter"],"picked":"Calling Bell"}],"items_purged_floors":[10,12,20,37,41],"is_endless":false,"potions_floor_spawned":[2,5,8,18,22,23,25,33,38,42],"killed_by":"3 Darklings","ascension_level":4}