{"gold_per_floor":[113,127,302,25,25,25,35,9,9,9,9,44,105,105,105,205,205,217,47,47,58,58,58,76,76,76,76,76,90,101,27,27,124,124,140,140,194,0,19,19,19,34,34,44,44,75,75,87,87,87],"floor_reached":51,"playtime":6610,"items_purged":["Doubt","Writhe"],"score":746,"play_id":"19514c1e-03f6-437b-8dc3-5fd9bfdfdb7d","local_time":"20180706021018","is_ascension_mode":false,"campfire_choices":[{"data":"Prepared","floor":6,"key":"SMITH"},{"data":"Neutralize","floor":10,"key":"SMITH"},{"data":"Acrobatics","floor":15,"key":"SMITH"},{"data":"Night Terror","floor":23,"key":"SMITH"},{"data":"Master of Strategy","floor":28,"key":"SMITH"},{"floor":32,"key":"REST"},{"data":"Expertise","floor":40,"key":"SMITH"},{"data":"Panache","floor":47,"key":"SMITH"},{"floor":49,"key":"REST"}],"neow_cost":"CURSE","seed_source_timestamp":1597510425162385,"circlet_count":0,"master_deck":["Defend_G","Defend_G","Defend_G","Defend_G","Strike_G","Strike_G","Strike_G","Strike_G","Survivor","Neutralize+1","Quick Slash","Prepared+1","Master of Strategy+1","Underhanded Strike","Acrobatics+1","Underhanded Strike","Die Die Die","Night Terror+1","Reflex+1","Expertise+1","Backflip","Calculated Gamble+1","Acrobatics+1","Calculated Gamble+1","Burst+1","Madness+1","Madness+1","Panache+1"],"relics":["Ring of the Snake","Gambling Chip","Darkstone Periapt","Bottled Flame","Oddly Smooth Stone","Sozu","Meat on the Bone","Enchiridion","Toxic Egg 2","Kunai","Runic Pyramid","Ice Cream","Red Mask","Vajra","Lantern"],"potions_floor_usage":[12,16],"damage_taken":[{"damage":0,"enemies":"2 Louse","floor":1,"turns":3},{"damage":0,"enemies":"Small Slimes","floor":2,"turns":4},{"damage":0,"enemies":"Cultist","floor":7,"turns":3},{"damage":8,"enemies":"Gremlin Nob","floor":12,"turns":3},{"damage":9,"enemies":"3 Sentries","floor":13,"turns":5},{"damage":20,"enemies":"Slime Boss","floor":16,"turns":9},{"damage":8,"enemies":"Shell Parasite","floor":18,"turns":4},{"damage":17,"enemies":"3 Byrds","floor":21,"turns":5},{"damage":11,"enemies":"Snake Plant","floor":24,"turns":6},{"damage":10,"enemies":"Centurion and Healer","floor":29,"turns":4},{"damage":0,"enemies":"Slaver and Parasite","floor":30,"turns":5},{"damage":63,"enemies":"Champ","floor":33,"turns":11},{"damage":2,"enemies":"3 Shapes","floor":35,"turns":4},{"damage":18,"floor":37,"turns":4},{"damage":0,"enemies":"Orb Walker","floor":39,"turns":2},{"damage":0,"enemies":"Maw","floor":42,"turns":8},{"damage":0,"enemies":"Sphere and 2 Shapes","floor":44,"turns":2},{"damage":0,"enemies":"Giant Head","floor":46,"turns":5},{"damage":0,"enemies":"3 Darklings","floor":48,"turns":2},{"damage":0,"enemies":"Donu and Deca","floor":50,"turns":4}],"seed_played":"-4878120596298901804","potions_obtained":[{"floor":7,"key":"Fire Potion"},{"floor":13,"key":"Block Potion"}],"is_trial":false,"path_per_floor":["M","M","?","$","?","R","M","$","T","R","?","E","?","?","R","B",null,"M","$","?","M","?","R","M","T","T","?","R","M","M","$","R","B",null,"M","?","?","?","M","R","?","M","T","M","?","E","R","M","R","B"],"character_chosen":"THE_SILENT","items_purchased":["Master of Strategy","Underhanded Strike","Expertise","Calculated Gamble+1"],"campfire_rested":2,"item_purchase_floors":[4,8,19,31],"current_hp_per_floor":[70,70,70,70,70,70,70,70,70,70,70,62,53,46,46,26,70,62,62,62,45,29,29,30,30,30,30,30,32,44,44,65,14,70,68,68,50,50,50,50,41,41,41,41,41,41,41,41,62,62],"gold":87,"neow_bonus":"ONE_RARE_RELIC","is_prod":false,"is_daily":false,"chose_seed":false,"campfire_upgraded":7,"win_rate":0,"timestamp":1530814218,"path_taken":["M","M","?","$","?","R","M","$","T","R","?","E","?","?","R","BOSS","M","$","?","M","?","R","?","?","T","?","R","M","M","?","R","BOSS","M","?","?","?","M","R","?","?","T","M","?","E","R","M","R","BOSS"],"build_version":"2018-06-28","purchased_purges":2,"victory":true,"max_hp_per_floor":[70,70,70,70,70,70,70,70,70,70,70,70,70,70,70,70,70,70,70,70,70,70,70,70,70,70,70,70,70,70,70,70,70,70,70,70,70,70,70,70,70,70,70,70,70,70,70,70,70,70],"card_choices":[{"not_picked":["Deadly Poison","Choke"],"picked":"Quick Slash","floor":1},{"not_picked":["Malaise","Bouncing Flask"],"picked":"Prepared","floor":2},{"not_picked":["All Out Attack","Predator"],"picked":"Acrobatics","floor":7},{"not_picked":["Bane","PiercingWail"],"picked":"Die Die Die","floor":12},{"not_picked":["Storm of Steel","Corpse Explosion"],"picked":"Night Terror","floor":16},{"not_picked":["Flying Knee+1","Outmaneuver"],"picked":"Reflex+1","floor":18},{"not_picked":["Dash","Deadly Poison"],"picked":"Backflip","floor":21},{"not_picked":["Bullet Time","Malaise","Dodge and Roll+1"],"picked":"SKIP","floor":24},{"not_picked":["Bane","Deflect+1"],"picked":"Calculated Gamble+1","floor":29},{"not_picked":["Deadly Poison+1","Dagger Throw"],"picked":"Acrobatics+1","floor":30},{"not_picked":["Phantasmal Killer+1","Venomology+1"],"picked":"Burst+1","floor":33},{"not_picked":["Cloak And Dagger+1","All Out Attack+1","PiercingWail+1"],"picked":"SKIP","floor":35},{"not_picked":["Quick Slash+1","Crippling Poison+1","Deflect+1"],"picked":"SKIP","floor":39},{"not_picked":["Predator+1","Deadly Poison+1","Sucker Punch+1"],"picked":"SKIP","floor":42},{"not_picked":["Flechettes","PiercingWail+1","Caltrops+1"],"picked":"SKIP","floor":44},{"not_picked":["Secret Weapon+1","Blind+1"],"picked":"Panache","floor":45},{"not_picked":["Predator","Blade Dance+1","Dash"],"picked":"SKIP","floor":46},{"not_picked":["Leg Sweep+1","Backstab+1","Acrobatics+1"],"picked":"SKIP","floor":48}],"player_experience":81711,"relics_obtained":[{"floor":9,"key":"Darkstone Periapt"},{"floor":12,"key":"Bottled Flame"},{"floor":13,"key":"Oddly Smooth Stone"},{"floor":22,"key":"Enchiridion"},{"floor":25,"key":"Toxic Egg 2"},{"floor":26,"key":"Kunai"},{"floor":37,"key":"Ice Cream"},{"floor":43,"key":"Vajra"},{"floor":46,"key":"Lantern"}],"event_choices":[{"event_name":"Liars Game","player_choice":"agreed","floor":3,"damage_taken":0},{"event_name":"Transmorgrifier","player_choice":"Transform","floor":5,"damage_taken":0},{"event_name":"The Cleric","player_choice":"Leave","floor":11,"damage_taken":0},{"event_name":"Dead Adventurer","player_choice":"Searched \u00272\u0027 times","floor":13,"damage_taken":0},{"event_name":"Golden Wing","player_choice":"Card Removal","floor":14,"damage_taken":0},{"event_name":"The Mausoleum","player_choice":"Yes","floor":20,"damage_taken":0},{"event_name":"Cursed Tome","player_choice":"Obtained Book","floor":22,"damage_taken":0},{"event_name":"Drug Dealer","player_choice":"Ignored","floor":27,"damage_taken":0},{"event_name":"The Lab","player_choice":"Got Potions","floor":36,"damage_taken":0},{"event_name":"Mysterious Sphere","player_choice":"Fight","floor":37,"damage_taken":0},{"event_name":"Tomb of Lord Red Mask","player_choice":"Paid","floor":38,"damage_taken":0},{"event_name":"Winding Halls","player_choice":"Embrace Madness","floor":41,"damage_taken":0},{"event_name":"SensoryStone","player_choice":"Memory 1","floor":45,"damage_taken":0}],"boss_relics":[{"not_picked":["Lizard Tail","Black Star"],"picked":"Sozu"},{"not_picked":["Astrolabe","Pandora\u0027s Box"],"picked":"Runic Pyramid"}],"items_purged_floors":[4,19],"is_endless":false,"potions_floor_spawned":[7,13,24,29,35,37,39],"ascension_level":0}