{"path_per_floor":["M","$","?","M","M","R","M","?","T","R","$","E","R","E","R","B",null,"M","?","$","M","?","R","E","R","T","E","?","$","R","M","R"],"character_chosen":"IRONCLAD","items_purchased":["Disarm","Headbutt"],"gold_per_floor":[113,38,38,48,68,68,83,158,158,158,19,48,48,75,75,175,175,143,68,23,33,33,33,64,64,64,98,125,0,0,12,12],"floor_reached":33,"campfire_rested":0,"playtime":1823,"current_hp_per_floor":[73,73,57,61,67,67,58,47,47,47,47,44,44,40,40,44,80,64,64,64,57,57,57,48,48,48,40,50,50,50,46,46],"items_purged":["Strike_R","Defend_R","Strike_R"],"gold":12,"score":330,"play_id":"1e78e831-3906-4d9c-b6bb-32d710f946c2","is_prod":false,"is_daily":false,"is_ascension_mode":true,"campfire_upgraded":8,"path_taken":["M","?","?","M","M","R","M","?","T","R","$","E","R","E","R","BOSS","M","?","$","M","?","R","E","R","T","E","?","?","R","M","R","BOSS"],"build_version":"2018-02-07-BETA1","purchased_purges":6,"victory":false,"master_deck":["Strike_R","Strike_R","Defend_R+1","Defend_R+1","Defend_R","Bash","Searing Blow+8","Flex","Armaments+1","Disarm","True Grit","Feed","Warcry","Headbutt","Headbutt","Ghostly Armor+1"],"max_hp_per_floor":[80,80,80,80,80,80,80,80,80,80,80,80,80,80,80,80,80,80,80,80,80,80,80,80,80,80,80,83,83,83,83,83],"relics":["Burning Blood","Torii","Dream Catcher","Lantern","Black Star","Ancient Tea Set","Pen Nib","Gambling Chip","Blood Vial","Orichalcum","Red Mask"],"card_choices":[{"not_picked":["Blood for Blood","Cleave"],"picked":"Searing Blow"},{"not_picked":["Shrug It Off","Warcry"],"picked":"Flex"},{"not_picked":["Sword Boomerang","Anger"],"picked":"Armaments"},{"not_picked":["Wild Strike","Corruption"],"picked":"True Grit"},{"not_picked":["Berserk","Reaper"],"picked":"Feed"},{"not_picked":["Sword Boomerang","Pummel"],"picked":"Warcry"},{"not_picked":["Cleave","Perfected Strike"],"picked":"Headbutt"},{"not_picked":["Flex","Burning Pact"],"picked":"Ghostly Armor"}],"player_experience":139719,"potions_floor_usage":[7,12,12,16,24,28,33],"damage_taken":[{"damage":13,"enemies":"Blue Slaver","floor":1,"turns":5},{"damage":2,"enemies":"Small Slimes","floor":4,"turns":4},{"damage":0,"enemies":"2 Louse","floor":5,"turns":3},{"damage":15,"enemies":"Exordium Wildlife","floor":7,"turns":5},{"damage":9,"enemies":"Lagavulin","floor":12,"turns":6},{"damage":10,"enemies":"3 Sentries","floor":14,"turns":7},{"damage":2,"enemies":"The Guardian","floor":16,"turns":12},{"damage":22,"enemies":"2 Thieves","floor":18,"turns":5},{"damage":13,"enemies":"3 Byrds","floor":21,"turns":8},{"damage":15,"enemies":"Book of Stabbing","floor":24,"turns":6},{"damage":14,"enemies":"Slavers","floor":27,"turns":6},{"damage":1,"enemies":"Masked Bandits","floor":28,"turns":3},{"damage":12,"enemies":"Sentry and Sphere","floor":31,"turns":4},{"damage":55,"enemies":"Automaton","floor":33,"turns":6}],"event_choices":[{"event_name":"Shining Light","player_choice":"Entered Light","floor":3,"damage_taken":0},{"event_name":"World of Goop","player_choice":"Gather Gold","floor":8,"damage_taken":0},{"event_name":"Beggar","player_choice":"Gave Gold","floor":19,"damage_taken":0},{"event_name":"Upgrade Shrine","player_choice":"Upgraded","floor":22,"damage_taken":0},{"event_name":"Masked Bandits","player_choice":"Fought over 98 gold","floor":28,"damage_taken":0}],"boss_relics":[{"not_picked":["Pandora\u0027s Box","Calling Bell"],"picked":"Black Star"}],"potions_floor_spawned":[1,4,5,14,18,27,31],"seed_played":"-3119806555357642589","killed_by":"Automaton","ascension_level":1,"is_trial":false}