{"gold_per_floor":[117,128,128,138,88,119,119,119,144,183,210,244,285,28,28,123,123,133,48,61,79,179,210,220,240,290,240,267,279,299,42,42,42],"floor_reached":33,"playtime":3037,"items_purged":["Strike_R","Defend_R"],"score":368,"play_id":"cbbb8d04-2b9e-4b39-b3d2-7f52be2eac2b","local_time":"20190110193524","is_ascension_mode":true,"campfire_choices":[{"data":"Rampage","floor":7,"key":"SMITH"},{"data":"Twin Strike","floor":15,"key":"SMITH"},{"floor":32,"key":"REST"}],"neow_cost":"NONE","seed_source_timestamp":1388171339299652,"circlet_count":0,"master_deck":["Strike_R","Strike_R","Strike_R","Defend_R","Defend_R","Defend_R","Bash","Cleave","Rampage+1","Twin Strike+1","Battle Trance","Immolate","Quick Slash","Sucker Punch+1","Anger","Escape Plan+1","Twin Strike+1","Reprogram+1"],"relics":["Burning Blood","Bag of Marbles","Orichalcum","MawBank","Vajra","Odd Mushroom","Letter Opener","PrismaticShard","Orrery","Thread and Needle","Champion Belt","Pantograph","Toxic Egg 2","Boot","Oddly Smooth Stone","Juzu Bracelet"],"potions_floor_usage":[10,13,21,23,23,30,33,33,33],"damage_taken":[{"damage":7,"enemies":"Small Slimes","floor":1,"turns":5},{"damage":1,"enemies":"Cultist","floor":2,"turns":3},{"damage":2,"enemies":"2 Louse","floor":4,"turns":2},{"damage":35,"enemies":"Lagavulin","floor":6,"turns":5},{"damage":17,"enemies":"3 Sentries","floor":10,"turns":6},{"damage":0,"enemies":"2 Fungi Beasts","floor":11,"turns":2},{"damage":0,"enemies":"The Mushroom Lair","floor":12,"turns":2},{"damage":8,"enemies":"Gremlin Nob","floor":13,"turns":3},{"damage":22,"enemies":"Slime Boss","floor":16,"turns":7},{"damage":5,"enemies":"Spheric Guardian","floor":18,"turns":3},{"damage":2,"enemies":"Chosen","floor":20,"turns":3},{"damage":16,"enemies":"Centurion and Healer","floor":21,"turns":3},{"damage":0,"enemies":"Colosseum Slavers","floor":22,"turns":3},{"damage":17,"enemies":"Colosseum Nobs","floor":22,"turns":4},{"damage":13,"enemies":"Slavers","floor":23,"turns":5},{"damage":18,"enemies":"Snake Plant","floor":24,"turns":4},{"damage":3,"enemies":"Snecko","floor":25,"turns":4},{"damage":16,"enemies":"Book of Stabbing","floor":28,"turns":4},{"damage":14,"enemies":"Sentry and Sphere","floor":29,"turns":4},{"damage":8,"enemies":"Snake Plant","floor":30,"turns":2},{"damage":90,"enemies":"Collector","floor":33,"turns":9}],"seed_played":"8354391331399942657","potions_obtained":[{"floor":2,"key":"SpeedPotion"},{"floor":4,"key":"SteroidPotion"},{"floor":11,"key":"Swift Potion"},{"floor":12,"key":"Regen Potion"},{"floor":16,"key":"LiquidBronze"},{"floor":21,"key":"EssenceOfSteel"},{"floor":22,"key":"Strength Potion"},{"floor":25,"key":"Energy Potion"},{"floor":28,"key":"BloodPotion"},{"floor":30,"key":"GamblersBrew"}],"is_trial":false,"path_per_floor":["M","M","?","M","?","E","R","?","T","E","M","?","E","$","R","B",null,"M","?","M","M","?","E","M","M","T","?","E","M","M","$","R","B"],"character_chosen":"IRONCLAD","items_purchased":["PrismaticShard","Juzu Bracelet"],"campfire_rested":1,"item_purchase_floors":[14,31],"current_hp_per_floor":[79,80,80,80,80,51,51,51,51,40,46,52,50,50,50,34,80,80,80,80,70,65,58,46,49,49,49,39,31,29,29,53,0],"gold":42,"neow_bonus":"RANDOM_COMMON_RELIC","is_prod":false,"is_daily":false,"chose_seed":false,"campfire_upgraded":2,"win_rate":0,"timestamp":1547148924,"path_taken":["M","M","?","?","?","E","R","?","T","E","M","?","E","$","R","BOSS","M","?","M","M","?","E","M","M","T","?","E","M","M","$","R","BOSS"],"build_version":"2019-01-03v4","purchased_purges":2,"victory":false,"max_hp_per_floor":[80,80,80,80,80,80,80,80,80,80,80,80,80,80,80,80,80,80,80,80,80,80,80,80,80,80,80,80,80,80,80,80,80],"card_choices":[{"not_picked":["True Grit","Wild Strike"],"picked":"Flame Barrier","floor":1},{"not_picked":["Body Slam","Heavy Blade"],"picked":"Cleave","floor":2},{"not_picked":["Uppercut","Havoc"],"picked":"Rampage","floor":4},{"not_picked":["Iron Wave","Armaments","Twin Strike"],"picked":"SKIP","floor":6},{"not_picked":["Entrench","Exhume"],"picked":"Twin Strike","floor":10},{"not_picked":["Perfected Strike","Inflame"],"picked":"Battle Trance","floor":11},{"not_picked":["Twin Strike","Rampage","Uppercut"],"picked":"SKIP","floor":13},{"not_picked":["Venomology","Wraith Form v2"],"picked":"Immolate","floor":16},{"not_picked":["Second Wind","Violence"],"picked":"Quick Slash","floor":17},{"not_picked":["Accuracy","Reinforced Body","Flex"],"picked":"SKIP","floor":18},{"not_picked":["Wild Strike","Sever Soul","Perfected Strike"],"picked":"SKIP","floor":20},{"not_picked":["Good Instincts","Double Energy"],"picked":"Sucker Punch+1","floor":21},{"not_picked":["Perfected Strike","Accuracy"],"picked":"Anger","floor":22},{"not_picked":["BootSequence+1","Noxious Fumes+1"],"picked":"Escape Plan","floor":23},{"not_picked":["Berserk","Beam Cell","Twin Strike"],"picked":"SKIP","floor":24},{"not_picked":["Cloak And Dagger+1","Clothesline","Gash+1"],"picked":"SKIP","floor":25},{"not_picked":["Iron Wave","Lockon","Cloak And Dagger+1"],"picked":"SKIP","floor":28},{"not_picked":["Ball Lightning","Darkness+1"],"picked":"Twin Strike+1","floor":29},{"not_picked":["Recycle+1","Slice"],"picked":"Reprogram+1","floor":30}],"player_experience":161907,"relics_obtained":[{"floor":6,"key":"Orichalcum"},{"floor":9,"key":"MawBank"},{"floor":10,"key":"Vajra"},{"floor":12,"key":"Odd Mushroom"},{"floor":13,"key":"Letter Opener"},{"floor":22,"key":"Champion Belt"},{"floor":22,"key":"Pantograph"},{"floor":23,"key":"Toxic Egg 2"},{"floor":26,"key":"Boot"},{"floor":28,"key":"Oddly Smooth Stone"}],"event_choices":[{"cards_removed":["Flame Barrier"],"damage_healed":0,"gold_gain":0,"player_choice":"Offered Uncommon","damage_taken":0,"max_hp_gain":0,"max_hp_loss":0,"event_name":"Bonfire Elementals","floor":3,"gold_loss":0},{"cards_removed":["Strike_R"],"damage_healed":0,"gold_gain":0,"player_choice":"Card Removal","damage_taken":0,"max_hp_gain":0,"max_hp_loss":0,"event_name":"The Cleric","floor":5,"gold_loss":50},{"damage_healed":0,"gold_gain":0,"player_choice":"Ignored","damage_taken":0,"max_hp_gain":0,"max_hp_loss":0,"event_name":"Liars Game","floor":8,"gold_loss":0},{"damage_healed":0,"gold_gain":0,"player_choice":"Fought Mushrooms","damage_taken":0,"max_hp_gain":0,"max_hp_loss":0,"event_name":"Mushrooms","floor":12,"gold_loss":0},{"damage_healed":0,"gold_gain":0,"player_choice":"Obtained Relic","damage_taken":0,"relics_obtained":["Thread and Needle"],"max_hp_gain":0,"max_hp_loss":0,"event_name":"Addict","floor":19,"gold_loss":85},{"damage_healed":0,"gold_gain":0,"player_choice":"Fight","damage_taken":0,"max_hp_gain":0,"max_hp_loss":0,"event_name":"Colosseum","floor":22,"gold_loss":0},{"damage_healed":0,"gold_gain":0,"player_choice":"Fought Nobs","damage_taken":0,"max_hp_gain":0,"max_hp_loss":0,"event_name":"Colosseum","floor":22,"gold_loss":0},{"damage_healed":0,"gold_gain":0,"player_choice":"Bet on Murderer","damage_taken":0,"max_hp_gain":0,"max_hp_loss":0,"event_name":"The Joust","floor":27,"gold_loss":50}],"is_beta":false,"boss_relics":[{"not_picked":["Pandora\u0027s Box","Ectoplasm"],"picked":"Orrery"}],"items_purged_floors":[14,31],"is_endless":false,"potions_floor_spawned":[2,4,11,12,16,21,22,25,28,30],"killed_by":"Collector","ascension_level":4}