{"gold_per_floor":[119,269,27,27,43,43,78,96,96,96,107,172,190,51,51,122,122,142,67,67,67,67,67,100,115,165,85,104,67,82,93,93,93],"floor_reached":33,"playtime":950,"items_purged":["Doubt","Writhe"],"score":694,"play_id":"8495c1d0-482b-4fdd-9af6-57589595709d","local_time":"20180908222813","is_ascension_mode":true,"campfire_choices":[{"data":"Uppercut","floor":6,"key":"SMITH"},{"data":"Bludgeon","floor":10,"key":"SMITH"},{"data":"Inflame","floor":15,"key":"SMITH"},{"data":"Double Tap","floor":23,"key":"SMITH"},{"data":"Whirlwind","floor":32,"key":"SMITH"}],"neow_cost":"NONE","seed_source_timestamp":2102183351101005,"circlet_count":0,"master_deck":["Strike_R","Strike_R","Strike_R","Strike_R","Strike_R+1","Defend_R","Defend_R","Bash","AscendersBane","Bludgeon+1","Uppercut+1","Hemokinesis+1","Dropkick","Inflame+1","Double Tap+1","Impervious","Feel No Pain","Flame Barrier","Whirlwind+1"],"relics":["Burning Blood","NeowsBlessing","The Courier","Pen Nib","Regal Pillow","Whetstone","Coffee Dripper","Nilry\u0027s Codex","Mango","Happy Flower","Vajra"],"potions_floor_usage":[16,24,25,30,33,33],"damage_taken":[{"damage":0,"enemies":"Jaw Worm","floor":1,"turns":1},{"damage":0,"enemies":"Small Slimes","floor":5,"turns":1},{"damage":0,"enemies":"3 Sentries","floor":7,"turns":2},{"damage":3,"enemies":"2 Louse","floor":8,"turns":1},{"damage":3,"enemies":"Looter","floor":11,"turns":2},{"damage":23,"enemies":"3 Sentries","floor":12,"turns":5},{"damage":21,"enemies":"Large Slime","floor":13,"turns":5},{"damage":2,"enemies":"Slime Boss","floor":16,"turns":4},{"damage":0,"enemies":"Chosen","floor":18,"turns":2},{"damage":48,"enemies":"Book of Stabbing","floor":24,"turns":3},{"damage":23,"enemies":"Shell Parasite","floor":25,"turns":2},{"damage":0,"enemies":"Snake Plant","floor":28,"turns":1},{"damage":4,"enemies":"Cultist and Chosen","floor":30,"turns":3},{"damage":9,"enemies":"Centurion and Healer","floor":31,"turns":3},{"damage":25,"enemies":"Champ","floor":33,"turns":2}],"seed_played":"-4919683223687083508","potions_obtained":[{"floor":1,"key":"Swift Potion"},{"floor":7,"key":"Energy Potion"},{"floor":12,"key":"FearPotion"},{"floor":16,"key":"Energy Potion"},{"floor":25,"key":"Strength Potion"},{"floor":30,"key":"SkillPotion"},{"floor":31,"key":"Poison Potion"}],"is_trial":false,"path_per_floor":["M","?","$","?","M","R","E","M","T","R","M","?","M","$","R","B",null,"M","?","?","$","?","R","E","M","T","$","M","$","M","M","R"],"character_chosen":"IRONCLAD","items_purchased":["Bludgeon","Whetstone","Whirlwind"],"campfire_rested":0,"item_purchase_floors":[3,14,29],"current_hp_per_floor":[74,74,74,67,73,73,75,75,75,75,75,58,43,43,43,47,68,74,74,53,53,67,67,25,8,8,8,14,14,16,13,13,0],"gold":93,"neow_bonus":"THREE_ENEMY_KILL","is_prod":false,"is_daily":false,"chose_seed":false,"campfire_upgraded":5,"win_rate":0,"timestamp":1536442093,"path_taken":["M","?","$","?","M","R","E","M","T","R","?","?","M","?","R","BOSS","M","?","?","$","?","R","E","M","T","?","M","$","?","M","R","BOSS"],"build_version":"2018-09-06","purchased_purges":2,"victory":false,"max_hp_per_floor":[75,75,75,75,75,75,75,75,75,75,75,75,75,75,75,75,75,75,75,75,75,89,89,89,89,89,89,89,89,89,89,89,89],"card_choices":[{"not_picked":["Second Wind","True Grit","Evolve"],"picked":"SKIP","floor":1},{"not_picked":["Body Slam","Seeing Red"],"picked":"Uppercut","floor":5},{"not_picked":["Sword Boomerang","Thunderclap"],"picked":"Hemokinesis","floor":7},{"not_picked":["Clothesline","Fire Breathing"],"picked":"Dropkick","floor":8},{"not_picked":["Intimidate","Wild Strike"],"picked":"Inflame","floor":11},{"not_picked":["Warcry","Juggernaut","Ghostly Armor"],"picked":"SKIP","floor":13},{"not_picked":["Limit Break","Juggernaut"],"picked":"Double Tap","floor":16},{"not_picked":["Sentinel","Cleave","Pommel Strike"],"picked":"SKIP","floor":18},{"not_picked":["Twin Strike","True Grit"],"picked":"Impervious","floor":24},{"not_picked":["Uppercut","Pummel"],"picked":"Feel No Pain","floor":25},{"not_picked":["Heavy Blade","Warcry+1"],"picked":"Flame Barrier","floor":28},{"not_picked":["Heavy Blade","Combust","Armaments"],"picked":"SKIP","floor":30},{"not_picked":["Body Slam","Barricade","Sentinel+1"],"picked":"SKIP","floor":31}],"player_experience":323454,"relics_obtained":[{"floor":7,"key":"The Courier"},{"floor":9,"key":"Pen Nib"},{"floor":12,"key":"Regal Pillow"},{"floor":20,"key":"Nilry\u0027s Codex"},{"floor":24,"key":"Happy Flower"},{"floor":26,"key":"Vajra"}],"event_choices":[{"event_name":"Liars Game","player_choice":"agreed","floor":2,"damage_taken":0},{"event_name":"Golden Wing","player_choice":"Card Removal","floor":4,"damage_taken":0},{"event_name":"Dead Adventurer","player_choice":"Searched \u00271\u0027 times","floor":12,"damage_taken":0},{"event_name":"Beggar","player_choice":"Gave Gold","floor":19,"damage_taken":0},{"event_name":"Cursed Tome","player_choice":"Obtained Book","floor":20,"damage_taken":0},{"event_name":"The Mausoleum","player_choice":"Yes","floor":22,"damage_taken":0}],"is_beta":false,"boss_relics":[{"not_picked":["Runic Pyramid","Astrolabe"],"picked":"Coffee Dripper"}],"items_purged_floors":[3,27],"is_endless":false,"potions_floor_spawned":[1,7,12,13,16,25,30,31],"killed_by":"Champ","ascension_level":18}