{"path_per_floor":["M","?","$","M","M","E","?","M","T","R","?","M","M","M","R","B",null,"M","?","$","M","M","R","E","R","T","R","M","$","E","M","R"],"character_chosen":"DEFECT","items_purchased":["Ball Lightning","Beam Cell","Shuriken","Capacitor"],"gold_per_floor":[110,110,64,81,100,131,131,143,143,143,167,179,197,215,215,314,344,358,358,238,248,265,265,295,295,318,318,330,53,81,101,101,101],"floor_reached":33,"campfire_rested":2,"playtime":1270,"current_hp_per_floor":[74,74,74,73,73,60,60,60,60,60,45,45,44,44,44,24,84,84,84,84,70,72,72,56,83,83,83,73,73,23,25,53,0],"items_purged":["Writhe"],"gold":101,"score":303,"play_id":"bc0cd547-20fd-4094-ba20-d7b4649b4330","local_time":"20180427115043","is_prod":false,"is_daily":false,"chose_seed":false,"is_ascension_mode":true,"campfire_upgraded":4,"timestamp":1524851443,"path_taken":["M","?","$","M","M","E","?","M","T","R","?","M","M","M","R","BOSS","M","?","$","M","?","R","E","R","T","R","?","$","E","M","R","BOSS"],"build_version":"2018-04-26v2","seed_source_timestamp":143745677746335,"purchased_purges":1,"victory":false,"master_deck":["Strike_B","Strike_B","Defend_B","Defend_B","Defend_B","Defend_B","Zap","Dualcast","Darkness","Ball Lightning","Beam Cell+1","All For One","Axe Kick+1","Stack","Rebound","Ball Lightning","Fission+1","Gash+1","Seek","Axe Kick+1","Beam Cell+1","Capacitor","Loop+1"],"max_hp_per_floor":[75,75,75,75,75,75,75,75,75,75,75,75,77,77,77,77,84,84,84,84,86,88,88,90,90,90,90,92,92,92,94,94,94],"relics":["Cracked Core","Anchor","Singing Bowl","Mummified Hand","Odd Mushroom","Tiny House","Dodecahedron","Oddly Smooth Stone","Orichalcum","Shuriken","Blood Vial"],"card_choices":[{"not_picked":["Barrage","Force Field"],"picked":"Darkness","floor":1},{"not_picked":["Streamline","Undo"],"picked":"Beam Cell","floor":4},{"not_picked":["Leap","Stack"],"picked":"All For One","floor":5},{"not_picked":["Stack","Sweeping Beam"],"picked":"Axe Kick","floor":6},{"not_picked":["Recycle","Skim"],"picked":"Rebound","floor":8},{"not_picked":["Hologram","Impulse"],"picked":"Ball Lightning","floor":11},{"not_picked":["Stack","Coolheaded"],"picked":"Fission","floor":12},{"not_picked":["Reprogram","Auto Shields"],"picked":"Gash","floor":14},{"not_picked":["Thunder Strike","Rainbow"],"picked":"Seek","floor":16},{"not_picked":["Barrage","Auto Shields"],"picked":"Axe Kick","floor":18},{"not_picked":["Auto Shields","Skim"],"picked":"Loop","floor":30}],"player_experience":347635,"potions_floor_usage":[6,8,16,21,22,28,30,33],"damage_taken":[{"damage":1,"enemies":"2 Louse","floor":1,"turns":3},{"damage":1,"enemies":"Cultist","floor":4,"turns":3},{"damage":0,"enemies":"Small Slimes","floor":5,"turns":2},{"damage":13,"enemies":"Lagavulin","floor":6,"turns":4},{"damage":0,"enemies":"Exordium Thugs","floor":8,"turns":3},{"damage":15,"enemies":"The Mushroom Lair","floor":11,"turns":4},{"damage":0,"enemies":"Large Slime","floor":12,"turns":4},{"damage":3,"enemies":"Red Slaver","floor":13,"turns":2},{"damage":0,"enemies":"2 Fungi Beasts","floor":14,"turns":2},{"damage":20,"enemies":"Hexaghost","floor":16,"turns":9},{"damage":0,"enemies":"Chosen","floor":18,"turns":3},{"damage":16,"enemies":"2 Thieves","floor":21,"turns":4},{"damage":0,"enemies":"Snake Plant","floor":22,"turns":2},{"damage":18,"enemies":"Book of Stabbing","floor":24,"turns":4},{"damage":12,"enemies":"Chosen and Byrds","floor":28,"turns":3},{"damage":50,"enemies":"Slavers","floor":30,"turns":8},{"damage":2,"enemies":"Snecko","floor":31,"turns":3},{"damage":63,"enemies":"Champ","floor":33,"turns":7}],"event_choices":[{"event_name":"Wheel of Change","player_choice":"Card Removal","floor":2,"damage_taken":0},{"event_name":"Transmorgrifier","player_choice":"Transform","floor":7,"damage_taken":0},{"event_name":"Mushrooms","player_choice":"Fought Mushrooms","floor":11,"damage_taken":0},{"event_name":"The Mausoleum","player_choice":"Yes","floor":19,"damage_taken":0}],"boss_relics":[{"not_picked":["Eternal Feather","Philosopher\u0027s Stone"],"picked":"Tiny House"}],"potions_floor_spawned":[4,6,13,14,16,21,28,31],"seed_played":"-1679729184414691451","killed_by":"Champ","ascension_level":1,"is_trial":false}