{"path_per_floor":["M","$","?","M","?","E","R","E","T","M","E","M","M","$","R","B",null,"M","?","?","?","?"],"character_chosen":"DEFECT","items_purchased":["Capacitor","Conserve Battery"],"gold_per_floor":[109,34,34,52,52,93,93,137,184,202,233,254,275,91,91,217,217,241,241,166,266,266,266],"floor_reached":23,"campfire_rested":1,"playtime":1222,"item_purchase_floors":[14,14],"current_hp_per_floor":[75,75,57,57,62,62,62,44,44,36,15,12,2,2,26,2,80,70,70,70,70,54,0],"items_purged":["Strike_B","Strike_B"],"gold":266,"score":244,"play_id":"17e8da12-41f4-446a-8ee4-a86b6d3dca4c","local_time":"20180601100123","is_prod":false,"is_daily":false,"chose_seed":false,"is_ascension_mode":true,"campfire_upgraded":1,"win_rate":0.0,"timestamp":1527843683,"campfire_choices":[{"data":"Genetic Algorithm","floor":7,"key":"SMITH"},{"floor":15,"key":"REST"}],"path_taken":["M","?","?","M","?","E","R","E","T","M","E","M","?","$","R","BOSS","M","?","?","?","?","E"],"build_version":"2018-05-31","seed_source_timestamp":775357943104937,"purchased_purges":2,"victory":false,"master_deck":["Strike_B","Defend_B","Defend_B","Defend_B","Defend_B+1","Zap+1","Dualcast","Doom and Gloom","Capacitor","Genetic Algorithm+1","Redo","Storm","Fusion","Compile Driver","Defragment","Capacitor","Conserve Battery","Creative AI","Self Repair","Necronomicurse"],"max_hp_per_floor":[75,75,75,75,80,80,80,80,80,80,80,80,80,80,80,80,80,80,80,80,80,80,80],"relics":["Cracked Core","NeowsBlessing","Golden Idol","Ancient Tea Set","War Paint","Pen Nib","Peace Pipe","Runic Dome","Necronomicon"],"card_choices":[{"not_picked":["Compile Driver","Coolheaded"],"picked":"Doom and Gloom","floor":1},{"not_picked":["BootSequence","Gash"],"picked":"Capacitor","floor":4},{"not_picked":["Beam Cell","Compile Driver"],"picked":"Genetic Algorithm","floor":6},{"not_picked":["Gash","Skim"],"picked":"Redo","floor":8},{"not_picked":["Force Field","Cold Snap"],"picked":"Storm","floor":10},{"not_picked":["Skim","Self Repair"],"picked":"Fusion","floor":11},{"not_picked":["Beam Cell","Chill"],"picked":"Compile Driver","floor":12},{"not_picked":["Steam Power","Streamline"],"picked":"Defragment","floor":13},{"not_picked":["Multi-Cast","Seek"],"picked":"Creative AI","floor":16},{"not_picked":["Fusion","Chaos"],"picked":"Self Repair","floor":18}],"player_experience":262313,"potions_floor_usage":[8,16,16],"damage_taken":[{"damage":0,"enemies":"Cultist","floor":1,"turns":1},{"damage":0,"enemies":"2 Louse","floor":4,"turns":1},{"damage":0,"enemies":"Lagavulin","floor":6,"turns":1},{"damage":18,"enemies":"3 Sentries","floor":8,"turns":3},{"damage":8,"enemies":"Jaw Worm","floor":10,"turns":4},{"damage":21,"enemies":"Lagavulin","floor":11,"turns":6},{"damage":3,"enemies":"Red Slaver","floor":12,"turns":3},{"damage":10,"enemies":"Exordium Thugs","floor":13,"turns":4},{"damage":24,"enemies":"The Guardian","floor":16,"turns":9},{"damage":10,"enemies":"Spheric Guardian","floor":18,"turns":4},{"damage":54,"enemies":"Slavers","floor":23,"turns":4}],"relics_obtained":[{"floor":6,"key":"Ancient Tea Set"},{"floor":8,"key":"War Paint"},{"floor":9,"key":"Pen Nib"},{"floor":11,"key":"Peace Pipe"},{"floor":22,"key":"Necronomicon"}],"event_choices":[{"event_name":"Golden Idol","player_choice":"Take Damage","floor":3,"damage_taken":0},{"event_name":"Big Fish","player_choice":"Donut","floor":5,"damage_taken":0},{"event_name":"Ghosts","player_choice":"Ignored","floor":19,"damage_taken":0},{"event_name":"Beggar","player_choice":"Gave Gold","floor":20,"damage_taken":0},{"event_name":"Golden Shrine","player_choice":"Pray","floor":21,"damage_taken":0},{"event_name":"Cursed Tome","player_choice":"Obtained Book","floor":22,"damage_taken":0}],"boss_relics":[{"not_picked":["Calling Bell","Runic Pyramid"],"picked":"Runic Dome"}],"items_purged_floors":[2,14],"potions_floor_spawned":[4,12,13],"seed_played":"-7723356334242823693","killed_by":"Slavers","ascension_level":1,"potions_obtained":[{"floor":4,"key":"Explosive Potion"},{"floor":12,"key":"Poison Potion"},{"floor":13,"key":"Block Potion"}],"is_trial":false}