{"gold_per_floor":[116,134,144,156,167,185,135,164,215,247,265,265,296,296,296,400,400,400,400,246,201,126,126,126,126,126,126,126,126,126,126,126,126,126,126,126,126,126,54,54,54,54,54,54,54,54,0,0,0,0],"floor_reached":51,"playtime":3373,"items_purged":["Strike_B"],"score":1039,"play_id":"f00b99f4-0740-41e4-bc94-938f8e64f4cc","local_time":"20190112153737","is_ascension_mode":true,"campfire_choices":[{"floor":12,"key":"REST"},{"floor":15,"key":"REST"},{"data":"Reinforced Body","floor":23,"key":"SMITH"},{"floor":25,"key":"REST"},{"data":"Machine Learning","floor":29,"key":"SMITH"},{"floor":32,"key":"REST"},{"floor":41,"key":"REST"},{"floor":45,"key":"REST"},{"floor":49,"key":"REST"}],"neow_cost":"NONE","seed_source_timestamp":1546354546506325,"circlet_count":0,"master_deck":["Defend_B","Defend_B","Defend_B+1","Zap+1","Dualcast","Conserve Battery","Ball Lightning","Cold Snap+1","Reinforced Body+1","Compile Driver+1","Go for the Eyes","Rebound+1","Conserve Battery+1","Compile Driver","Conserve Battery","Machine Learning+1","Compile Driver+1","Barrage+1","Gash","Gash+1","White Noise+1","All For One","All For One+1","Sweeping Beam+1","Leap+1","Madness","Madness","Aggregate+1","Turbo","Go for the Eyes","Streamline","Defragment+1","Turbo+1","Gash+1","Coolheaded+1"],"relics":["Lizard Tail","Cables","Orichalcum","Whetstone","Bottled Flame","Ectoplasm","DataDisk","Omamori","Bronze Scales","Oddly Smooth Stone","PreservedInsect","Mercury Hourglass","Astrolabe","Shovel","Potion Belt","Happy Flower","War Paint","Smiling Mask","Red Mask"],"potions_floor_usage":[6,8,8,21,50,50,50,50],"damage_taken":[{"damage":1,"enemies":"Cultist","floor":1,"turns":3},{"damage":0,"enemies":"Jaw Worm","floor":2,"turns":4},{"damage":1,"enemies":"2 Louse","floor":3,"turns":2},{"damage":0,"enemies":"2 Fungi Beasts","floor":4,"turns":3},{"damage":5,"enemies":"Blue Slaver","floor":5,"turns":5},{"damage":6,"enemies":"Exordium Wildlife","floor":6,"turns":2},{"damage":17,"enemies":"Gremlin Nob","floor":8,"turns":5},{"damage":7,"enemies":"3 Sentries","floor":10,"turns":8},{"damage":8,"enemies":"Large Slime","floor":11,"turns":5},{"damage":14,"enemies":"Lagavulin","floor":13,"turns":4},{"damage":20,"enemies":"Slime Boss","floor":16,"turns":8},{"damage":1,"enemies":"Chosen","floor":18,"turns":4},{"damage":10,"enemies":"2 Thieves","floor":21,"turns":3},{"damage":12,"enemies":"Book of Stabbing","floor":24,"turns":5},{"damage":7,"enemies":"Gremlin Leader","floor":28,"turns":7},{"damage":0,"enemies":"Sentry and Sphere","floor":30,"turns":4},{"damage":42,"enemies":"Collector","floor":33,"turns":10},{"damage":2,"enemies":"Orb Walker","floor":35,"turns":3},{"damage":5,"enemies":"Mind Bloom Boss Battle","floor":38,"turns":5},{"damage":23,"enemies":"Reptomancer","floor":40,"turns":5},{"damage":0,"enemies":"Nemesis","floor":42,"turns":5},{"damage":4,"enemies":"3 Darklings","floor":44,"turns":5},{"damage":13,"enemies":"Giant Head","floor":46,"turns":7},{"damage":22,"enemies":"Maw","floor":48,"turns":5},{"damage":16,"enemies":"Awakened One","floor":50,"turns":7}],"seed_played":"9036006547734847193","potions_obtained":[{"floor":3,"key":"Regen Potion"},{"floor":4,"key":"SkillPotion"},{"floor":5,"key":"EssenceOfSteel"},{"floor":8,"key":"Strength Potion"},{"floor":16,"key":"Dexterity Potion"},{"floor":21,"key":"Ancient Potion"},{"floor":24,"key":"FocusPotion"},{"floor":38,"key":"LiquidBronze"},{"floor":40,"key":"Poison Potion"},{"floor":48,"key":"Dexterity Potion"}],"is_trial":false,"path_per_floor":["M","M","M","M","M","M","?","E","T","E","M","R","E","?","R","B",null,"M","?","$","M","$","R","E","R","T","?","E","R","M","T","R","B",null,"M","?","?","?","$","E","R","E","T","M","R","E","?","M","R","B",null],"character_chosen":"DEFECT","items_purchased":["DataDisk","Turbo","Go for the Eyes"],"campfire_rested":7,"item_purchase_floors":[20,39,39],"current_hp_per_floor":[74,74,73,73,68,62,62,57,57,50,42,64,50,35,57,37,66,65,65,65,55,55,55,43,65,65,65,58,58,58,58,75,33,65,63,63,54,49,49,26,48,48,48,44,66,53,53,31,53,37],"gold":0,"neow_bonus":"BOSS_RELIC","is_prod":false,"is_daily":false,"chose_seed":false,"campfire_upgraded":2,"win_rate":0,"timestamp":1547307457,"path_taken":["M","?","M","?","M","M","?","E","T","E","M","R","E","?","R","BOSS","M","?","$","M","$","R","E","R","T","?","E","R","M","?","R","BOSS","M","?","?","?","?","E","R","E","T","M","R","E","?","?","R","BOSS"],"build_version":"2019-01-10","purchased_purges":1,"victory":true,"max_hp_per_floor":[75,75,75,75,75,75,75,75,75,75,75,75,75,75,75,75,75,75,75,75,75,75,75,75,75,75,75,75,75,75,75,75,75,75,75,75,75,75,75,75,75,75,75,75,75,75,75,75,75,75],"card_choices":[{"not_picked":["Turbo","Scrape"],"picked":"Conserve Battery","floor":1},{"not_picked":["Cold Snap","Steam Power"],"picked":"Ball Lightning","floor":2},{"not_picked":["Barrage","Blizzard"],"picked":"Cold Snap","floor":3},{"not_picked":["White Noise","Stack"],"picked":"Reinforced Body","floor":4},{"not_picked":["Steam","Recycle"],"picked":"Compile Driver","floor":5},{"not_picked":["Hello World","Beam Cell"],"picked":"Go for the Eyes","floor":6},{"not_picked":["Consume","Buffer"],"picked":"Rebound","floor":8},{"not_picked":["Storm","Sweeping Beam"],"picked":"Conserve Battery","floor":10},{"not_picked":["Rebound","Redo"],"picked":"Compile Driver","floor":11},{"not_picked":["Sweeping Beam","Redo"],"picked":"Conserve Battery","floor":13},{"not_picked":["Hyperbeam","Biased Cognition"],"picked":"Machine Learning","floor":16},{"not_picked":["Hologram+1","Cold Snap"],"picked":"Compile Driver+1","floor":18},{"not_picked":["Double Energy","Go for the Eyes"],"picked":"Barrage+1","floor":21},{"not_picked":["Rebound+1","Recycle"],"picked":"Gash","floor":24},{"not_picked":["Lockon","Aggregate"],"picked":"Gash+1","floor":28},{"not_picked":["Barrage+1","Recycle"],"picked":"White Noise+1","floor":30},{"not_picked":["Amplify","Echo Form"],"picked":"All For One","floor":33},{"not_picked":["Glacier","Go for the Eyes"],"picked":"Chill","floor":35},{"not_picked":["Coolheaded","Tempest+1"],"picked":"Aggregate+1","floor":38},{"not_picked":["Fusion","Leap"],"picked":"Streamline","floor":40},{"not_picked":["Rip and Tear+1","Meteor Strike"],"picked":"Defragment+1","floor":42},{"not_picked":["Beam Cell","Steam"],"picked":"Turbo+1","floor":44},{"not_picked":["Force Field+1","Lockon+1"],"picked":"Gash+1","floor":46},{"not_picked":["Self Repair+1","White Noise+1"],"picked":"Coolheaded+1","floor":48}],"player_experience":208825,"relics_obtained":[{"floor":8,"key":"Cables"},{"floor":9,"key":"Orichalcum"},{"floor":10,"key":"Whetstone"},{"floor":13,"key":"Bottled Flame"},{"floor":24,"key":"Omamori"},{"floor":26,"key":"Bronze Scales"},{"floor":28,"key":"PreservedInsect"},{"floor":31,"key":"Mercury Hourglass"},{"floor":38,"key":"Shovel"},{"floor":40,"key":"Potion Belt"},{"floor":42,"key":"Happy Flower"},{"floor":43,"key":"War Paint"},{"floor":46,"key":"Smiling Mask"}],"event_choices":[{"cards_removed":["Defend_B"],"damage_healed":0,"gold_gain":0,"player_choice":"Card Removal","damage_taken":0,"max_hp_gain":0,"max_hp_loss":0,"event_name":"The Cleric","floor":7,"gold_loss":50},{"damage_healed":0,"gold_gain":0,"player_choice":"Entered Light","damage_taken":15,"max_hp_gain":0,"max_hp_loss":0,"event_name":"Shining Light","floor":14,"gold_loss":0,"cards_upgraded":["Defend_B","Compile Driver"]},{"damage_healed":0,"gold_gain":0,"player_choice":"Ignored","damage_taken":0,"max_hp_gain":0,"max_hp_loss":0,"event_name":"Vampires","floor":19,"gold_loss":0},{"damage_healed":0,"gold_gain":0,"player_choice":"Opened","damage_taken":0,"relics_obtained":["Oddly Smooth Stone"],"max_hp_gain":0,"max_hp_loss":0,"event_name":"The Mausoleum","floor":27,"gold_loss":0,"cards_obtained":["Writhe"]},{"cards_removed":["Chill"],"damage_healed":0,"gold_gain":0,"player_choice":"Removed Skill","damage_taken":0,"max_hp_gain":0,"max_hp_loss":0,"event_name":"Falling","floor":36,"gold_loss":0},{"damage_healed":0,"gold_gain":0,"player_choice":"Embrace Madness","damage_taken":9,"max_hp_gain":0,"max_hp_loss":0,"event_name":"Winding Halls","floor":37,"gold_loss":0,"cards_obtained":["Madness","Madness"]},{"damage_healed":0,"gold_gain":0,"player_choice":"Fight","damage_taken":0,"max_hp_gain":0,"max_hp_loss":0,"event_name":"MindBloom","floor":38,"gold_loss":0},{"damage_healed":0,"gold_gain":0,"player_choice":"Paid","damage_taken":0,"relics_obtained":["Red Mask"],"max_hp_gain":0,"max_hp_loss":0,"event_name":"Tomb of Lord Red Mask","floor":47,"gold_loss":54}],"is_beta":false,"boss_relics":[{"not_picked":["Empty Cage","Runic Dome"],"picked":"Ectoplasm"},{"not_picked":["Calling Bell","Coffee Dripper"],"picked":"Astrolabe"}],"items_purged_floors":[22],"is_endless":false,"potions_floor_spawned":[3,4,5,8,16,21,24,30,38,40,48],"ascension_level":5}