{"path_per_floor":["M","?","M","?","M","R","E","R","T","M","M","M","E","M","R"],"character_chosen":"IRONCLAD","items_purchased":[],"gold_per_floor":[119,119,136,136,151,151,179,179,179,193,213,229,264,277,277],"floor_reached":16,"campfire_rested":1,"playtime":722,"current_hp_per_floor":[80,73,68,52,48,72,45,45,59,60,56,58,50,43,43],"items_purged":[],"gold":277,"play_id":"b3e271b1-de3a-42dc-a0ba-687c8cb56b4a","is_prod":false,"is_daily":false,"campfire_rituals":0,"campfire_upgraded":2,"is_hardmode":false,"path_taken":["M","?","M","?","M","R","E","R","T","M","?","?","E","M","R","BOSS"],"build_version":"2017-12-21-PROD1","purchased_purges":0,"victory":false,"master_deck":["Strike_R","Strike_R","Strike_R","Strike_R","Defend_R","Defend_R","Defend_R","Defend_R","Bash","Fiend Fire","Thunderclap","Cleave","Flex","Armaments","Cleave","Cleave","Sever Soul","Limit Break"],"max_hp_per_floor":[80,80,80,80,80,80,80,80,94,94,94,94,94,94,94],"relics":["Burning Blood","Toxic Egg","Mango","Pantograph"],"campfire_meditates":0,"card_choices":[{"not_picked":["Power Through","Dropkick"],"picked":"Thunderclap"},{"not_picked":["Perfected Strike","Thunderclap"],"picked":"Cleave"},{"not_picked":["Shockwave","Wild Strike"],"picked":"Flex"},{"not_picked":["Second Wind","Body Slam"],"picked":"Armaments"},{"not_picked":["Body Slam","Iron Wave"],"picked":"Cleave"},{"not_picked":["Evolve","Anger"],"picked":"Cleave"},{"not_picked":["Combust","Sword Boomerang"],"picked":"Sever Soul"},{"not_picked":["Evolve","Wild Strike"],"picked":"Limit Break"}],"player_experience":72649,"potions_floor_usage":[7,16],"damage_taken":[{"damage":6,"enemies":"Cultist","floor":1,"turns":3},{"damage":11,"enemies":"Jaw Worm","floor":3,"turns":2},{"damage":10,"enemies":"Looter","floor":5,"turns":2},{"damage":33,"enemies":"Lagavulin","floor":7,"turns":6},{"damage":5,"enemies":"3 Louse","floor":10,"turns":2},{"damage":10,"enemies":"Exordium Thugs","floor":11,"turns":3},{"damage":4,"enemies":"Gremlin Gang","floor":12,"turns":3},{"damage":14,"enemies":"Gremlin Nob","floor":13,"turns":3},{"damage":13,"enemies":"Red Slaver","floor":14,"turns":2},{"damage":68,"enemies":"The Guardian","floor":16,"turns":8}],"event_choices":[{"event_name":"Golden Wing","player_choice":"Card Removal","floor":2,"damage_taken":0},{"event_name":"Shining Light","player_choice":"Entered Light","floor":4,"damage_taken":0}],"boss_relics":[],"potions_floor_spawned":[5,7,11],"seed_played":"-3434017628854129161","killed_by":"The Guardian","is_trial":false}