{"path_per_floor":["M","?","M","$","?","R","E","R","T","M","E","M","M","M","R","B"],"character_chosen":"IRONCLAD","items_purchased":["Inflame"],"gold_per_floor":[113,113,132,63,63,63,90,90,90,105,134,154,170,185,185,280],"floor_reached":17,"campfire_rested":0,"playtime":664,"current_hp_per_floor":[79,79,80,80,80,80,70,70,70,71,75,76,78,79,79,80],"items_purged":[],"gold":280,"score":184,"play_id":"4dc6b001-bc8f-489a-8309-c2b70a573a58","is_prod":false,"is_daily":false,"is_ascension_mode":true,"campfire_upgraded":3,"path_taken":["M","?","?","?","?","R","E","R","T","M","E","M","?","M","R","BOSS"],"build_version":"2018-02-08-BETA1","purchased_purges":0,"victory":false,"master_deck":["Strike_R","Strike_R","Strike_R","Strike_R","Defend_R","Defend_R","Defend_R","Defend_R","Bash","Pommel Strike","Inflame+1","Offering+1","Flex","Seeing Red","Thunderclap","Headbutt","Perfected Strike+1","Offering"],"max_hp_per_floor":[80,80,80,80,80,80,80,80,80,80,80,80,80,80,80,80],"relics":["Burning Blood","Bag of Marbles","Bird Faced Urn","Ice Cream","Blue Candle","Velvet Choker"],"card_choices":[{"not_picked":["Body Slam","Twin Strike"],"picked":"Pommel Strike"},{"not_picked":["Combust","Burning Pact"],"picked":"Offering"},{"not_picked":["Iron Wave","Sword Boomerang"],"picked":"Flex"},{"not_picked":["Armaments","Second Wind"],"picked":"Seeing Red"},{"not_picked":["Cleave","Twin Strike"],"picked":"Thunderclap"},{"not_picked":["Battle Trance","Cleave"],"picked":"Headbutt"},{"not_picked":["Body Slam","Thunderclap"],"picked":"Perfected Strike"},{"not_picked":["Barricade","Exhume"],"picked":"Offering"}],"player_experience":147177,"potions_floor_usage":[7,7,14,16],"damage_taken":[{"damage":7,"enemies":"Jaw Worm","floor":1,"turns":3},{"damage":1,"enemies":"Cultist","floor":3,"turns":3},{"damage":16,"enemies":"3 Sentries","floor":7,"turns":5},{"damage":7,"enemies":"Blue Slaver","floor":10,"turns":3},{"damage":4,"enemies":"Gremlin Nob","floor":11,"turns":2},{"damage":7,"enemies":"3 Louse","floor":12,"turns":2},{"damage":4,"enemies":"Gremlin Gang","floor":13,"turns":3},{"damage":7,"enemies":"Large Slime","floor":14,"turns":4},{"damage":4,"enemies":"Slime Boss","floor":16,"turns":5}],"event_choices":[{"event_name":"Purifier","player_choice":"One Purge","floor":2,"damage_taken":0},{"event_name":"The Lab","player_choice":"Got Potions","floor":5,"damage_taken":0}],"boss_relics":[{"not_picked":["Calling Bell","Philosopher\u0027s Stone"],"picked":"Velvet Choker"}],"potions_floor_spawned":[7,10,13,14],"seed_played":"-1131184483039824330","ascension_level":2,"is_trial":false}