{"path_per_floor":["M","M","M","?","M","R","M","R","T","M","$","M","M","?","R","B",null,"M","?","T","?","M","R","$","R","T","R","M","$","M","M","R","B",null,"M","?","M","$","T","E","R","E","T","R","?","M","M","M","R","B"],"character_chosen":"DEFECT","items_purchased":["All For One","Beam Cell+1","Orichalcum","Oddly Smooth Stone"],"gold_per_floor":[113,128,147,147,164,164,183,183,183,198,45,63,79,79,79,174,174,192,192,267,267,278,278,5,5,5,5,22,22,36,49,49,148,148,167,167,182,28,77,112,112,137,163,163,123,140,153,171,171,171],"floor_reached":51,"campfire_rested":1,"playtime":5734,"item_purchase_floors":[],"current_hp_per_floor":[75,75,75,80,80,80,72,72,72,63,63,63,63,51,51,51,80,75,75,75,40,38,38,38,38,38,38,38,38,30,30,30,30,40,35,35,35,35,35,28,28,28,28,28,28,28,28,28,40,40],"items_purged":["Strike_B","Strike_B"],"gold":171,"score":1041,"play_id":"1cd61ccd-855d-48a8-be62-906b9cb753e2","local_time":"20180622021759","is_prod":false,"is_daily":false,"chose_seed":false,"is_ascension_mode":true,"campfire_upgraded":9,"win_rate":0,"timestamp":1529644679,"campfire_choices":[{"data":"Redo","floor":6.0,"key":"SMITH"},{"data":"Coolheaded","floor":8.0,"key":"SMITH"},{"data":"Redo","floor":15.0,"key":"SMITH"},{"data":"Chill","floor":23.0,"key":"SMITH"},{"data":"Redo","floor":25.0,"key":"SMITH"},{"data":"Dualcast","floor":27.0,"key":"SMITH"},{"data":"Redo","floor":32.0,"key":"SMITH"},{"data":"Zap","floor":41.0,"key":"SMITH"},{"data":"FTL","floor":44.0,"key":"SMITH"},{"floor":49.0,"key":"REST"}],"path_taken":["M","M","M","?","M","R","M","R","T","M","$","M","M","?","R","BOSS","M","?","?","?","M","R","?","R","T","R","M","$","M","?","R","BOSS","M","?","?","?","?","E","R","E","T","R","?","M","M","?","R","BOSS"],"build_version":"2018-06-21","seed_source_timestamp":0,"purchased_purges":2,"circlet_count":0,"victory":true,"master_deck":["Strike_B+1","Strike_B+1","Defend_B","Defend_B","Defend_B","Zap+1","Dualcast+1","Conserve Battery","Redo+1","FTL+1","Coolheaded+1","Conserve Battery","Redo+1","All For One","Gash","Machine Learning","Chill+1","Ghostly","Ghostly","Ghostly","Ghostly","Ghostly","Redo+1","Beam Cell+1","Turbo+1","Redo+1","Echo Form+1","Go for the Eyes+1","Steam+1","Steam Power+1","Redo+1","Coolheaded+1"],"max_hp_per_floor":[75,75,75,80,80,80,80,80,80,80,80,80,80,80,80,80,80,80,80,80,40,40,40,40,40,40,40,40,40,40,40,40,40,40,40,40,40,40,40,40,40,40,40,40,40,40,40,40,40,40],"special_seed":0,"relics":["Cracked Core","Whetstone","Thread and Needle","Letter Opener","Inserter","Molten Egg 2","Orichalcum","Frozen Egg 2","Philosopher\u0027s Stone","Oddly Smooth Stone","Bag of Marbles","Ginger","Bottled Tornado","Boot"],"card_choices":[{"not_picked":["Steam","Force Field"],"picked":"Conserve Battery","floor":1.0},{"not_picked":["Cold Snap","Compile Driver"],"picked":"Redo","floor":2.0},{"not_picked":["Sweeping Beam","Darkness"],"picked":"FTL","floor":3.0},{"not_picked":["Hello World","Cold Snap"],"picked":"Coolheaded","floor":5.0},{"not_picked":["Beam Cell","Compile Driver"],"picked":"Conserve Battery","floor":7.0},{"not_picked":["Darkness","Conserve Battery"],"picked":"Redo","floor":10.0},{"not_picked":["Storm","Lockon","Streamline"],"picked":"SKIP","floor":12.0},{"not_picked":["All For One","Rebound"],"picked":"Gash","floor":13.0},{"not_picked":["Meteor Strike","Hyperbeam"],"picked":"Machine Learning","floor":16.0},{"not_picked":["Stack","Aggregate","Rebound"],"picked":"SKIP","floor":18.0},{"not_picked":["Multi-Cast","Conserve Battery"],"picked":"Redo","floor":22.0},{"not_picked":["Sweeping Beam+1","Tempest","Skim"],"picked":"SKIP","floor":28.0},{"not_picked":["Steam+1","Blizzard+1"],"picked":"Turbo+1","floor":30.0},{"not_picked":["Recycle","Conserve Battery+1"],"picked":"Redo","floor":31.0},{"not_picked":["Core Surge+1","Machine Learning+1"],"picked":"Echo Form+1","floor":33.0},{"not_picked":["Ball Lightning+1","Streamline+1"],"picked":"Go for the Eyes+1","floor":35.0},{"not_picked":["Streamline+1","Cold Snap+1"],"picked":"Steam+1","floor":37.0},{"not_picked":["Ball Lightning+1","Undo","Sunder+1"],"picked":"SKIP","floor":40.0},{"not_picked":["Hologram","Force Field"],"picked":"Steam Power+1","floor":42.0},{"not_picked":["Steam+1","Turbo+1"],"picked":"Redo+1","floor":46.0},{"not_picked":["Reprogram+1","Electrodynamics+1"],"picked":"Coolheaded+1","floor":47.0},{"not_picked":["Conserve Battery+1","Storm+1","Streamline+1"],"picked":"SKIP","floor":48.0}],"player_experience":249099,"potions_floor_usage":[50,50,50],"damage_taken":[{"damage":0.0,"enemies":"2 Louse","floor":1.0,"turns":2.0},{"damage":0.0,"enemies":"Jaw Worm","floor":2.0,"turns":3.0},{"damage":0.0,"enemies":"Cultist","floor":3.0,"turns":3.0},{"damage":0.0,"enemies":"Looter","floor":5.0,"turns":2.0},{"damage":8.0,"enemies":"Exordium Wildlife","floor":7.0,"turns":4.0},{"damage":9.0,"enemies":"Lots of Slimes","floor":10.0,"turns":3.0},{"damage":0.0,"enemies":"Looter","floor":12.0,"turns":3.0},{"damage":0.0,"enemies":"Blue Slaver","floor":13.0,"turns":3.0},{"damage":0.0,"enemies":"Slime Boss","floor":16.0,"turns":8.0},{"damage":5.0,"enemies":"3 Byrds","floor":18.0,"turns":3.0},{"damage":2.0,"enemies":"Shell Parasite","floor":22.0,"turns":5.0},{"damage":0.0,"enemies":"Snecko","floor":28.0,"turns":7.0},{"damage":8.0,"enemies":"Cultist and Chosen","floor":30.0,"turns":9.0},{"damage":0.0,"enemies":"Centurion and Healer","floor":31.0,"turns":6.0},{"damage":0.0,"enemies":"Collector","floor":33.0,"turns":11.0},{"damage":5.0,"enemies":"Orb Walker","floor":35.0,"turns":5.0},{"damage":0.0,"enemies":"3 Darklings","floor":37.0,"turns":6.0},{"damage":7.0,"enemies":"Nemesis","floor":40.0,"turns":9.0},{"damage":0.0,"enemies":"Giant Head","floor":42.0,"turns":9.0},{"damage":0.0,"enemies":"Sphere and 2 Shapes","floor":46.0,"turns":6.0},{"damage":0.0,"enemies":"Maw","floor":47.0,"turns":6.0},{"damage":0.0,"enemies":"4 Shapes","floor":48.0,"turns":4.0},{"damage":0,"enemies":"Awakened One","floor":50,"turns":17}],"relics_obtained":[{"floor":9.0,"key":"Thread and Needle"},{"floor":20.0,"key":"Molten Egg 2"},{"floor":26.0,"key":"Frozen Egg 2"},{"floor":39.0,"key":"Bag of Marbles"},{"floor":40.0,"key":"Ginger"},{"floor":42.0,"key":"Bottled Tornado"},{"floor":43.0,"key":"Boot"}],"event_choices":[{"event_name":"Big Fish","player_choice":"Donut","floor":4.0,"damage_taken":0.0},{"event_name":"Scrap Ooze","player_choice":"success","floor":14.0,"damage_taken":12.0},{"event_name":"The Library","player_choice":"Read","floor":19.0,"damage_taken":0.0},{"event_name":"Ghosts","player_choice":"Became a Ghost","floor":21.0,"damage_taken":0.0},{"event_name":"Wheel of Change","player_choice":"Card Removal","floor":36.0,"damage_taken":0.0},{"event_name":"The Woman in Blue","player_choice":"Bought 3 Potions","floor":45.0,"damage_taken":0.0}],"boss_relics":[{"not_picked":["Busted Crown","Runic Pyramid"],"picked":"Inserter"},{"not_picked":["Sozu","Snecko Eye"],"picked":"Philosopher\u0027s Stone"}],"items_purged_floors":[],"is_endless":false,"potions_floor_spawned":[2,3,7,12,18,28,30,33,47,48],"seed_played":"9142777329599974586","ascension_level":2,"potions_obtained":[{"floor":2.0,"key":"Ancient Potion"},{"floor":3.0,"key":"Poison Potion"},{"floor":7.0,"key":"FocusPotion"},{"floor":12.0,"key":"EssenceOfSteel"},{"floor":18.0,"key":"FearPotion"},{"floor":30.0,"key":"Weak Potion"},{"floor":33.0,"key":"Dexterity Potion"},{"floor":45.0,"key":"Dexterity Potion"},{"floor":45.0,"key":"Weak Potion"},{"floor":48.0,"key":"EssenceOfSteel"}],"is_trial":false}