{"gold_per_floor":[115,115,135,147,4,4,4,36,89,123,133,161,161,184,184,284,284,268,268,59,71,82,112,127,153,153,153],"floor_reached":27,"playtime":1634,"items_purged":["Regret"],"score":498,"play_id":"75311dad-12fd-4078-b834-1db95c354d5d","local_time":"20190116154600","is_ascension_mode":true,"campfire_choices":[{"floor":6,"key":"REST"},{"data":"Well Laid Plans","floor":13,"key":"SMITH"},{"data":"Footwork","floor":15,"key":"SMITH"}],"neow_cost":"NONE","seed_source_timestamp":1894235397410165,"circlet_count":0,"master_deck":["AscendersBane","Defend_G","Defend_G","Defend_G","Defend_G","Defend_G+1","Strike_G+1","Strike_G","Strike_G","Strike_G+1","Strike_G","Survivor","Neutralize","Footwork+1","Noxious Fumes+1","Cloak And Dagger","Deflect","Dagger Throw","Deflect+1","Noxious Fumes","Blur","Dodge and Roll","Well Laid Plans+1","Adrenaline","Sucker Punch","Footwork+1","Quick Slash+1","Sucker Punch"],"relics":["Orrery","Art of War","Happy Flower","Whetstone","Bag of Preparation","Gremlin Horn","Potion Belt","Velvet Choker","DollysMirror","Strawberry","Boot","Letter Opener"],"potions_floor_usage":[10,16,25,25],"damage_taken":[{"damage":6,"enemies":"Small Slimes","floor":1,"turns":4},{"damage":11,"enemies":"Jaw Worm","floor":3,"turns":5},{"damage":2,"enemies":"Cultist","floor":4,"turns":5},{"damage":3,"enemies":"3 Sentries","floor":8,"turns":7},{"damage":20,"enemies":"Gremlin Nob","floor":10,"turns":4},{"damage":0,"enemies":"Exordium Thugs","floor":11,"turns":6},{"damage":11,"enemies":"3 Sentries","floor":12,"turns":7},{"damage":0,"enemies":"Hexaghost","floor":16,"turns":10},{"damage":11,"enemies":"2 Thieves","floor":18,"turns":4},{"damage":0,"enemies":"Chosen","floor":21,"turns":8},{"damage":0,"enemies":"Shelled Parasite and Fungi","floor":22,"turns":7},{"damage":17,"enemies":"Gremlin Leader","floor":23,"turns":8},{"damage":0,"enemies":"Sentry and Sphere","floor":24,"turns":7},{"damage":31,"enemies":"Slavers","floor":25,"turns":7},{"damage":6,"enemies":"Snake Plant","floor":27,"turns":1}],"seed_played":"-5569840665226592514","potions_obtained":[{"floor":1,"key":"LiquidBronze"},{"floor":3,"key":"SpeedPotion"},{"floor":8,"key":"SkillPotion"},{"floor":16,"key":"Poison Potion"},{"floor":18,"key":"EssenceOfSteel"},{"floor":25,"key":"SteroidPotion"}],"is_trial":false,"path_per_floor":["M","?","M","M","$","R","?","E","T","E","M","E","R","T","R","B",null,"M","?","$","M","M","E","M","E","T","M"],"character_chosen":"THE_SILENT","items_purchased":["Noxious Fumes","DollysMirror"],"campfire_rested":1,"item_purchase_floors":[5,20],"current_hp_per_floor":[57,57,46,44,44,65,51,48,48,28,28,17,17,17,17,17,57,46,46,46,46,46,36,36,5,5,0],"gold":153,"neow_bonus":"BOSS_RELIC","is_prod":false,"is_daily":false,"chose_seed":false,"campfire_upgraded":2,"win_rate":0,"timestamp":1547653560,"path_taken":["M","?","M","M","$","R","?","E","T","E","M","E","R","?","R","BOSS","M","?","$","M","?","E","M","E","T","M"],"build_version":"2019-01-10","purchased_purges":1,"victory":false,"max_hp_per_floor":[70,70,70,70,70,70,70,70,70,70,70,70,70,70,70,70,70,70,70,70,70,70,77,77,77,77,77],"card_choices":[{"not_picked":["Riddle With Holes","Outmaneuver"],"picked":"Footwork","floor":0},{"not_picked":["Envenom","Prepared"],"picked":"Noxious Fumes","floor":0},{"not_picked":["Heel Hook","Backflip"],"picked":"Cloak And Dagger","floor":0},{"not_picked":["PiercingWail","Cloak And Dagger"],"picked":"Deflect","floor":0},{"not_picked":["Prepared","Deflect","Poisoned Stab"],"picked":"SKIP","floor":1},{"not_picked":["Cloak And Dagger","A Thousand Cuts"],"picked":"Dagger Throw","floor":3},{"not_picked":["Dagger Throw","Infinite Blades"],"picked":"Deflect","floor":4},{"not_picked":["Distraction","Prepared","Expertise"],"picked":"SKIP","floor":8},{"not_picked":["Finisher","Flying Knee"],"picked":"Blur","floor":10},{"not_picked":["Cloak And Dagger","Masterful Stab"],"picked":"Dodge and Roll","floor":11},{"not_picked":["Flechettes","Calculated Gamble"],"picked":"Well Laid Plans","floor":12},{"not_picked":["Doppelganger","A Thousand Cuts"],"picked":"Adrenaline","floor":16},{"not_picked":["Well Laid Plans","Underhanded Strike"],"picked":"Sucker Punch","floor":18},{"not_picked":["Flying Knee","Deadly Poison"],"picked":"Quick Slash+1","floor":21},{"not_picked":["Underhanded Strike+1","Prepared"],"picked":"Sucker Punch","floor":22},{"not_picked":["After Image","Dagger Spray","Quick Slash"],"picked":"SKIP","floor":23},{"not_picked":["All Out Attack","Flechettes","Sucker Punch"],"picked":"SKIP","floor":24},{"not_picked":["Concentrate","Tactician+1","Flechettes"],"picked":"SKIP","floor":25}],"player_experience":359062,"relics_obtained":[{"floor":8,"key":"Happy Flower"},{"floor":9,"key":"Whetstone"},{"floor":10,"key":"Bag of Preparation"},{"floor":12,"key":"Gremlin Horn"},{"floor":14,"key":"Potion Belt"},{"floor":23,"key":"Strawberry"},{"floor":25,"key":"Boot"},{"floor":26,"key":"Letter Opener"}],"event_choices":[{"damage_healed":0,"gold_gain":0,"player_choice":"Box","damage_taken":0,"relics_obtained":["Art of War"],"max_hp_gain":0,"max_hp_loss":0,"event_name":"Big Fish","floor":2,"gold_loss":0,"cards_obtained":["Regret"]},{"damage_healed":0,"gold_gain":0,"player_choice":"Entered Light","damage_taken":14,"max_hp_gain":0,"max_hp_loss":0,"event_name":"Shining Light","floor":7,"gold_loss":0,"cards_upgraded":["Defend_G","Noxious Fumes"]},{"damage_healed":0,"gold_gain":0,"player_choice":"Upgraded","damage_taken":0,"max_hp_gain":0,"max_hp_loss":0,"event_name":"Upgrade Shrine","floor":19,"gold_loss":0,"cards_upgraded":["Deflect"]}],"is_beta":false,"boss_relics":[{"not_picked":["Philosopher\u0027s Stone","Empty Cage"],"picked":"Velvet Choker"}],"items_purged_floors":[5],"is_endless":false,"potions_floor_spawned":[1,3,8,16,18,25],"killed_by":"Snake Plant","ascension_level":11}