{"gold_per_floor":[118,46,46,59,59,59,23,23,23,37,48,67,67,67,67,169,169,182,182,201,87,97,97,112,126,149,160,160,160,176,186,186,186],"floor_reached":33,"playtime":2033,"items_purged":["Strike_R"],"score":301,"play_id":"df6d2188-ee95-46e7-a466-51768d4a6341","local_time":"20190422015611","is_ascension_mode":true,"campfire_choices":[{"data":"Body Slam","floor":6,"key":"SMITH"},{"data":"Carnage","floor":8,"key":"SMITH"},{"data":"Bash","floor":15,"key":"SMITH"},{"data":"Searing Blow","floor":23,"key":"SMITH"},{"data":"Searing Blow+1","floor":29,"key":"SMITH"},{"floor":32,"key":"REST"}],"neow_cost":"NONE","seed_source_timestamp":136329430143510,"circlet_count":0,"master_deck":["Strike_R+1","Strike_R+1","Strike_R","Defend_R","Defend_R","Defend_R","Defend_R","Bash+1","Body Slam+1","Rampage+1","Shrug It Off","Carnage+1","Shrug It Off","Reaper","Combust+1","Anger","Searing Blow+2","Inflame","Clothesline+1","Carnage","Burning Pact","Evolve","Entrench+1"],"relics":["Velvet Choker","NlothsMask","Letter Opener","Mark of Pain","Red Skull","Sundial"],"potions_floor_usage":[18,25,27,31,33],"damage_taken":[{"damage":1,"enemies":"Cultist","floor":1,"turns":4},{"damage":4,"enemies":"Jaw Worm","floor":4,"turns":3},{"damage":1,"enemies":"2 Louse","floor":10,"turns":2},{"damage":0,"enemies":"Blue Slaver","floor":11,"turns":2},{"damage":0,"enemies":"Exordium Wildlife","floor":12,"turns":2},{"damage":32,"enemies":"Hexaghost","floor":16,"turns":7},{"damage":0,"enemies":"3 Byrds","floor":18,"turns":4},{"damage":0,"enemies":"Chosen","floor":20,"turns":3},{"damage":16,"enemies":"3 Cultists","floor":22,"turns":5},{"damage":18,"enemies":"Snecko","floor":24,"turns":4},{"damage":0,"enemies":"Snake Plant","floor":25,"turns":2},{"damage":0,"enemies":"Sentry and Sphere","floor":27,"turns":3},{"damage":7,"enemies":"Cultist and Chosen","floor":30,"turns":4},{"damage":18,"enemies":"Shelled Parasite and Fungi","floor":31,"turns":4},{"damage":104,"enemies":"Collector","floor":33,"turns":6}],"seed_played":"-3107947405633743243","potions_obtained":[{"floor":1,"key":"Energy Potion"},{"floor":10,"key":"Ancient Potion"},{"floor":16,"key":"AttackPotion"},{"floor":24,"key":"Block Potion"},{"floor":25,"key":"SpeedPotion"},{"floor":30,"key":"SkillPotion"}],"is_trial":false,"path_per_floor":["M","$","?","M","?","R","$","R","T","M","M","M","?","T","R","B",null,"M","?","M","$","M","R","M","M","T","M","T","R","M","M","R","B"],"character_chosen":"IRONCLAD","items_purchased":["Rampage","Carnage","Inflame"],"campfire_rested":1,"item_purchase_floors":[2,7,21],"current_hp_per_floor":[79,79,79,75,75,75,75,75,75,74,74,74,58,58,58,26,67,71,71,71,71,64,64,50,50,50,50,50,50,51,43,67,0],"gold":186,"neow_bonus":"BOSS_RELIC","is_prod":false,"is_daily":false,"chose_seed":false,"campfire_upgraded":5,"win_rate":0,"timestamp":1555919771,"path_taken":["M","?","?","M","?","R","$","R","T","M","M","?","?","?","R","BOSS","M","?","M","?","?","R","M","M","T","M","?","R","M","M","R","BOSS"],"build_version":"2019-01-23","purchased_purges":1,"victory":false,"max_hp_per_floor":[80,80,80,80,80,80,80,80,80,80,80,80,80,80,80,80,80,80,80,80,80,80,80,80,80,80,80,80,80,80,80,80,80],"card_choices":[{"not_picked":["Infernal Blade","Sentinel"],"picked":"Body Slam","floor":1},{"not_picked":["Heavy Blade","Feel No Pain"],"picked":"Shrug It Off","floor":4},{"not_picked":["Twin Strike","Pummel","Dropkick"],"picked":"SKIP","floor":10},{"not_picked":["Headbutt","Pommel Strike"],"picked":"Shrug It Off","floor":11},{"not_picked":["Anger","Heavy Blade","Wild Strike"],"picked":"SKIP","floor":12},{"not_picked":["Offering","Impervious"],"picked":"Reaper","floor":16},{"not_picked":["Heavy Blade+1","Armaments"],"picked":"Combust+1","floor":18},{"not_picked":["Anger+1","Reckless Charge+1"],"picked":"Searing Blow","floor":20},{"not_picked":["Dropkick","Inflame"],"picked":"Clothesline+1","floor":22},{"not_picked":["Headbutt","Pummel"],"picked":"Carnage","floor":24},{"not_picked":["Ghostly Armor","Clash+1"],"picked":"Burning Pact","floor":25},{"not_picked":["Hemokinesis","Bludgeon","Combust+1"],"picked":"SKIP","floor":27},{"not_picked":["Power Through","Clothesline"],"picked":"Evolve","floor":30},{"not_picked":["Sword Boomerang","Cleave"],"picked":"Entrench+1","floor":31}],"player_experience":442688,"relics_obtained":[{"floor":14,"key":"Letter Opener"},{"floor":26,"key":"Red Skull"},{"floor":28,"key":"Sundial"}],"event_choices":[{"damage_healed":0,"gold_gain":0,"player_choice":"Grow","damage_taken":0,"max_hp_gain":0,"max_hp_loss":0,"event_name":"Living Wall","floor":3,"gold_loss":0,"cards_upgraded":["Rampage"]},{"damage_healed":0,"gold_gain":0,"player_choice":"Trade","damage_taken":0,"relics_obtained":["NlothsMask"],"max_hp_gain":0,"max_hp_loss":0,"event_name":"FaceTrader","floor":5,"gold_loss":0},{"damage_healed":0,"gold_gain":0,"player_choice":"Entered Light","damage_taken":16,"max_hp_gain":0,"max_hp_loss":0,"event_name":"Shining Light","floor":13,"gold_loss":0,"cards_upgraded":["Strike_R","Strike_R"]},{"damage_healed":0,"gold_gain":0,"cards_transformed":["Strike_R"],"player_choice":"Transformed","damage_taken":0,"max_hp_gain":0,"max_hp_loss":0,"event_name":"Transmorgrifier","floor":19,"gold_loss":0,"cards_obtained":["Anger"]}],"is_beta":false,"boss_relics":[{"not_picked":["Ectoplasm","Cursed Key"],"picked":"Mark of Pain"}],"items_purged_floors":[21],"is_endless":false,"potions_floor_spawned":[1,10,16,24,25,30],"killed_by":"Collector","ascension_level":5}