{"gold_per_floor":[112,130,148,163,173,199,199,224,248,248,276,151,163,180,180,278,278,288,320,23,23],"floor_reached":21,"playtime":897,"items_purged":[],"score":296,"play_id":"10f239db-5c6b-4dac-aa10-70b9cfa0903b","local_time":"20180710181829","is_ascension_mode":true,"campfire_choices":[{"floor":7,"key":"REST"},{"floor":10,"key":"REST"},{"data":"Loop","floor":15,"key":"SMITH"}],"neow_cost":"","seed_source_timestamp":2461607929449,"circlet_count":0,"master_deck":["Strike_B","Strike_B","Strike_B","Strike_B","Defend_B","Defend_B","Defend_B","Defend_B","Zap","Dualcast","Loop+1","Ball Lightning","Coolheaded","Hologram","Conserve Battery","Aggregate","Chill","BootSequence","Jack Of All Trades","Leap","Reinforced Body","Creative AI"],"relics":["Cracked Core","Symbiotic Virus","Happy Flower","Strawberry","Blood Vial","Snecko Eye","Dead Branch"],"potions_floor_usage":[5,6,8,13,18],"damage_taken":[{"damage":0,"enemies":"2 Louse","floor":1,"turns":2},{"damage":0,"enemies":"Cultist","floor":2,"turns":3},{"damage":7,"enemies":"Jaw Worm","floor":3,"turns":3},{"damage":4,"enemies":"Exordium Wildlife","floor":4,"turns":5},{"damage":0,"enemies":"Large Slime","floor":5,"turns":5},{"damage":29,"enemies":"Lagavulin","floor":6,"turns":6},{"damage":17,"enemies":"Gremlin Nob","floor":8,"turns":4},{"damage":14,"enemies":"Lagavulin","floor":11,"turns":5},{"damage":3,"enemies":"Red Slaver","floor":13,"turns":4},{"damage":0,"enemies":"Exordium Wildlife","floor":14,"turns":7},{"damage":14,"enemies":"Hexaghost","floor":16,"turns":8},{"damage":0,"enemies":"Spheric Guardian","floor":18,"turns":2},{"damage":33,"enemies":"2 Thieves","floor":19,"turns":4},{"damage":44,"enemies":"Snake Plant","floor":21,"turns":5}],"seed_played":"1041746265772357890","potions_obtained":[{"floor":2,"key":"Ancient Potion"},{"floor":3,"key":"Swift Potion"},{"floor":4,"key":"AttackPotion"},{"floor":6,"key":"Swift Potion"},{"floor":11,"key":"Weak Potion"},{"floor":16,"key":"AttackPotion"},{"floor":19,"key":"Strength Potion"}],"is_trial":false,"path_per_floor":["M","M","M","M","M","E","R","E","T","R","E","$","M","M","R","B",null,"M","M","$"],"character_chosen":"DEFECT","items_purchased":["BootSequence","Jack Of All Trades","Dead Branch"],"campfire_rested":2,"item_purchase_floors":[12,12,20],"current_hp_per_floor":[68,68,61,57,57,28,50,33,40,64,50,50,49,51,51,39,71,73,42,42,0],"gold":23,"neow_bonus":"","is_prod":false,"is_daily":false,"chose_seed":false,"campfire_upgraded":1,"win_rate":0,"timestamp":1531268309,"path_taken":["M","M","M","M","M","E","R","E","T","R","E","$","M","M","R","BOSS","M","M","$","M"],"build_version":"2018-07-09","purchased_purges":0,"victory":false,"max_hp_per_floor":[75,75,75,75,75,75,75,75,82,82,82,82,82,82,82,82,82,82,82,82,82],"card_choices":[{"not_picked":["Stack","Redo"],"picked":"Loop","floor":1},{"not_picked":["Undo","Sunder"],"picked":"Ball Lightning","floor":2},{"not_picked":["Genetic Algorithm","Ball Lightning"],"picked":"Coolheaded","floor":3},{"not_picked":["Recycle","Machine Learning"],"picked":"Hologram","floor":4},{"not_picked":["Sunder","Barrage"],"picked":"Conserve Battery","floor":5},{"not_picked":["Stack","Doom and Gloom"],"picked":"Aggregate","floor":6},{"not_picked":["Reprogram","Streamline","Double Energy"],"picked":"SKIP","floor":8},{"not_picked":["Force Field","Rip and Tear"],"picked":"Chill","floor":11},{"not_picked":["Hologram","Conserve Battery"],"picked":"Leap","floor":13},{"not_picked":["Turbo","Reprogram"],"picked":"Reinforced Body","floor":14},{"not_picked":["Hyperbeam","Biased Cognition"],"picked":"Creative AI","floor":16},{"not_picked":["Ball Lightning","Gash","Barrage"],"picked":"SKIP","floor":18},{"not_picked":["Heatsinks","White Noise","Rebound"],"picked":"SKIP","floor":19}],"player_experience":457393,"relics_obtained":[{"floor":6,"key":"Symbiotic Virus"},{"floor":8,"key":"Happy Flower"},{"floor":9,"key":"Strawberry"},{"floor":11,"key":"Blood Vial"}],"event_choices":[],"boss_relics":[{"not_picked":["Fusion Hammer","Calling Bell"],"picked":"Snecko Eye"}],"items_purged_floors":[],"is_endless":false,"potions_floor_spawned":[2,3,4,6,11,16,19],"killed_by":"Snake Plant","ascension_level":6}