{"path_per_floor":["M","M","?","M","M","R","M","M","T","?","R","M","R","$","R","B",null,"M","?","?","M","?","R","M"],"character_chosen":"IRONCLAD","items_purchased":["Hemokinesis"],"gold_per_floor":[13,25,25,41,61,61,74,92,92,92,92,108,108,33,33,128,128,146,146,146,164,264,264,274],"floor_reached":25,"campfire_rested":2,"playtime":1377,"current_hp_per_floor":[76,72,72,62,62,62,48,20,20,20,44,42,66,66,66,43,80,61,61,61,45,45,45,16],"items_purged":[],"gold":274,"play_id":"2490262d-7c86-467e-9c3a-0624b7b0ed0d","is_prod":false,"is_daily":false,"campfire_rituals":0,"campfire_upgraded":3,"is_hardmode":false,"path_taken":["M","M","?","M","M","R","M","M","T","?","R","M","R","$","R","BOSS","M","?","?","M","?","R","M","?"],"build_version":"2017-12-21-PROD1","purchased_purges":0,"victory":false,"master_deck":["Strike_R","Strike_R","Strike_R","Strike_R","Strike_R","Defend_R","Defend_R","Defend_R","Defend_R","Bash","Double Tap","Rampage","Inflame","Heavy Blade","Clash","Rage","Hemokinesis","Limit Break","Offering","Pummel","Thunderclap","Dual Wield","Thunderclap"],"max_hp_per_floor":[80,80,80,80,80,80,80,80,80,80,80,80,80,80,80,80,80,80,80,80,80,80,80,80],"relics":["Burning Blood","Bronze Scales","Astrolabe","Kunai"],"campfire_meditates":0,"card_choices":[{"not_picked":["Limit Break","Offering"],"picked":"Double Tap"},{"not_picked":["Headbutt","Metallicize"],"picked":"Rampage"},{"not_picked":["Shockwave","Feel No Pain"],"picked":"Inflame"},{"not_picked":["Rampage","Rupture"],"picked":"Heavy Blade"},{"not_picked":["Rupture","Sword Boomerang"],"picked":"Clash"},{"not_picked":["Flex","Corruption"],"picked":"Rage"},{"not_picked":["Clash","Blood for Blood"],"picked":"Flame Barrier"},{"not_picked":["Hemokinesis","Dual Wield"],"picked":"Bloodletting"},{"not_picked":["Brutality","Offering"],"picked":"Impervious"},{"not_picked":["Heavy Blade","Clothesline"],"picked":"Thunderclap"},{"not_picked":["Intimidate","Shockwave"],"picked":"Dual Wield"},{"not_picked":["Second Wind","Shrug It Off"],"picked":"Thunderclap"}],"player_experience":15863,"potions_floor_usage":[],"damage_taken":[{"damage":10,"enemies":"Jaw Worm","floor":1,"turns":4},{"damage":10,"enemies":"Cultist","floor":2,"turns":4},{"damage":16,"enemies":"Blue Slaver","floor":4,"turns":4},{"damage":6,"enemies":"Large Slime","floor":5,"turns":5},{"damage":20,"enemies":"Exordium Thugs","floor":7,"turns":4},{"damage":34,"enemies":"Exordium Wildlife","floor":8,"turns":6},{"damage":8,"enemies":"3 Louse","floor":12,"turns":2},{"damage":29,"enemies":"Slime Boss","floor":16,"turns":7},{"damage":25,"enemies":"Shell Parasite","floor":18,"turns":3},{"damage":22,"enemies":"2 Thieves","floor":21,"turns":3},{"damage":35,"enemies":"Snake Plant","floor":24,"turns":3},{"damage":16,"enemies":"3 Cultists","floor":25,"turns":3}],"event_choices":[{"event_name":"Golden Wing","player_choice":"Ignored","floor":3,"damage_taken":0},{"event_name":"Liars Game","player_choice":"disagreed","floor":10,"damage_taken":0},{"event_name":"Beggar","player_choice":"Ignored","floor":19,"damage_taken":0},{"event_name":"Wheel of Change","player_choice":"Relic","floor":20,"damage_taken":0},{"event_name":"Golden Shrine","player_choice":"Pray","floor":22,"damage_taken":0}],"boss_relics":[{"not_picked":["Snecko Eye","Velvet Choker"],"picked":"Astrolabe"}],"potions_floor_spawned":[1,5,8,12],"seed_played":"997644314734255130","killed_by":"3 Cultists","is_trial":false}