{"gold_per_floor":[109,59,72,72,21,32,32,48,48,48,109,128,148,164,164,164],"floor_reached":16,"playtime":432,"items_purged":[],"score":94,"play_id":"d4c92525-0bf9-4fcc-8b1d-bae7a30a8b2e","local_time":"20190427151612","is_ascension_mode":false,"campfire_choices":[{"floor":15,"key":"REST"}],"neow_cost":"NONE","seed_source_timestamp":3464880316039304,"circlet_count":0,"master_deck":["Strike_R","Strike_R","Strike_R","Strike_R","Defend_R","Defend_R","Defend_R","Bash","Shockwave","Armaments","Shockwave","Decay","Thunderclap","Anger","Corruption","Dark Embrace","Shrug It Off","Infernal Blade"],"relics":["Burning Blood","Bottled Flame","Ginger"],"potions_floor_usage":[11,11,11,14],"damage_taken":[{"damage":2,"enemies":"Small Slimes","floor":1,"turns":4},{"damage":6,"enemies":"Cultist","floor":3,"turns":3},{"damage":20,"enemies":"Jaw Worm","floor":6,"turns":3},{"damage":13,"enemies":"3 Louse","floor":8,"turns":4},{"damage":15,"enemies":"Lagavulin Event","floor":11,"turns":3},{"damage":23,"enemies":"Exordium Thugs","floor":12,"turns":5},{"damage":18,"enemies":"Large Slime","floor":13,"turns":6},{"damage":8,"enemies":"2 Fungi Beasts","floor":14,"turns":4},{"damage":40,"enemies":"Slime Boss","floor":16,"turns":7}],"seed_played":"-6437404744950339445","potions_obtained":[{"floor":6,"key":"AttackPotion"},{"floor":8,"key":"AttackPotion"},{"floor":12,"key":"Ancient Potion"},{"floor":14,"key":"LiquidBronze"}],"is_trial":false,"path_per_floor":["M","?","M","?","$","M","?","M","T","$","?","M","M","M","R","B"],"character_chosen":"IRONCLAD","items_purchased":["PowerPotion"],"campfire_rested":1,"item_purchase_floors":[5],"current_hp_per_floor":[80,80,80,80,80,66,59,52,52,52,43,26,14,12,36,0],"gold":164,"neow_bonus":"THREE_CARDS","is_prod":false,"is_daily":false,"chose_seed":false,"campfire_upgraded":0,"win_rate":0,"timestamp":1556374572,"path_taken":["M","?","M","?","$","?","?","M","T","$","?","M","M","M","R","BOSS"],"build_version":"2019-01-23","purchased_purges":0,"victory":false,"max_hp_per_floor":[80,80,80,80,80,80,80,80,80,80,80,80,80,80,80,80],"card_choices":[{"not_picked":["Flex","Clothesline"],"picked":"Shockwave","floor":0},{"not_picked":["Perfected Strike","Clothesline"],"picked":"Armaments","floor":1},{"not_picked":["Clothesline","Feel No Pain"],"picked":"Shockwave","floor":3},{"not_picked":["Disarm","Perfected Strike"],"picked":"Thunderclap","floor":6},{"not_picked":["Rupture","Burning Pact"],"picked":"Anger","floor":8},{"not_picked":["Body Slam","Feel No Pain"],"picked":"Corruption","floor":11},{"not_picked":["True Grit","Intimidate"],"picked":"Dark Embrace","floor":12},{"not_picked":["Reckless Charge","Wild Strike"],"picked":"Shrug It Off","floor":13},{"not_picked":["Rampage","Hemokinesis"],"picked":"Infernal Blade","floor":14}],"player_experience":702784,"relics_obtained":[{"floor":9,"key":"Bottled Flame"},{"floor":11,"key":"Ginger"}],"event_choices":[{"cards_removed":["Strike_R"],"damage_healed":0,"gold_gain":0,"player_choice":"Card Removal","damage_taken":0,"max_hp_gain":0,"max_hp_loss":0,"event_name":"The Cleric","floor":2,"gold_loss":50},{"damage_healed":0,"gold_gain":0,"player_choice":"Cursed","damage_taken":0,"max_hp_gain":0,"max_hp_loss":0,"event_name":"Wheel of Change","floor":4,"gold_loss":0,"cards_obtained":["Decay"]},{"cards_removed":["Defend_R"],"damage_healed":0,"gold_gain":0,"player_choice":"Card Removal","damage_taken":7,"max_hp_gain":0,"max_hp_loss":0,"event_name":"Golden Wing","floor":7,"gold_loss":0},{"damage_healed":0,"gold_gain":0,"player_choice":"Searched \u00271\u0027 times","damage_taken":0,"max_hp_gain":0,"max_hp_loss":0,"event_name":"Dead Adventurer","floor":11,"gold_loss":0}],"is_beta":false,"boss_relics":[],"items_purged_floors":[],"is_endless":false,"potions_floor_spawned":[6,8,12,14],"killed_by":"Slime Boss","ascension_level":0}