{"gold_per_floor":[130,162,180,180,213,213,213,288,337,377,89,132,132,173,173,297,297,334,376,413,613,629,629,336,353,378,378,402,19,83,83,83,185,185,224,224,224,240,240,38,38,101,153,153,153,193,193,209,209,209],"floor_reached":51,"playtime":2323,"items_purged":["Strike_B","Strike_B","Strike_B","Defend_B"],"score":691,"play_id":"b9c2e366-481b-4af3-8542-988c65958e2f","local_time":"20190208234012","is_ascension_mode":false,"campfire_choices":[{"data":"HandOfGreed","floor":6,"key":"SMITH"},{"data":"Coolheaded","floor":13,"key":"SMITH"},{"data":"Skim","floor":15,"key":"SMITH"},{"floor":23,"key":"REST"},{"floor":32,"key":"REST"},{"data":"Defragment","floor":41,"key":"SMITH"},{"floor":44,"key":"REST"},{"floor":49,"key":"REST"}],"neow_cost":"TEN_PERCENT_HP_LOSS","seed_source_timestamp":709237565122565,"circlet_count":0,"master_deck":["Defend_B+1","Defend_B+1","Defend_B+1","Zap+1","Dualcast+1","HandOfGreed+1","Finesse+1","Gash+1","Auto Shields+1","Turbo+1","Skim+1","Finesse+1","Undo+1","Sweeping Beam+1","Coolheaded+1","Echo Form+1","Gash+1","Glacier+1","Defragment+1","Flash of Steel+1","Master of Strategy+1","Conserve Battery+1","Stack+1","Skim+1","Stack+1","Turbo+1"],"relics":["Cracked Core","Mark of the Bloom"],"potions_floor_usage":[3,3,16,25,33,50,50],"damage_taken":[{"damage":4,"enemies":"Cultist","floor":1,"turns":4},{"damage":1,"enemies":"2 Louse","floor":2,"turns":2},{"damage":0,"enemies":"Jaw Worm","floor":3,"turns":2},{"damage":5,"enemies":"Looter","floor":5,"turns":3},{"damage":8,"enemies":"Red Slaver","floor":10,"turns":2},{"damage":5,"enemies":"Exordium Wildlife","floor":12,"turns":4},{"damage":0,"enemies":"2 Fungi Beasts","floor":14,"turns":2},{"damage":11,"enemies":"Slime Boss","floor":16,"turns":8},{"damage":6,"enemies":"Chosen","floor":18,"turns":5},{"damage":9,"enemies":"Spheric Guardian","floor":19,"turns":5},{"damage":32,"enemies":"Snake Plant","floor":20,"turns":6},{"damage":8,"enemies":"Snecko","floor":22,"turns":6},{"damage":10,"enemies":"Chosen and Byrds","floor":25,"turns":6},{"damage":3,"enemies":"Centurion and Healer","floor":30,"turns":9},{"damage":14,"enemies":"Automaton","floor":33,"turns":13},{"damage":14,"enemies":"3 Shapes","floor":35,"turns":9},{"damage":17,"enemies":"Orb Walker","floor":38,"turns":7},{"damage":7,"enemies":"4 Shapes","floor":42,"turns":8},{"damage":2,"enemies":"Sphere and 2 Shapes","floor":46,"turns":6},{"damage":6,"enemies":"Maw","floor":48,"turns":9},{"damage":31,"enemies":"Time Eater","floor":50,"turns":22}],"seed_played":"-1947305264611003712","potions_obtained":[{"floor":2,"key":"EntropicBrew"},{"floor":10,"key":"Fire Potion"},{"floor":20,"key":"SteroidPotion"},{"floor":30,"key":"Energy Potion"},{"floor":35,"key":"SteroidPotion"}],"is_trial":false,"path_per_floor":["M","M","M","T","M","R","?","?","T","M","$","M","R","M","R","B",null,"M","M","M","?","M","R","$","M","T","?","T","$","M","?","R","B",null,"M","?","?","M","?","$","R","M","T","R","?","M","?","M","R","B",null],"character_chosen":"DEFECT","items_purchased":["Finesse","Undo","Sweeping Beam","Glacier","Defragment","Flash of Steel","Master of Strategy","Conserve Battery","Swift Potion","Dexterity Potion"],"campfire_rested":4,"item_purchase_floors":[11,11,11,24,24,24,29,29,29,40],"current_hp_per_floor":[64,63,63,63,58,58,58,47,47,39,39,34,34,34,34,23,68,62,53,21,21,13,33,33,23,23,23,23,23,20,42,62,48,68,54,54,54,37,37,37,37,30,30,50,50,48,48,42,42,11],"gold":209,"neow_bonus":"RANDOM_COLORLESS_2","is_prod":false,"is_daily":false,"chose_seed":false,"campfire_upgraded":4,"win_rate":0,"timestamp":1549669212,"path_taken":["M","?","M","?","M","R","?","?","T","M","$","?","R","M","R","BOSS","M","M","M","?","M","R","$","?","T","?","?","$","M","?","R","BOSS","M","?","?","M","?","$","R","?","T","R","?","M","?","M","R","BOSS"],"build_version":"2019-01-23","purchased_purges":4,"victory":true,"max_hp_per_floor":[68,68,68,68,68,68,68,68,68,68,68,68,68,68,68,68,68,68,68,68,68,68,68,68,68,68,68,68,68,68,68,68,68,68,68,68,68,68,68,68,68,68,68,68,68,68,68,68,68,68],"card_choices":[{"not_picked":["Steam","Redo","Go for the Eyes"],"picked":"SKIP","floor":1},{"not_picked":["Conserve Battery","Stack"],"picked":"Gash","floor":2},{"not_picked":["Heatsinks","Self Repair"],"picked":"Auto Shields","floor":3},{"not_picked":["Reinforced Body","Rebound"],"picked":"Turbo","floor":5},{"not_picked":["Amplify","Streamline"],"picked":"Skim","floor":10},{"not_picked":["Rebound","Steam"],"picked":"Coolheaded","floor":12},{"not_picked":["Fusion","Cold Snap","Self Repair"],"picked":"SKIP","floor":14},{"not_picked":["Seek","Buffer"],"picked":"Echo Form","floor":16},{"not_picked":["Steam Power+1","Tempest","Steam"],"picked":"SKIP","floor":18},{"not_picked":["Ball Lightning","Redo","Barrage+1"],"picked":"SKIP","floor":19},{"not_picked":["Static Discharge","Barrage"],"picked":"Gash","floor":20},{"not_picked":["Cold Snap+1","Rip and Tear+1","Sweeping Beam"],"picked":"SKIP","floor":22},{"not_picked":["Sweeping Beam+1","Streamline","Aggregate+1"],"picked":"SKIP","floor":25},{"not_picked":["Streamline","Redo+1","Self Repair"],"picked":"SKIP","floor":30},{"not_picked":["Beam Cell","Rebound"],"picked":"Stack","floor":35},{"not_picked":["Coolheaded","Beam Cell","Compile Driver"],"picked":"SKIP","floor":38},{"not_picked":["Static Discharge+1","Lockon"],"picked":"Skim","floor":42},{"not_picked":["Coolheaded","Steam"],"picked":"Stack+1","floor":46},{"not_picked":["Tempest+1","Genetic Algorithm+1"],"picked":"Turbo+1","floor":48}],"player_experience":559665,"relics_obtained":[],"event_choices":[{"damage_healed":0,"gold_gain":0,"player_choice":"Ignored","damage_taken":0,"max_hp_gain":0,"max_hp_loss":0,"event_name":"Liars Game","floor":7,"gold_loss":0},{"damage_healed":0,"gold_gain":75,"player_choice":"Gather Gold","damage_taken":11,"max_hp_gain":0,"max_hp_loss":0,"event_name":"World of Goop","floor":8,"gold_loss":0},{"damage_healed":0,"gold_gain":250,"player_choice":"Bet on Owner","damage_taken":0,"max_hp_gain":0,"max_hp_loss":0,"event_name":"The Joust","floor":21,"gold_loss":50},{"damage_healed":22,"gold_gain":0,"player_choice":"Heal","damage_taken":0,"max_hp_gain":0,"max_hp_loss":0,"event_name":"The Library","floor":31,"gold_loss":0},{"cards_removed":["Strike_B"],"damage_healed":0,"gold_gain":0,"player_choice":"Removed Attack","damage_taken":0,"max_hp_gain":0,"max_hp_loss":0,"event_name":"Falling","floor":36,"gold_loss":0},{"damage_healed":0,"gold_gain":0,"player_choice":"Ignored","damage_taken":0,"max_hp_gain":0,"max_hp_loss":0,"event_name":"Tomb of Lord Red Mask","floor":37,"gold_loss":0},{"damage_healed":0,"gold_gain":0,"player_choice":"Ignored","damage_taken":0,"max_hp_gain":0,"max_hp_loss":0,"event_name":"Mysterious Sphere","floor":39,"gold_loss":0},{"damage_healed":0,"gold_gain":0,"player_choice":"Upgrade","damage_taken":0,"relics_obtained":["Mark of the Bloom"],"max_hp_gain":0,"max_hp_loss":0,"event_name":"MindBloom","floor":45,"gold_loss":0,"cards_upgraded":["Defend_B","Defend_B","Defend_B","Zap","Dualcast","Finesse","Gash","Auto Shields","Turbo","Finesse","Undo","Sweeping Beam","Echo Form","Gash","Glacier","Flash of Steel","Master of Strategy","Conserve Battery","Stack","Skim"]},{"damage_healed":0,"gold_gain":0,"player_choice":"Memory 1","damage_taken":0,"max_hp_gain":0,"max_hp_loss":0,"event_name":"SensoryStone","floor":47,"gold_loss":0}],"is_beta":false,"boss_relics":[{"not_picked":["Busted Crown","Runic Dome","Sozu"]},{"not_picked":["Eternal Feather","Fusion Hammer","Philosopher\u0027s Stone"]}],"items_purged_floors":[11,24,29,40],"is_endless":false,"potions_floor_spawned":[2,10,12,20,22,30,35],"ascension_level":0}