{"gold_per_floor":[109,34,47,47,58,58,90,15,64,34,48,48,48,62,62,62],"floor_reached":16,"playtime":444,"items_purged":["Shame"],"score":185,"play_id":"d9a839df-51b1-4548-a8ed-661be029e3cf","local_time":"20190423200144","is_ascension_mode":true,"campfire_choices":[{"floor":6,"key":"REST"},{"floor":15,"key":"REST"}],"neow_cost":"CURSE","seed_source_timestamp":3136385440598040,"circlet_count":0,"master_deck":["AscendersBane","Defend_G","Defend_G","Defend_G","Defend_G","Defend_G","Strike_G+1","Strike_G","Strike_G+1","Strike_G","Survivor","Neutralize","A Thousand Cuts+1","Backstab","Sucker Punch","Flying Knee","PiercingWail","Backflip","Deflect"],"relics":["Ring of the Snake","Orichalcum","Ancient Tea Set"],"potions_floor_usage":[16,16],"damage_taken":[{"damage":12,"enemies":"Small Slimes","floor":1,"turns":4},{"damage":2,"enemies":"Jaw Worm","floor":3,"turns":4},{"damage":0,"enemies":"Cultist","floor":5,"turns":3},{"damage":24,"enemies":"3 Sentries","floor":7,"turns":8},{"damage":0,"enemies":"Looter","floor":11,"turns":4},{"damage":11,"enemies":"Exordium Wildlife","floor":14,"turns":7},{"damage":28,"enemies":"Slime Boss","floor":16,"turns":5}],"seed_played":"-4745878136451739185","potions_obtained":[{"floor":5,"key":"GamblersBrew"},{"floor":11,"key":"EssenceOfSteel"},{"floor":14,"key":"Block Potion"}],"is_trial":false,"path_per_floor":["M","$","M","?","M","R","E","?","T","$","M","$","?","M","R","B"],"character_chosen":"THE_SILENT","items_purchased":["Backflip"],"campfire_rested":2,"item_purchase_floors":[10],"current_hp_per_floor":[47,47,45,25,25,44,20,20,20,20,20,20,20,9,28,0],"gold":62,"neow_bonus":"THREE_RARE_CARDS","is_prod":false,"is_daily":false,"chose_seed":false,"campfire_upgraded":0,"win_rate":0,"timestamp":1556046104,"path_taken":["M","$","M","?","M","R","E","?","T","?","M","$","?","?","R","BOSS"],"build_version":"2019-01-23","purchased_purges":1,"victory":false,"max_hp_per_floor":[66,66,66,66,66,66,66,66,66,66,66,66,66,66,66,66],"card_choices":[{"not_picked":["Tools of the Trade","Phantasmal Killer"],"picked":"A Thousand Cuts","floor":0},{"not_picked":["Sucker Punch","Flechettes"],"picked":"Backstab","floor":1},{"not_picked":["Dagger Throw","Deflect"],"picked":"Sucker Punch","floor":3},{"not_picked":["Dagger Throw","Prepared"],"picked":"Flying Knee","floor":5},{"not_picked":["Catalyst","All Out Attack"],"picked":"PiercingWail","floor":7},{"not_picked":["Dagger Spray","Poisoned Stab","Concentrate"],"picked":"SKIP","floor":11},{"not_picked":["Reflex","Quick Slash"],"picked":"Deflect","floor":14}],"player_experience":636770,"relics_obtained":[{"floor":7,"key":"Orichalcum"},{"floor":9,"key":"Ancient Tea Set"}],"event_choices":[{"damage_healed":0,"gold_gain":0,"player_choice":"Entered Light","damage_taken":20,"max_hp_gain":0,"max_hp_loss":0,"event_name":"Shining Light","floor":4,"gold_loss":0,"cards_upgraded":["Strike_G","Strike_G"]},{"cards_removed":["Strike_G"],"damage_healed":0,"gold_gain":0,"player_choice":"Card Removal","damage_taken":0,"max_hp_gain":0,"max_hp_loss":0,"event_name":"The Cleric","floor":8,"gold_loss":75},{"damage_healed":0,"gold_gain":0,"player_choice":"Upgraded","damage_taken":0,"max_hp_gain":0,"max_hp_loss":0,"event_name":"Upgrade Shrine","floor":13,"gold_loss":0,"cards_upgraded":["A Thousand Cuts"]}],"is_beta":false,"boss_relics":[],"items_purged_floors":[2],"is_endless":false,"potions_floor_spawned":[5,11,14],"killed_by":"Slime Boss","ascension_level":17}