{"gold_per_floor":[110,120,195,195,2,277,277,300,300,300,314,13,38,58,58,157,157,181,206,206,43,43,43],"floor_reached":23,"playtime":736,"items_purged":["Regret"],"score":464,"play_id":"651f9d4f-fc99-4053-bc9d-4f3a333a42f7","local_time":"20190426170703","is_ascension_mode":true,"campfire_choices":[{"data":"After Image","floor":7,"key":"SMITH"},{"data":"Neutralize","floor":10,"key":"SMITH"},{"data":"Footwork","floor":15,"key":"SMITH"}],"neow_cost":"NONE","seed_source_timestamp":2920193848432313,"circlet_count":0,"master_deck":["AscendersBane","Defend_G","Defend_G","Defend_G","Defend_G","Survivor","Neutralize+1","Dash","Malaise","Sucker Punch","Deflect","After Image+1","Backstab","Blade Dance","Footwork+1","Good Instincts","Blur","Choke","Adrenaline","Slice","A Thousand Cuts","Bane+1","Heel Hook+1","Distraction+1","Dodge and Roll","Bite","Bite","Bite","Bite","Bite","Footwork"],"relics":["Orrery","Golden Idol","Pen Nib","Lee\u0027s Waffle","Astrolabe"],"potions_floor_usage":[14,16,19,19,23,23],"damage_taken":[{"damage":4,"enemies":"2 Louse","floor":1,"turns":2},{"damage":1,"enemies":"Jaw Worm","floor":2,"turns":5},{"damage":0,"enemies":"Small Slimes","floor":8,"turns":5},{"damage":7,"enemies":"Red Slaver","floor":11,"turns":4},{"damage":3,"enemies":"Looter","floor":13,"turns":2},{"damage":2,"enemies":"Large Slime","floor":14,"turns":4},{"damage":8,"enemies":"The Guardian","floor":16,"turns":18},{"damage":21,"enemies":"Spheric Guardian","floor":18,"turns":6},{"damage":26,"enemies":"2 Thieves","floor":19,"turns":4},{"damage":24,"enemies":"Gremlin Leader","floor":23,"turns":6}],"seed_played":"1210740711031872668","potions_obtained":[{"floor":1,"key":"GhostInAJar"},{"floor":16,"key":"Fire Potion"},{"floor":18,"key":"AttackPotion"},{"floor":19,"key":"EssenceOfSteel"},{"floor":22,"key":"SkillPotion"}],"is_trial":false,"path_per_floor":["M","M","?","?","$","?","R","M","T","R","M","$","M","M","R","B",null,"M","M","?","$","?","E"],"character_chosen":"THE_SILENT","items_purchased":["Footwork","Good Instincts","AttackPotion","Lee\u0027s Waffle","Adrenaline","Footwork"],"campfire_rested":0,"item_purchase_floors":[5,5,5,12,12,21],"current_hp_per_floor":[55,54,43,43,43,43,43,43,43,43,36,67,64,62,62,54,64,43,17,17,17,17,0],"gold":43,"neow_bonus":"BOSS_RELIC","is_prod":false,"is_daily":false,"chose_seed":false,"campfire_upgraded":3,"win_rate":0,"timestamp":1556294823,"path_taken":["M","M","?","?","?","?","R","M","T","R","M","$","?","M","R","BOSS","M","M","?","$","?","E"],"build_version":"2019-01-23","purchased_purges":1,"victory":false,"max_hp_per_floor":[66,66,66,60,60,60,60,60,60,60,60,67,67,67,67,67,67,67,67,46,46,46,46],"card_choices":[{"not_picked":["Poisoned Stab","Quick Slash"],"picked":"Dash","floor":0},{"not_picked":["Acrobatics","Slice"],"picked":"Malaise","floor":0},{"not_picked":["Dodge and Roll","Bouncing Flask"],"picked":"Sucker Punch","floor":0},{"not_picked":["Bouncing Flask","Sucker Punch"],"picked":"Deflect","floor":0},{"not_picked":["Blur","Escape Plan"],"picked":"After Image","floor":0},{"not_picked":["Calculated Gamble","Bane"],"picked":"Backstab","floor":1},{"not_picked":["Quick Slash","Backflip"],"picked":"Blade Dance","floor":2},{"not_picked":["Tactician","Dash"],"picked":"Blur","floor":8},{"not_picked":["Backflip","Prepared"],"picked":"Choke","floor":11},{"not_picked":["Deadly Poison","Dagger Spray","Predator"],"picked":"SKIP","floor":13},{"not_picked":["Setup","Predator"],"picked":"Slice","floor":14},{"not_picked":["Die Die Die","Wraith Form v2"],"picked":"A Thousand Cuts","floor":16},{"not_picked":["Prepared","Bane"],"picked":"Dodge and Roll","floor":18},{"not_picked":["Tactician","Bane","Concentrate"],"picked":"SKIP","floor":19}],"player_experience":215596,"relics_obtained":[{"floor":9,"key":"Pen Nib"}],"event_choices":[{"damage_healed":0,"gold_gain":75,"player_choice":"Gather Gold","damage_taken":11,"max_hp_gain":0,"max_hp_loss":0,"event_name":"World of Goop","floor":3,"gold_loss":0},{"damage_healed":0,"gold_gain":0,"player_choice":"Lose Max HP","damage_taken":0,"relics_obtained":["Golden Idol"],"max_hp_gain":0,"max_hp_loss":6,"event_name":"Golden Idol","floor":4,"gold_loss":0},{"damage_healed":0,"gold_gain":275,"player_choice":"Desecrate","damage_taken":0,"max_hp_gain":0,"max_hp_loss":0,"event_name":"Golden Shrine","floor":6,"gold_loss":0,"cards_obtained":["Regret"]},{"damage_healed":0,"gold_gain":0,"player_choice":"Became a vampire","damage_taken":0,"max_hp_gain":0,"max_hp_loss":21,"event_name":"Vampires","floor":20,"gold_loss":0,"cards_obtained":["Bite","Bite","Bite","Bite","Bite"]},{"damage_healed":0,"gold_gain":0,"player_choice":"Got Potions","damage_taken":0,"max_hp_gain":0,"max_hp_loss":0,"event_name":"Lab","floor":22,"gold_loss":0}],"is_beta":false,"boss_relics":[{"not_picked":["Black Star","Runic Pyramid"],"picked":"Astrolabe"}],"items_purged_floors":[21],"is_endless":false,"potions_floor_spawned":[1,16,18,19],"killed_by":"Gremlin Leader","ascension_level":18}