{"gold_per_floor":[118,134,284,65,65,65,65,80,80,80,80,113,133,83,83,156,156,175,190,210,210,260,260,293,293,293,293,293,293,310,323,323,323],"floor_reached":33,"playtime":1028,"items_purged":["Doubt"],"score":473,"play_id":"59f0c661-5adb-4e7f-ab47-d850d1a38663","local_time":"20190202164238","is_ascension_mode":true,"campfire_choices":[{"data":"Caltrops","floor":6,"key":"SMITH"},{"data":"Noxious Fumes","floor":11,"key":"SMITH"},{"data":"Sucker Punch","floor":15,"key":"SMITH"},{"floor":23,"key":"REST"},{"floor":25,"key":"REST"},{"data":"Corpse Explosion","floor":27,"key":"SMITH"},{"floor":29,"key":"REST"},{"floor":32,"key":"REST"}],"neow_cost":"TEN_PERCENT_HP_LOSS","seed_source_timestamp":167067234309436,"circlet_count":0,"master_deck":["AscendersBane","Defend_G","Defend_G","Defend_G","Defend_G","Defend_G","Strike_G","Strike_G+1","Strike_G","Strike_G+1","Strike_G","Survivor","Neutralize","Caltrops+1","Predator","Noxious Fumes+1","Dodge and Roll","Poisoned Stab","Sucker Punch+1","Corpse Explosion+1","Cloak And Dagger","Leg Sweep","Deflect","Slice"],"relics":["Ring of the Snake","Incense Burner","Blue Candle","Ginger","Busted Crown","Unceasing Top","Omamori"],"potions_floor_usage":[20,24,31,33],"damage_taken":[{"damage":4,"enemies":"Small Slimes","floor":1,"turns":4},{"damage":2,"enemies":"Jaw Worm","floor":2,"turns":4},{"damage":0,"enemies":"2 Louse","floor":8,"turns":3},{"damage":18,"enemies":"3 Sentries","floor":12,"turns":8},{"damage":1,"enemies":"2 Fungi Beasts","floor":13,"turns":4},{"damage":10,"enemies":"Hexaghost","floor":16,"turns":9},{"damage":6,"enemies":"3 Byrds","floor":18,"turns":2},{"damage":10,"enemies":"2 Thieves","floor":19,"turns":3},{"damage":12,"enemies":"Sentry and Sphere","floor":20,"turns":5},{"damage":28,"enemies":"Slavers","floor":24,"turns":4},{"damage":0,"enemies":"Cultist and Chosen","floor":30,"turns":6},{"damage":7,"enemies":"Shelled Parasite and Fungi","floor":31,"turns":4},{"damage":75,"enemies":"Champ","floor":33,"turns":14}],"seed_played":"344590520684753407","potions_obtained":[{"floor":1,"key":"SpeedPotion"},{"floor":13,"key":"Dexterity Potion"},{"floor":30,"key":"SteroidPotion"},{"floor":31,"key":"Swift Potion"}],"is_trial":false,"path_per_floor":["M","M","?","$","?","R","?","M","T","?","R","E","M","?","R","B",null,"M","M","M","?","?","R","E","R","T","R","?","R","M","M","R","B"],"character_chosen":"THE_SILENT","items_purchased":["Noxious Fumes","Dodge and Roll"],"campfire_rested":4,"item_purchase_floors":[4,4],"current_hp_per_floor":[55,53,53,53,35,35,35,35,35,55,55,37,36,36,36,26,52,46,36,24,24,24,42,14,32,32,32,32,50,50,43,60,0],"gold":323,"neow_bonus":"ONE_RARE_RELIC","is_prod":false,"is_daily":false,"chose_seed":false,"campfire_upgraded":4,"win_rate":0,"timestamp":1549125758,"path_taken":["M","M","?","$","?","R","?","M","T","?","R","E","M","?","R","BOSS","M","M","M","?","?","R","E","R","T","R","?","R","?","M","R","BOSS"],"build_version":"2019-01-23","purchased_purges":1,"victory":false,"max_hp_per_floor":[60,60,60,60,60,60,60,60,60,60,60,60,60,60,60,60,60,60,60,60,60,60,60,60,60,60,60,60,60,60,60,60,60],"card_choices":[{"not_picked":["Poisoned Stab","Deadly Poison"],"picked":"Caltrops","floor":1},{"not_picked":["Setup","Blade Dance"],"picked":"Predator","floor":2},{"not_picked":["Heel Hook","Accuracy","Dagger Throw"],"picked":"SKIP","floor":8},{"not_picked":["Underhanded Strike","Eviscerate"],"picked":"Poisoned Stab","floor":12},{"not_picked":["Accuracy","Flying Knee"],"picked":"Sucker Punch","floor":13},{"not_picked":["Envenom","Doppelganger"],"picked":"Corpse Explosion","floor":16},{"not_picked":["Dagger Throw"],"picked":"SKIP","floor":18},{"not_picked":[],"picked":"Cloak And Dagger","floor":19},{"not_picked":[],"picked":"Leg Sweep","floor":20},{"not_picked":[],"picked":"Deflect","floor":24},{"not_picked":[],"picked":"Slice","floor":30},{"not_picked":["Tactician"],"picked":"SKIP","floor":31}],"player_experience":525333,"relics_obtained":[{"floor":9,"key":"Blue Candle"},{"floor":12,"key":"Ginger"},{"floor":24,"key":"Unceasing Top"},{"floor":26,"key":"Omamori"}],"event_choices":[{"damage_healed":0,"gold_gain":150,"player_choice":"AGREE","damage_taken":0,"max_hp_gain":0,"max_hp_loss":0,"event_name":"Liars Game","floor":3,"gold_loss":0,"cards_obtained":["Doubt"]},{"damage_healed":0,"gold_gain":0,"player_choice":"Entered Light","damage_taken":18,"max_hp_gain":0,"max_hp_loss":0,"event_name":"Shining Light","floor":5,"gold_loss":0,"cards_upgraded":["Strike_G","Strike_G"]},{"damage_healed":0,"gold_gain":0,"player_choice":"Fled","damage_taken":0,"max_hp_gain":0,"max_hp_loss":0,"event_name":"Scrap Ooze","floor":7,"gold_loss":0},{"damage_healed":20,"gold_gain":0,"player_choice":"Banana","damage_taken":0,"max_hp_gain":0,"max_hp_loss":0,"event_name":"Big Fish","floor":10,"gold_loss":0},{"damage_healed":0,"gold_gain":0,"player_choice":"Left Gold","damage_taken":0,"max_hp_gain":0,"max_hp_loss":0,"event_name":"World of Goop","floor":14,"gold_loss":50},{"damage_healed":0,"gold_gain":0,"player_choice":"Ignored","damage_taken":0,"max_hp_gain":0,"max_hp_loss":0,"event_name":"The Mausoleum","floor":21,"gold_loss":0},{"damage_healed":0,"gold_gain":50,"player_choice":"Stole From Cult","damage_taken":0,"max_hp_gain":0,"max_hp_loss":0,"event_name":"Nest","floor":22,"gold_loss":0},{"damage_healed":0,"gold_gain":0,"player_choice":"Ignored","damage_taken":0,"max_hp_gain":0,"max_hp_loss":0,"event_name":"Vampires","floor":28,"gold_loss":0}],"is_beta":false,"boss_relics":[{"not_picked":["Lizard Tail","Orrery"],"picked":"Busted Crown"}],"items_purged_floors":[4],"is_endless":false,"potions_floor_spawned":[1,13,16,18,30,31],"killed_by":"Champ","ascension_level":16}