{"gold_per_floor":[366,44,44,65,65,96,114,114,114,114,135,135,156,195,195,314,314,337,337,94,114,138,138,138,159,189,189,64,83,37,62,62,62],"floor_reached":33,"playtime":1296,"items_purged":["Injury","Strike_B","Strike_B"],"score":411,"play_id":"bdfabb10-04a5-4cca-8fd6-017c979cfcbe","local_time":"20190116214044","is_ascension_mode":true,"campfire_choices":[{"floor":8,"key":"REST"},{"data":"Ball Lightning","floor":10,"key":"SMITH"},{"floor":12,"key":"REST"},{"floor":15,"key":"REST"},{"data":"Conserve Battery","floor":23,"key":"SMITH"},{"floor":32,"key":"REST"}],"neow_cost":"CURSE","seed_source_timestamp":1915855174015946,"circlet_count":0,"master_deck":["AscendersBane","Strike_B","Strike_B","Defend_B","Defend_B","Defend_B","Zap","Dualcast","Steam","Conserve Battery","Leap","Compile Driver","BootSequence","Ball Lightning+1","Steam","Hologram","Doom and Gloom+1","Rainbow","Leap","Steam","Barrage+1","Redo+1","Conserve Battery+1","Genetic Algorithm","Gash+1","Stack","Leap"],"relics":["Cracked Core","Lantern","Golden Idol","Mercury Hourglass","Molten Egg 2","Singing Bowl","Eternal Feather","Vajra","Tiny Chest"],"potions_floor_usage":[25,33,33],"damage_taken":[{"damage":4,"enemies":"Jaw Worm","floor":1,"turns":4},{"damage":0,"enemies":"2 Louse","floor":4,"turns":3},{"damage":47,"enemies":"3 Sentries","floor":6,"turns":13},{"damage":0,"enemies":"Cultist","floor":7,"turns":3},{"damage":3,"enemies":"Exordium Thugs","floor":11,"turns":4},{"damage":1,"enemies":"Looter","floor":13,"turns":2},{"damage":36,"enemies":"Gremlin Nob","floor":14,"turns":4},{"damage":17,"enemies":"The Guardian","floor":16,"turns":10},{"damage":3,"enemies":"Shell Parasite","floor":18,"turns":5},{"damage":11,"enemies":"Chosen","floor":21,"turns":5},{"damage":19,"enemies":"Snecko","floor":22,"turns":6},{"damage":0,"enemies":"Cultist and Chosen","floor":25,"turns":4},{"damage":7,"enemies":"Snake Plant","floor":29,"turns":4},{"damage":27,"enemies":"Snecko","floor":31,"turns":6},{"damage":48,"enemies":"Champ","floor":33,"turns":13}],"seed_played":"-7198979658623735597","potions_obtained":[{"floor":4,"key":"SpeedPotion"},{"floor":11,"key":"Poison Potion"},{"floor":25,"key":"LiquidBronze"},{"floor":31,"key":"AttackPotion"}],"is_trial":false,"path_per_floor":["M","$","?","M","?","E","M","R","T","R","M","R","M","E","R","B",null,"M","?","$","M","M","R","?","M","T","?","$","M","$","M","R","B"],"character_chosen":"DEFECT","items_purchased":["Conserve Battery","Leap","Lantern","Steam","SkillPotion","Barrage+1","Stack"],"campfire_rested":4,"item_purchase_floors":[2,2,2,20,20,20,30],"current_hp_per_floor":[64,64,64,64,64,17,17,37,37,37,34,54,53,17,37,20,57,54,54,54,43,24,36,36,36,36,36,36,29,29,2,37,0],"gold":62,"neow_bonus":"TWO_FIFTY_GOLD","is_prod":false,"is_daily":false,"chose_seed":false,"campfire_upgraded":2,"win_rate":0,"timestamp":1547674844,"path_taken":["M","$","?","M","?","E","M","R","T","R","M","R","?","E","R","BOSS","M","?","$","M","M","R","?","M","T","?","?","M","$","M","R","BOSS"],"build_version":"2019-01-10","purchased_purges":3,"victory":false,"max_hp_per_floor":[75,75,69,69,69,69,69,69,69,69,69,69,69,69,69,69,69,69,69,69,69,69,69,69,69,69,69,69,69,69,69,69,69],"card_choices":[{"not_picked":["Steam Power","Hologram"],"picked":"Steam","floor":1},{"not_picked":["Turbo","Thunder Strike"],"picked":"Compile Driver","floor":4},{"not_picked":["Beam Cell","Turbo"],"picked":"BootSequence","floor":6},{"not_picked":["Go for the Eyes","Chaos"],"picked":"Ball Lightning","floor":7},{"not_picked":["Coolheaded","Streamline+1"],"picked":"Steam","floor":11},{"not_picked":["Barrage+1","Streamline+1"],"picked":"Hologram","floor":13},{"not_picked":["Storm","Ball Lightning+1"],"picked":"Doom and Gloom+1","floor":14},{"not_picked":["Amplify","Fission"],"picked":"Rainbow","floor":16},{"not_picked":["Aggregate","Sweeping Beam+1"],"picked":"Leap","floor":18},{"not_picked":["White Noise","Sunder+1"],"picked":"Redo+1","floor":21},{"not_picked":["Hologram","FTL+1"],"picked":"Conserve Battery","floor":22},{"not_picked":["Turbo","Darkness"],"picked":"Genetic Algorithm","floor":25},{"not_picked":["Coolheaded","Steam"],"picked":"Gash+1","floor":29},{"not_picked":["Recycle","Redo"],"picked":"Leap","floor":31}],"player_experience":375623,"relics_obtained":[{"floor":6,"key":"Mercury Hourglass"},{"floor":9,"key":"Molten Egg 2"},{"floor":14,"key":"Singing Bowl"},{"floor":26,"key":"Tiny Chest"}],"event_choices":[{"damage_healed":0,"gold_gain":0,"player_choice":"Lose Max HP","damage_taken":0,"relics_obtained":["Golden Idol"],"max_hp_gain":0,"max_hp_loss":6,"event_name":"Golden Idol","floor":3,"gold_loss":0},{"cards_removed":["Defend_B"],"damage_healed":0,"gold_gain":0,"player_choice":"Purged","damage_taken":0,"max_hp_gain":0,"max_hp_loss":0,"event_name":"Purifier","floor":5,"gold_loss":0},{"damage_healed":0,"gold_gain":0,"player_choice":"Opened","damage_taken":0,"relics_obtained":["Vajra"],"max_hp_gain":0,"max_hp_loss":0,"event_name":"The Mausoleum","floor":19,"gold_loss":0},{"damage_healed":0,"gold_gain":0,"player_choice":"Ignored","damage_taken":0,"max_hp_gain":0,"max_hp_loss":0,"event_name":"Vampires","floor":24,"gold_loss":0},{"damage_healed":0,"gold_gain":0,"player_choice":"Ignored","damage_taken":0,"max_hp_gain":0,"max_hp_loss":0,"event_name":"Ghosts","floor":27,"gold_loss":0}],"is_beta":false,"boss_relics":[{"not_picked":["White Beast Statue","Tiny House"],"picked":"Eternal Feather"}],"items_purged_floors":[2,20,28],"is_endless":false,"potions_floor_spawned":[4,11,16,25,29,31],"killed_by":"Champ","ascension_level":12}