{"gold_per_floor":[117,117,135,154,154,154,114,114,165,181,181,181,215,232,232,309,309,326,15,15,15,15,15,32,57,57,57,70,89,89,89,89,168,168,179,179,192,5,5,5,35,63,63,88,100,112,137,24,24,24],"floor_reached":51,"playtime":2187,"items_purged":["Strike_R","Strike_R","Defend_R"],"score":1315,"play_id":"ff709144-8025-4ec9-b868-b97b8d79aa5e","local_time":"20180912231902","is_ascension_mode":true,"campfire_choices":[{"floor":6,"key":"REST"},{"data":"Rampage","floor":8,"key":"SMITH"},{"data":"Battle Trance","floor":12,"key":"SMITH"},{"data":"Inflame","floor":15,"key":"SMITH"},{"floor":23,"key":"REST"},{"floor":27,"key":"REST"},{"floor":30,"key":"REST"},{"floor":32,"key":"REST"},{"floor":40,"key":"REST"},{"floor":46,"key":"REST"},{"data":"Whirlwind","floor":49,"key":"SMITH"}],"neow_cost":"NONE","seed_source_timestamp":2449625992938090,"circlet_count":0,"master_deck":["Strike_R","Defend_R+1","Defend_R+1","Bash","AscendersBane","Battle Trance+1","Seeing Red+1","Thunderclap","Rampage+1","Inflame+1","Shrug It Off","Limit Break+1","Necronomicurse","Shrug It Off+1","J.A.X.","Brutality","Whirlwind+1"],"relics":["Black Blood","Lantern","Gremlin Horn","Sozu","Toolbox","Necronomicon","Pen Nib","Bottled Flame","Calipers","Pantograph","MawBank"],"potions_floor_usage":[16,18,25],"damage_taken":[{"damage":18,"enemies":"Small Slimes","floor":1,"turns":5},{"damage":1,"enemies":"Cultist","floor":3,"turns":3},{"damage":6,"enemies":"Jaw Worm","floor":4,"turns":5},{"damage":0,"enemies":"Looter","floor":7,"turns":4},{"damage":1,"enemies":"Exordium Wildlife","floor":10,"turns":3},{"damage":25,"enemies":"Gremlin Nob","floor":13,"turns":4},{"damage":0,"enemies":"Gremlin Gang","floor":14,"turns":3},{"damage":40,"enemies":"Slime Boss","floor":16,"turns":9},{"damage":13,"enemies":"3 Byrds","floor":18,"turns":4},{"damage":0,"enemies":"Chosen","floor":24,"turns":3},{"damage":55,"enemies":"Slavers","floor":25,"turns":7},{"damage":16,"enemies":"Sentry and Sphere","floor":28,"turns":3},{"damage":12,"enemies":"Snake Plant","floor":29,"turns":4},{"damage":22,"enemies":"Champ","floor":33,"turns":6},{"damage":16,"enemies":"3 Darklings","floor":35,"turns":3},{"damage":35,"enemies":"Orb Walker","floor":37,"turns":4},{"damage":10,"enemies":"Mind Bloom Boss Battle","floor":41,"turns":5},{"damage":10,"enemies":"Giant Head","floor":42,"turns":4},{"damage":39,"enemies":"Transient","floor":44,"turns":6},{"damage":1,"enemies":"3 Darklings","floor":47,"turns":3},{"damage":52,"enemies":"Awakened One","floor":50,"turns":5}],"seed_played":"2349173249235286773","potions_obtained":[{"floor":4,"key":"LiquidBronze"},{"floor":14,"key":"Regen Potion"},{"floor":16,"key":"Weak Potion"}],"is_trial":false,"path_per_floor":["M","?","M","M","?","R","M","R","T","M","?","R","E","M","R","B",null,"M","$","?","?","?","R","M","E","T","R","M","M","R","?","R","B",null,"M","?","M","$","?","R","?","E","T","M","?","R","M","$","R","B"],"character_chosen":"IRONCLAD","items_purchased":["Toolbox","Whirlwind"],"campfire_rested":7,"item_purchase_floors":[19,38],"current_hp_per_floor":[56,56,61,61,38,60,66,66,66,71,71,71,52,58,58,36,65,58,58,37,37,37,59,65,16,16,38,28,22,44,44,66,50,69,63,63,38,38,38,59,59,59,59,30,30,51,60,60,60,29],"gold":24,"neow_bonus":"THREE_CARDS","is_prod":false,"is_daily":false,"chose_seed":false,"campfire_upgraded":4,"win_rate":0,"timestamp":1536790742,"path_taken":["M","?","?","M","?","R","?","R","T","M","?","R","E","M","R","BOSS","M","$","?","?","?","R","M","E","T","R","M","M","R","?","R","BOSS","M","?","?","$","?","R","?","E","T","M","?","R","M","$","R","BOSS"],"build_version":"2018-09-06","purchased_purges":3,"victory":true,"max_hp_per_floor":[75,75,75,75,75,75,75,75,75,75,75,75,75,75,75,75,75,75,75,75,75,75,75,75,75,75,75,75,75,75,75,75,75,75,75,75,75,75,71,71,71,71,71,71,71,71,71,71,71,71],"card_choices":[{"not_picked":["Thunderclap","Shrug It Off"],"picked":"Battle Trance","floor":0},{"not_picked":["Anger","Dropkick"],"picked":"Seeing Red","floor":1},{"not_picked":["Intimidate","Twin Strike"],"picked":"Thunderclap","floor":3},{"not_picked":["Entrench","Clash"],"picked":"Rampage","floor":4},{"not_picked":["Armaments","Iron Wave","Rage"],"picked":"SKIP","floor":7},{"not_picked":["Shockwave","Intimidate"],"picked":"Inflame","floor":10},{"not_picked":["Evolve","Corruption","Uppercut"],"picked":"SKIP","floor":13},{"not_picked":["Armaments","Bloodletting"],"picked":"Shrug It Off","floor":14},{"not_picked":["Impervious","Reaper"],"picked":"Limit Break","floor":16},{"not_picked":["Headbutt","Heavy Blade","Clash"],"picked":"SKIP","floor":18},{"not_picked":["Fire Breathing","Sentinel","True Grit"],"picked":"SKIP","floor":24},{"not_picked":["Rampage","Corruption","Thunderclap"],"picked":"SKIP","floor":25},{"not_picked":["Armaments","Fiend Fire","Rage"],"picked":"SKIP","floor":28},{"not_picked":["Infernal Blade+1","Pommel Strike"],"picked":"Shrug It Off+1","floor":29},{"not_picked":["Feed","Bludgeon"],"picked":"Brutality","floor":33},{"not_picked":["Inflame","Anger","Wild Strike+1"],"picked":"SKIP","floor":35},{"not_picked":["Body Slam","Cleave","Headbutt"],"picked":"SKIP","floor":37},{"not_picked":["Rampage","True Grit","Inflame"],"picked":"SKIP","floor":42},{"not_picked":["Twin Strike","Pommel Strike+1","Clash"],"picked":"SKIP","floor":44},{"not_picked":["Impervious","Flex","Disarm"],"picked":"SKIP","floor":47}],"player_experience":344398,"relics_obtained":[{"floor":9,"key":"Lantern"},{"floor":13,"key":"Gremlin Horn"},{"floor":20,"key":"Necronomicon"},{"floor":25,"key":"Pen Nib"},{"floor":26,"key":"Bottled Flame"},{"floor":41,"key":"Calipers"},{"floor":42,"key":"Pantograph"},{"floor":43,"key":"MawBank"}],"event_choices":[{"event_name":"Upgrade Shrine","player_choice":"Upgraded","floor":2,"damage_taken":0},{"event_name":"Shining Light","player_choice":"Entered Light","floor":5,"damage_taken":0},{"event_name":"Living Wall","player_choice":"Forget","floor":11,"damage_taken":0},{"event_name":"Cursed Tome","player_choice":"Obtained Book","floor":20,"damage_taken":0},{"event_name":"Back to Basics","player_choice":"Elegance","floor":21,"damage_taken":0},{"event_name":"Wheel of Change","player_choice":"Card Removal","floor":22,"damage_taken":0},{"event_name":"Drug Dealer","player_choice":"Got JAX","floor":31,"damage_taken":0},{"event_name":"Upgrade Shrine","player_choice":"Upgraded","floor":36,"damage_taken":0},{"event_name":"Winding Halls","player_choice":"Max HP","floor":39,"damage_taken":0},{"event_name":"MindBloom","player_choice":"Fight","floor":41,"damage_taken":0},{"event_name":"The Moai Head","player_choice":"Ignored","floor":45,"damage_taken":0}],"is_beta":false,"boss_relics":[{"not_picked":["Lizard Tail","Eternal Feather"],"picked":"Sozu"},{"not_picked":["Runic Dome","Orrery"],"picked":"Black Blood"}],"items_purged_floors":[19,38,48],"is_endless":false,"potions_floor_spawned":[4,14,16,24,25,28,37,41,42],"ascension_level":18}