{"path_per_floor":["M","?","$","?","?","M","M","M","T","M","E","M","M","$","R","B",null,"M","?","M","?","M"],"character_chosen":"IRONCLAD","items_purchased":["Spot Weakness","Vajra"],"gold_per_floor":[109,109,40,115,115,126,136,149,172,192,218,234,253,23,23,120,120,140,65,80,80,95],"floor_reached":12,"campfire_rested":1,"playtime":1036,"current_hp_per_floor":[76,69,69,58,58,58,60,48,48,47,32,20,15,15,39,24,80,58,58,55,55,22],"items_purged":["Strike_R"],"gold":95,"play_id":"f25b72f0-0dae-4a11-8fcd-d8d9cfa2fd68","is_prod":false,"is_daily":false,"campfire_rituals":0,"campfire_upgraded":0,"is_hardmode":false,"path_taken":["M","?","$","?","?","M","M","M","T","?","E","?","M","$","R","BOSS","M","?","?","?","?","E"],"build_version":"2018-01-18-PROD4","purchased_purges":1,"victory":false,"master_deck":["Strike_R","Strike_R","Defend_R","Defend_R","Defend_R","Bash","Combust","Spot Weakness","Brutality","Flex","Rupture","Rupture","Hemokinesis","Double Tap","Dual Wield","Spot Weakness"],"max_hp_per_floor":[80,80,80,80,80,80,80,80,80,80,80,80,80,80,80,80,80,80,80,80,80,80],"relics":["Burning Blood","Frozen Egg","Smiling Mask","Vajra","Black Star","Prayer Wheel"],"campfire_meditates":0,"card_choices":[{"not_picked":["Armaments","Clothesline"],"picked":"Combust"},{"not_picked":["Uppercut","Flame Barrier"],"picked":"Brutality"},{"not_picked":["Wild Strike","Havoc"],"picked":"Flex"},{"not_picked":["Inflame","Body Slam"],"picked":"Rupture"},{"not_picked":["Wild Strike","Anger"],"picked":"Rupture"},{"not_picked":["Whirlwind","Twin Strike"],"picked":"Hemokinesis"},{"not_picked":["Immolate","Berserk"],"picked":"Double Tap"},{"not_picked":["Feel No Pain","Sentinel"],"picked":"Dual Wield"},{"not_picked":["Cleave","Havoc"],"picked":"Spot Weakness"}],"player_experience":310160,"potions_floor_usage":[11,11,12,12],"damage_taken":[{"damage":10.0,"enemies":"Blue Slaver","floor":1.0,"turns":6.0},{"damage":6.0,"enemies":"Small Slimes","floor":6.0,"turns":3.0},{"damage":4.0,"enemies":"Jaw Worm","floor":7.0,"turns":5.0},{"damage":18.0,"enemies":"Looter","floor":8.0,"turns":4.0},{"damage":7.0,"enemies":"Red Slaver","floor":10.0,"turns":4.0},{"damage":0,"enemies":"Lagavulin","floor":11,"turns":5},{"damage":0,"enemies":"Large Slime","floor":11,"turns":9},{"damage":0,"enemies":"Exordium Thugs","floor":11,"turns":11},{"damage":0,"enemies":"The Guardian","floor":11,"turns":15},{"damage":0,"enemies":"Spheric Guardian","floor":12,"turns":4},{"damage":0,"enemies":"3 Byrds","floor":12,"turns":6},{"damage":0,"enemies":"Snake Plant","floor":12,"turns":9},{"damage":13,"enemies":"Book of Stabbing","floor":12,"turns":10}],"event_choices":[{"event_name":"Golden Wing","player_choice":"Card Removal","floor":2.0,"damage_taken":0.0},{"event_name":"World of Goop","player_choice":"Gather Gold","floor":4.0,"damage_taken":0.0},{"event_name":"Accursed Blacksmith","player_choice":"Forge","floor":5.0,"damage_taken":0.0},{"event_name":"Beggar","player_choice":"Gave Gold","floor":12,"damage_taken":0},{"event_name":"The Mausoleum","player_choice":"Yes","floor":12,"damage_taken":0}],"boss_relics":[{"not_picked":["Mark of Pain","Eternal Feather"],"picked":"Black Star"}],"potions_floor_spawned":[8,11,11,11,12],"seed_played":"-5229768463128651764","killed_by":"Book of Stabbing","is_trial":false}