{"gold_per_floor":[115,195,211,10,24,57,57,72,124,136,154,154,154,7,7,106,106,117,42,59,76,76,108,108,136,136,14,33,33,46,46,46,46],"floor_reached":33,"playtime":1323,"items_purged":["Writhe"],"score":431,"play_id":"695311cf-39e8-4fc2-88f3-3cf2a69f95bd","local_time":"20190114205938","is_ascension_mode":true,"campfire_choices":[{"floor":12,"key":"REST"},{"data":"Footwork","floor":15,"key":"SMITH"},{"floor":24,"key":"REST"},{"floor":32,"key":"REST"}],"neow_cost":"NONE","seed_source_timestamp":1740556058212839,"circlet_count":0,"master_deck":["AscendersBane","Defend_G","Defend_G","Defend_G","Defend_G","Defend_G","Strike_G","Strike_G","Strike_G","Strike_G","Survivor","Neutralize","Dodge and Roll","Footwork+1","Predator","Masterful Stab","Die Die Die","Pommel Strike","Backflip","Die Die Die","Stack","Steam","Hyperbeam","Shrug It Off","Injury","Deflect","Sweeping Beam","Normality"],"relics":["Orrery","PrismaticShard","Dodecahedron","Juzu Bracelet","Bronze Scales","Cursed Key","Strawberry","Happy Flower","Ancient Tea Set","PreservedInsect","Torii"],"potions_floor_usage":[23,23,25,25],"damage_taken":[{"damage":15,"enemies":"Jaw Worm","floor":1,"turns":4},{"damage":1,"enemies":"Small Slimes","floor":3,"turns":2},{"damage":0,"enemies":"Cultist","floor":5,"turns":3},{"damage":10,"enemies":"3 Sentries","floor":6,"turns":8},{"damage":4,"enemies":"Looter","floor":8,"turns":4},{"damage":3,"enemies":"2 Fungi Beasts","floor":10,"turns":2},{"damage":12,"enemies":"Blue Slaver","floor":11,"turns":5},{"damage":40,"enemies":"Slime Boss","floor":16,"turns":15},{"damage":8,"enemies":"Chosen","floor":18,"turns":3},{"damage":1,"enemies":"Shell Parasite","floor":20,"turns":6},{"damage":12,"enemies":"Cultist and Chosen","floor":21,"turns":7},{"damage":19,"enemies":"Book of Stabbing","floor":23,"turns":4},{"damage":15,"enemies":"Gremlin Leader","floor":25,"turns":9},{"damage":2,"enemies":"Centurion and Healer","floor":28,"turns":7},{"damage":10,"enemies":"Snake Plant","floor":30,"turns":4},{"damage":15,"enemies":"Colosseum Slavers","floor":31,"turns":3},{"damage":44,"enemies":"Collector","floor":33,"turns":6}],"seed_played":"-7124474491561855584","potions_obtained":[{"floor":6,"key":"Energy Potion"},{"floor":8,"key":"FearPotion"},{"floor":10,"key":"Regen Potion"},{"floor":16,"key":"GhostInAJar"},{"floor":18,"key":"Swift Potion"},{"floor":21,"key":"Fire Potion"},{"floor":23,"key":"Poison Potion"}],"is_trial":false,"path_per_floor":["M","?","M","$","M","E","?","M","T","M","M","R","?","$","R","B",null,"M","?","M","M","?","E","R","E","T","$","M","T","M","?","R","B"],"character_chosen":"THE_SILENT","items_purchased":["PrismaticShard","Bronze Scales","Deflect"],"campfire_rested":3,"item_purchase_floors":[4,14,27],"current_hp_per_floor":[48,48,47,47,47,37,37,33,33,30,18,39,62,62,62,22,58,50,50,49,37,44,25,48,33,33,33,31,31,21,6,29,0],"gold":46,"neow_bonus":"BOSS_RELIC","is_prod":false,"is_daily":false,"chose_seed":false,"campfire_upgraded":1,"win_rate":0,"timestamp":1547499578,"path_taken":["M","?","M","$","M","E","?","M","T","M","M","R","?","$","R","BOSS","M","?","M","M","?","E","R","E","T","$","M","?","M","?","R","BOSS"],"build_version":"2019-01-10","purchased_purges":1,"victory":false,"max_hp_per_floor":[70,70,70,70,70,70,70,70,70,70,70,70,70,70,70,70,70,70,70,70,70,77,77,77,77,77,77,77,77,77,77,77,77],"card_choices":[{"not_picked":["Deadly Poison","Distraction"],"picked":"Dodge and Roll","floor":0},{"not_picked":["Backflip","Acrobatics"],"picked":"Footwork","floor":0},{"not_picked":["Accuracy","Dagger Throw"],"picked":"Predator","floor":0},{"not_picked":["Finisher","Predator"],"picked":"Masterful Stab","floor":1},{"not_picked":["All Out Attack","Slice"],"picked":"Die Die Die","floor":3},{"not_picked":["Dodge and Roll","True Grit"],"picked":"Pommel Strike","floor":5},{"not_picked":["Scrape","Dramatic Entrance"],"picked":"Backflip","floor":6},{"not_picked":["Quick Slash","Hologram"],"picked":"Stack","floor":8},{"not_picked":["Acrobatics","Seeing Red","Tactician"],"picked":"SKIP","floor":10},{"not_picked":["Clash","Undo"],"picked":"Steam","floor":11},{"not_picked":["Meteor Strike","Echo Form"],"picked":"Hyperbeam","floor":16},{"not_picked":["Cold Snap","Dagger Throw","Blade Dance"],"picked":"SKIP","floor":18},{"not_picked":["Deadly Poison","Cloak And Dagger+1"],"picked":"Shrug It Off","floor":20},{"not_picked":["Underhanded Strike","Prepared","Perfected Strike"],"picked":"SKIP","floor":21},{"not_picked":["Headbutt","Blood for Blood","Dagger Spray"],"picked":"SKIP","floor":23},{"not_picked":["A Thousand Cuts","Buffer","Eviscerate"],"picked":"SKIP","floor":25},{"not_picked":["Hologram","Chaos"],"picked":"Sweeping Beam","floor":28},{"not_picked":["Outmaneuver+1","Go for the Eyes","Perfected Strike"],"picked":"SKIP","floor":30}],"player_experience":305455,"relics_obtained":[{"floor":6,"key":"Dodecahedron"},{"floor":9,"key":"Juzu Bracelet"},{"floor":23,"key":"Happy Flower"},{"floor":25,"key":"Ancient Tea Set"},{"floor":26,"key":"PreservedInsect"},{"floor":29,"key":"Torii"}],"event_choices":[{"damage_healed":0,"gold_gain":80,"player_choice":"Gained Gold","damage_taken":0,"max_hp_gain":0,"max_hp_loss":0,"event_name":"Golden Wing","floor":2,"gold_loss":0},{"damage_healed":0,"gold_gain":0,"player_choice":"1 cards matched","damage_taken":0,"max_hp_gain":0,"max_hp_loss":0,"event_name":"Match and Keep!","floor":7,"gold_loss":0,"cards_obtained":["Die Die Die"]},{"damage_healed":23,"gold_gain":0,"player_choice":"Banana","damage_taken":0,"max_hp_gain":0,"max_hp_loss":0,"event_name":"Big Fish","floor":13,"gold_loss":0},{"cards_removed":["Strike_G"],"damage_healed":0,"gold_gain":0,"player_choice":"Gave Gold","damage_taken":0,"max_hp_gain":0,"max_hp_loss":0,"event_name":"Beggar","floor":19,"gold_loss":75},{"damage_healed":0,"gold_gain":0,"player_choice":"Opened","damage_taken":0,"relics_obtained":["Strawberry"],"max_hp_gain":0,"max_hp_loss":0,"event_name":"The Mausoleum","floor":22,"gold_loss":0,"cards_obtained":["Writhe"]},{"damage_healed":0,"gold_gain":0,"player_choice":"Fight","damage_taken":0,"max_hp_gain":0,"max_hp_loss":0,"event_name":"Colosseum","floor":31,"gold_loss":0},{"damage_healed":0,"gold_gain":0,"player_choice":"Fled From Nobs","damage_taken":0,"max_hp_gain":0,"max_hp_loss":0,"event_name":"Colosseum","floor":31,"gold_loss":0}],"is_beta":false,"boss_relics":[{"not_picked":["Sozu","White Beast Statue"],"picked":"Cursed Key"}],"items_purged_floors":[27],"is_endless":false,"potions_floor_spawned":[6,8,10,16,18,21,23,31],"killed_by":"Collector","ascension_level":10}