{"path_per_floor":["M","M","?","?","$","R","M","R","T","R","E","M","E","M","R","B",null,"M","$","?","$","?","R","M","E","T","M","R","M","E","?","R","B",null,"M","?","T","M","$","R","M","R","T","M","R","M","?","M","R"],"character_chosen":"THE_SILENT","items_purchased":["Infinite Blades","Accuracy","Prepared","Panache","Lantern"],"gold_per_floor":[115,126,201,201,90,90,108,108,182,182,215,230,261,272,272,371,371,389,112,112,12,12,12,25,55,124,140,140,159,220,220,220,316,316,336,389,440,451,298,298,311,311,311,323,323,336,436,448,448],"floor_reached":50,"campfire_rested":8,"playtime":2875,"current_hp_per_floor":[69,70,59,45,45,45,47,47,47,68,63,64,63,65,65,32,70,50,50,50,50,37,59,61,53,63,47,72,73,31,59,84,27,85,85,35,35,36,36,61,24,49,63,52,81,83,83,55,84],"items_purged":["Strike_G","Defend_G"],"gold":448,"score":534,"play_id":"f3955f46-5d0a-4bc0-87ab-f358084319fb","is_prod":false,"is_daily":false,"is_ascension_mode":true,"campfire_upgraded":3,"path_taken":["M","M","?","?","$","R","?","R","T","R","E","M","E","?","R","BOSS","M","$","?","$","?","R","?","E","T","M","R","?","E","?","R","BOSS","M","?","?","?","$","R","M","R","T","M","R","M","?","M","R","BOSS"],"build_version":"2018-02-22-BETA1","purchased_purges":2,"victory":false,"master_deck":["Defend_G","Defend_G","Defend_G+1","Strike_G","Strike_G+1","Survivor","Neutralize+1","Dagger Throw","Dagger Spray+1","Infinite Blades+1","Backflip","Dagger Throw","Flying Knee","Blur","Acrobatics","Glass Knife","Blade Dance","Accuracy","Prepared","Panache","Panache","Prepared","Adrenaline","After Image+1","Flying Knee+1","Night Terror+1","Terror","Blur+1","Well Laid Plans","Tactician","Cloak And Dagger+1","Cloak And Dagger+1"],"max_hp_per_floor":[70,70,70,70,70,70,70,70,70,70,70,70,70,70,70,70,70,70,70,70,70,75,75,75,75,85,85,85,85,85,85,85,85,85,85,85,85,85,85,85,85,85,99,99,99,99,99,99,99],"relics":["Ring of the Snake","Blood Vial","Dodecahedron","Happy Flower","Vajra","Question Card","Ginger","Pear","Tiny Chest","Astrolabe","Torii","Art of War","Lantern","Mango"],"card_choices":[{"not_picked":["Deadly Poison","Dagger Spray"],"picked":"Dagger Throw"},{"not_picked":["Bane","PiercingWail"],"picked":"Dagger Spray"},{"not_picked":["Dagger Spray","Slice"],"picked":"Backflip"},{"not_picked":["Dodge and Roll","Flying Knee"],"picked":"Dagger Throw"},{"not_picked":["Slice","Endless Agony"],"picked":"Flying Knee"},{"not_picked":["Slice","PiercingWail"],"picked":"Blur"},{"not_picked":["Catalyst","Blur"],"picked":"Acrobatics"},{"not_picked":["Wraith Form","Venomology"],"picked":"Glass Knife"},{"not_picked":["Deadly Poison","Poisoned Stab","Dodge and Roll"],"picked":"Blade Dance"},{"not_picked":["Bouncing Flask","Blur","Masterful Stab"],"picked":"Prepared"},{"not_picked":["Tools of the Trade","Grand Finale","Burst"],"picked":"Adrenaline"},{"not_picked":["Caltrops","Quick Slash","Flying Knee"],"picked":"Terror"},{"not_picked":["Setup","Caltrops","Sucker Punch"],"picked":"Blur"},{"not_picked":["Bane","Finisher","Backflip"],"picked":"Well Laid Plans"},{"not_picked":["Endless Agony","Dagger Spray","Concentrate"],"picked":"Tactician"},{"not_picked":["Bane","Acrobatics","Prepared"],"picked":"Cloak And Dagger"},{"not_picked":["Leg Sweep","Dash","Heel Hook"],"picked":"Cloak And Dagger"}],"player_experience":155435,"potions_floor_usage":[13,25,27,29,30,41,46],"damage_taken":[{"damage":1,"enemies":"Small Slimes","floor":1,"turns":3},{"damage":0,"enemies":"Jaw Worm","floor":2,"turns":4},{"damage":0,"enemies":"Cultist","floor":7,"turns":3},{"damage":7,"enemies":"Gremlin Nob","floor":11,"turns":4},{"damage":1,"enemies":"Red Slaver","floor":12,"turns":5},{"damage":3,"enemies":"Lagavulin","floor":13,"turns":6},{"damage":0,"enemies":"Lots of Slimes","floor":14,"turns":2},{"damage":35,"enemies":"The Guardian","floor":16,"turns":12},{"damage":20,"enemies":"2 Thieves","floor":18,"turns":5},{"damage":0,"enemies":"Spheric Guardian","floor":24,"turns":3},{"damage":10,"enemies":"Book of Stabbing","floor":25,"turns":4},{"damage":18,"enemies":"Snake Plant","floor":27,"turns":3},{"damage":1,"enemies":"3 Cultists","floor":29,"turns":3},{"damage":44,"enemies":"Slavers","floor":30,"turns":4},{"damage":58,"enemies":"Automaton","floor":33,"turns":8},{"damage":0,"enemies":"3 Darklings","floor":35,"turns":2},{"damage":50,"enemies":"Mysterious Sphere","floor":36,"turns":4},{"damage":1,"enemies":"Flame Bruiser 1 Orb","floor":38,"turns":3},{"damage":39,"enemies":"Sphere and 2 Shapes","floor":41,"turns":4},{"damage":13,"enemies":"Spire Growth","floor":44,"turns":4},{"damage":0,"enemies":"Flame Bruiser 2 Orb","floor":46,"turns":3},{"damage":30,"enemies":"4 Shapes","floor":48,"turns":5},{"damage":100,"enemies":"Donu and Deca","floor":50,"turns":7}],"event_choices":[{"event_name":"World of Goop","player_choice":"Gather Gold","floor":3,"damage_taken":0},{"event_name":"Shining Light","player_choice":"Entered Light","floor":4,"damage_taken":0},{"event_name":"Duplicator","player_choice":"One dupe","floor":20,"damage_taken":0},{"event_name":"Forgotten Altar","player_choice":"Shed Blood","floor":22,"damage_taken":0},{"event_name":"The Library","player_choice":"Heal","floor":31,"damage_taken":0},{"event_name":"Mysterious Sphere","player_choice":"Fight","floor":36,"damage_taken":0},{"event_name":"Golden Shrine","player_choice":"Pray","floor":47,"damage_taken":0}],"boss_relics":[{"not_picked":["Tiny House","Runic Pyramid"],"picked":"Question Card"},{"not_picked":["The Specimen","Black Star"],"picked":"Astrolabe"}],"potions_floor_spawned":[2,7,18,25,27,36,41],"seed_played":"-4890999478400693000","killed_by":"Donu and Deca","ascension_level":2,"is_trial":false}