{"path_per_floor":["M","M","?","M","M","R","E","R","T","R","?","M","R","?","R","B",null,"M","?","?","M","M","R","E","?","T","?","M","R","$","T","R","B",null,"M","?","?","$","M","R","M","R","T","R","M","$","M","?","R"],"character_chosen":"IRONCLAD","items_purchased":["Whetstone","Toolbox"],"gold_per_floor":[115,126,226,238,250,250,275,275,298,298,298,310,310,310,310,436,436,452,377,377,401,419,419,458,458,483,483,500,500,13,65,65,168,168,186,186,186,86,104,104,119,119,119,119,131,6,26,26,26],"floor_reached":50,"campfire_rested":3,"playtime":1786,"current_hp_per_floor":[57,57,57,58,55,55,39,63,63,63,63,68,68,68,68,56,70,69,69,69,58,44,44,16,16,28,54,30,30,30,35,58,29,66,58,58,78,78,50,50,40,40,40,40,48,48,35,35,58],"items_purged":["Strike_R","Writhe","Strike_R"],"gold":26,"score":650,"play_id":"03f93c42-55c7-4e67-b455-d4b1dd9573a2","is_prod":false,"is_daily":false,"is_ascension_mode":true,"campfire_upgraded":9,"path_taken":["M","M","?","M","M","R","E","R","T","R","?","M","R","?","R","BOSS","M","?","?","M","M","R","E","?","T","?","M","R","$","?","R","BOSS","M","?","?","$","M","R","M","R","T","R","?","$","M","?","R","BOSS"],"build_version":"2018-02-22-PROD2","purchased_purges":3,"victory":false,"master_deck":["Strike_R+1","Strike_R","Defend_R","Defend_R","Defend_R","Bash","Limit Break","Searing Blow+11","Flex","Flex","Battle Trance","Brutality","Inflame","Battle Trance+1","Rupture","Warcry+1"],"max_hp_per_floor":[80,80,80,80,80,80,80,80,80,80,80,80,80,74,74,74,74,74,71,71,71,71,71,71,71,78,78,78,78,78,78,78,78,78,78,78,78,78,78,78,78,78,78,78,78,78,78,78,78],"relics":["Burning Blood","Dream Catcher","Happy Flower","Bloody Idol","Mark of Pain","Torii","Strawberry","Whetstone","Toolbox","Bag of Preparation","Black Star","Paper Frog"],"card_choices":[{"not_picked":["Shrug It Off","Perfected Strike"],"picked":"Searing Blow"},{"not_picked":["Shockwave","Clothesline"],"picked":"Flex"},{"not_picked":["Clothesline","Anger"],"picked":"Flex"},{"not_picked":["True Grit","Twin Strike"],"picked":"Battle Trance"},{"not_picked":["Reaper","Barricade"],"picked":"Brutality"},{"not_picked":["Combust","Blood for Blood"],"picked":"Inflame"},{"not_picked":["Twin Strike","Combust"],"picked":"Battle Trance"},{"not_picked":["Ghostly Armor","Sword Boomerang"],"picked":"Rupture"},{"not_picked":["Armaments","Perfected Strike"],"picked":"Warcry"}],"player_experience":175068,"potions_floor_usage":[7,16,24,33,39,41,50],"damage_taken":[{"damage":21,"enemies":"Jaw Worm","floor":1,"turns":4},{"damage":6,"enemies":"Cultist","floor":2,"turns":4},{"damage":5,"enemies":"Small Slimes","floor":4,"turns":4},{"damage":9,"enemies":"3 Louse","floor":5,"turns":5},{"damage":22,"enemies":"3 Sentries","floor":7,"turns":5},{"damage":1,"enemies":"Exordium Thugs","floor":12,"turns":3},{"damage":18,"enemies":"Slime Boss","floor":16,"turns":6},{"damage":7,"enemies":"Spheric Guardian","floor":18,"turns":3},{"damage":17,"enemies":"3 Byrds","floor":21,"turns":5},{"damage":20,"enemies":"Snecko","floor":22,"turns":3},{"damage":40,"enemies":"Book of Stabbing","floor":24,"turns":3},{"damage":35,"enemies":"Snake Plant","floor":28,"turns":3},{"damage":40,"enemies":"Collector","floor":33,"turns":4},{"damage":19,"enemies":"3 Shapes","floor":35,"turns":4},{"damage":39,"enemies":"3 Darklings","floor":39,"turns":5},{"damage":21,"enemies":"Maw","floor":41,"turns":5},{"damage":3,"enemies":"Sphere and 2 Shapes","floor":45,"turns":4},{"damage":24,"enemies":"4 Shapes","floor":47,"turns":7},{"damage":59,"enemies":"Awakened One","floor":50,"turns":3}],"event_choices":[{"event_name":"Golden Shrine","player_choice":"Pray","floor":3,"damage_taken":0},{"event_name":"Accursed Blacksmith","player_choice":"Forge","floor":11,"damage_taken":0},{"event_name":"Golden Idol","player_choice":"Lose Max HP","floor":14,"damage_taken":0},{"event_name":"Beggar","player_choice":"Gave Gold","floor":19,"damage_taken":0},{"event_name":"Back to Basics","player_choice":"Elegance","floor":20,"damage_taken":0},{"event_name":"Forgotten Altar","player_choice":"Gave Idol","floor":25,"damage_taken":0},{"event_name":"The Library","player_choice":"Heal","floor":27,"damage_taken":0},{"event_name":"Match and Keep!","player_choice":"0 cards matched","floor":36,"damage_taken":0},{"event_name":"Winding Halls","player_choice":"Writhe","floor":37,"damage_taken":0}],"boss_relics":[{"not_picked":["Tiny House","White Beast Statue"],"picked":"Mark of Pain"},{"not_picked":["Runic Pyramid","Question Card"],"picked":"Black Star"}],"potions_floor_spawned":[1,4,5,12,21,28,41,45],"seed_played":"-7684623219620878544","killed_by":"Awakened One","ascension_level":10,"is_trial":false}