{"path_per_floor":["M","?","$","T","M","E","R","M","T","R","E","?","R","E","R","B",null,"M","M","?","?","?","E","R","E","T","R","M","$","?","M","R","B",null,"M","?","M","M","?","R","$","R","T","?","R","E","R","T","R"],"character_chosen":"IRONCLAD","items_purchased":["Whirlwind","Singing Bowl","Finesse","Offering"],"gold_per_floor":[112,112,31,31,47,73,73,83,83,83,113,113,113,142,142,239,239,258,271,196,196,196,230,230,265,334,334,348,28,28,40,40,144,144,155,155,167,183,183,183,32,32,57,57,57,83,83,138,138],"floor_reached":50,"campfire_rested":5,"playtime":1451,"current_hp_per_floor":[78,78,78,92,94,92,92,94,94,94,65,65,93,81,81,66,87,93,94,91,91,91,53,94,68,68,68,78,78,59,45,91,53,91,87,87,47,62,62,110,110,110,110,110,110,92,92,92,111],"items_purged":["Normality"],"gold":138,"score":842,"play_id":"3e332ff0-c62d-48b7-8388-5ca784c29a08","local_time":"20180307154104","is_prod":false,"is_daily":false,"is_ascension_mode":true,"campfire_upgraded":7,"timestamp":1520437264,"path_taken":["M","?","$","?","M","E","R","M","T","R","E","?","R","E","R","BOSS","M","M","?","?","?","E","R","E","T","R","M","$","?","M","R","BOSS","M","?","M","M","?","R","$","R","T","?","R","E","R","?","R","BOSS"],"build_version":"2018-03-01-PROD1","purchased_purges":2,"victory":false,"master_deck":["Strike_R","Strike_R","Strike_R","Strike_R+1","Strike_R","Defend_R","Bash+1","Bludgeon+1","Whirlwind+1","Flex+1","Second Wind","Bludgeon+1","Feed","Bloodletting+1","Finesse","Offering+1","Offering","Perfected Strike+1","Disarm+1"],"max_hp_per_floor":[80,80,80,94,94,94,94,94,94,94,94,94,94,94,94,94,94,94,94,91,91,91,94,94,94,94,94,97,97,102,104,104,104,104,107,107,109,111,111,111,111,111,111,111,111,111,111,111,111],"relics":["Burning Blood","Mango","Whetstone","Torii","Juzu Bracelet","Regal Pillow","Sozu","Bag of Marbles","Ancient Tea Set","Blood Vial","Happy Flower","Frozen Egg 2","Singing Bowl","Lizard Tail","Oddly Smooth Stone","Anchor","Tiny Chest"],"card_choices":[{"not_picked":["Havoc","Armaments"],"picked":"Flex"},{"not_picked":["Armaments","Rage"],"picked":"Bludgeon"},{"not_picked":["Exhume","Impervious"],"picked":"Feed"},{"not_picked":["Havoc","Flex"],"picked":"Bloodletting"},{"not_picked":["Brutality","Limit Break"],"picked":"Offering"},{"not_picked":["Clothesline","Infernal Blade"],"picked":"Disarm"}],"player_experience":216037,"potions_floor_usage":[11,16,23,50],"damage_taken":[{"damage":0,"enemies":"Small Slimes","floor":1,"turns":3},{"damage":0,"enemies":"Cultist","floor":5,"turns":2},{"damage":8,"enemies":"Gremlin Nob","floor":6,"turns":3},{"damage":0,"enemies":"2 Louse","floor":8,"turns":1},{"damage":35,"enemies":"Lagavulin","floor":11,"turns":4},{"damage":18,"enemies":"3 Sentries","floor":14,"turns":4},{"damage":21,"enemies":"Slime Boss","floor":16,"turns":6},{"damage":0,"enemies":"Chosen","floor":18,"turns":2},{"damage":0,"enemies":"Spheric Guardian","floor":19,"turns":2},{"damage":47,"enemies":"Book of Stabbing","floor":23,"turns":4},{"damage":32,"enemies":"Gremlin Leader","floor":25,"turns":3},{"damage":1,"enemies":"Snecko","floor":28,"turns":3},{"damage":24,"enemies":"Snake Plant","floor":31,"turns":3},{"damage":46,"enemies":"Collector","floor":33,"turns":4},{"damage":15,"enemies":"Orb Walker","floor":35,"turns":2},{"damage":50,"enemies":"3 Shapes","floor":37,"turns":2},{"damage":61,"enemies":"Maw","floor":38,"turns":6},{"damage":25,"enemies":"Giant Head","floor":46,"turns":5},{"damage":112,"enemies":"Time Eater","floor":50,"turns":6}],"event_choices":[{"event_name":"Upgrade Shrine","player_choice":"Upgraded","floor":2,"damage_taken":0},{"event_name":"Transmorgrifier","player_choice":"Transform","floor":12,"damage_taken":0},{"event_name":"Beggar","player_choice":"Gave Gold","floor":20,"damage_taken":0},{"event_name":"The Mausoleum","player_choice":"Yes","floor":21,"damage_taken":0},{"event_name":"Accursed Blacksmith","player_choice":"Rummage","floor":22,"damage_taken":0},{"event_name":"Forgotten Altar","player_choice":"Shed Blood","floor":30,"damage_taken":0},{"event_name":"Tomb of Lord Red Mask","player_choice":"Ignored","floor":36,"damage_taken":0},{"event_name":"Transmorgrifier","player_choice":"Transform","floor":44,"damage_taken":0}],"boss_relics":[{"not_picked":["Black Star","Cursed Key"],"picked":"Sozu"},{"not_picked":["Tiny House","Black Blood"],"picked":"Lizard Tail"}],"potions_floor_spawned":[6,8,14,16,18,25,28,35,37],"seed_played":"8870521492572777634","killed_by":"Time Eater","ascension_level":12,"is_trial":false}