{"gold_per_floor":[109,109,126,144,57,57,57,70,70,102,120,120,140,165,165,264,264,283,302,325,425,439,439,449,32,114,133,150,5,24,24,24,121,121,133,152,28,48,65,65,77,77,103,118,118],"floor_reached":45,"playtime":2609,"items_purged":["Strike_G"],"score":735,"play_id":"9889e72b-551c-4740-80ba-ea214555fecf","local_time":"20190116172048","is_ascension_mode":true,"campfire_choices":[{"data":"Jack Of All Trades","floor":6,"key":"SMITH"},{"data":"Dagger Spray","floor":15,"key":"SMITH"},{"floor":23,"key":"REST"},{"floor":32,"key":"REST"},{"floor":40,"key":"REST"},{"floor":42,"key":"REST"}],"neow_cost":"CURSE","seed_source_timestamp":1898945915873245,"circlet_count":0,"master_deck":["AscendersBane","Defend_G","Defend_G","Defend_G","Defend_G","Defend_G","Strike_G","Strike_G","Strike_G","Strike_G","Survivor","Neutralize+1","Sucker Punch+1","Dagger Spray","Blur","Jack Of All Trades+1","Dagger Spray+1","Riddle With Holes+1","Corpse Explosion","Dagger Spray+1","Sucker Punch+1","Glass Knife+1","PiercingWail","Dagger Spray+1","Good Instincts","Skewer+1","PiercingWail+1","Burst+1","Dodge and Roll+1","PanicButton+1","Distraction+1","Cloak And Dagger+1","Blur+1"],"relics":["Ring of the Serpent","Thread and Needle","Centennial Puzzle","Molten Egg 2","Pocketwatch","Bronze Scales","The Specimen","Pantograph","Toxic Egg 2","Question Card","Anchor","Lizard Tail","Potion Belt"],"potions_floor_usage":[10,33,33,38,38,39,45],"damage_taken":[{"damage":3,"enemies":"Jaw Worm","floor":1,"turns":5},{"damage":0,"enemies":"2 Louse","floor":3,"turns":4},{"damage":0,"enemies":"Small Slimes","floor":4,"turns":3},{"damage":1,"enemies":"Red Slaver","floor":8,"turns":4},{"damage":4,"enemies":"3 Sentries","floor":10,"turns":9},{"damage":0,"enemies":"Large Slime","floor":11,"turns":5},{"damage":0,"enemies":"Exordium Wildlife","floor":13,"turns":2},{"damage":0,"enemies":"Gremlin Nob","floor":14,"turns":3},{"damage":11,"enemies":"Slime Boss","floor":16,"turns":8},{"damage":15,"enemies":"2 Thieves","floor":18,"turns":2},{"damage":1,"enemies":"Chosen","floor":19,"turns":5},{"damage":14,"enemies":"Colosseum Slavers","floor":21,"turns":3},{"damage":22,"enemies":"Colosseum Nobs","floor":21,"turns":3},{"damage":4,"enemies":"Centurion and Healer","floor":22,"turns":4},{"damage":13,"enemies":"Snecko","floor":24,"turns":4},{"damage":4,"enemies":"Shelled Parasite and Fungi","floor":27,"turns":7},{"damage":0,"enemies":"Cultist and Chosen","floor":28,"turns":4},{"damage":4,"enemies":"Snake Plant","floor":30,"turns":3},{"damage":37,"enemies":"Automaton","floor":33,"turns":10},{"damage":3,"enemies":"Orb Walker","floor":35,"turns":5},{"damage":4,"enemies":"3 Darklings","floor":36,"turns":3},{"damage":0,"enemies":"Spire Growth","floor":38,"turns":8},{"damage":43,"enemies":"Transient","floor":39,"turns":5},{"damage":5,"enemies":"Writhing Mass","floor":41,"turns":11},{"damage":29,"enemies":"Spire Growth","floor":44,"turns":7},{"damage":94,"enemies":"Transient","floor":45,"turns":5}],"seed_played":"-2742780293006389251","potions_obtained":[{"floor":8,"key":"SpeedPotion"},{"floor":14,"key":"GhostInAJar"},{"floor":16,"key":"FairyPotion"},{"floor":22,"key":"GhostInAJar"},{"floor":33,"key":"Block Potion"},{"floor":36,"key":"Ancient Potion"},{"floor":38,"key":"GhostInAJar"},{"floor":44,"key":"Regen Potion"}],"is_trial":false,"path_per_floor":["M","?","M","M","$","R","?","M","T","E","M","?","M","E","R","B",null,"M","M","T","?","M","R","M","$","T","M","M","$","M","?","R","B",null,"M","M","$","M","M","R","M","R","T","M","M"],"character_chosen":"THE_SILENT","items_purchased":["Jack Of All Trades","Good Instincts","Toxic Egg 2","Anchor","PanicButton+1","Distraction+1"],"campfire_rested":4,"item_purchase_floors":[5,25,25,29,37,37],"current_hp_per_floor":[60,53,53,53,53,53,53,52,52,48,48,48,48,48,48,37,60,45,44,44,8,4,24,11,11,11,7,7,7,3,3,23,11,53,50,46,46,46,3,23,18,38,38,9,0],"gold":118,"neow_bonus":"ONE_RARE_RELIC","is_prod":false,"is_daily":false,"chose_seed":false,"campfire_upgraded":2,"win_rate":0,"timestamp":1547659248,"path_taken":["M","?","M","M","$","R","?","M","T","E","M","?","M","E","R","BOSS","M","M","?","?","M","R","M","$","T","M","M","?","M","?","R","BOSS","M","M","$","M","M","R","M","R","T","?","M"],"build_version":"2019-01-10","purchased_purges":1,"victory":false,"max_hp_per_floor":[70,67,67,67,67,67,67,67,67,67,67,67,67,67,67,67,67,67,67,67,67,67,67,67,67,67,67,67,67,67,67,67,67,67,67,67,67,67,67,67,67,67,67,67,67],"card_choices":[{"not_picked":["Underhanded Strike","Cloak And Dagger"],"picked":"Sucker Punch","floor":1},{"not_picked":["Dodge and Roll","Acrobatics"],"picked":"Dagger Spray","floor":3},{"not_picked":["Prepared","Reflex"],"picked":"Blur","floor":4},{"not_picked":["Backflip","Cloak And Dagger"],"picked":"Dagger Spray","floor":8},{"not_picked":["Dodge and Roll","Bouncing Flask"],"picked":"Riddle With Holes","floor":10},{"not_picked":["Dagger Throw+1","Sucker Punch+1"],"picked":"Corpse Explosion","floor":11},{"not_picked":["Bane+1","Deadly Poison"],"picked":"Dagger Spray+1","floor":13},{"not_picked":["Blade Dance","Quick Slash+1"],"picked":"Sucker Punch+1","floor":14},{"not_picked":["Burst","A Thousand Cuts"],"picked":"Glass Knife+1","floor":16},{"not_picked":["Terror","Deflect"],"picked":"PiercingWail","floor":18},{"not_picked":["Finisher+1","Dodge and Roll"],"picked":"Dagger Spray+1","floor":19},{"not_picked":["Prepared","Flechettes+1","Dagger Throw+1"],"picked":"SKIP","floor":22},{"not_picked":["Skewer+1","Noxious Fumes","Crippling Poison+1"],"picked":"SKIP","floor":24},{"not_picked":["Quick Slash+1","Dagger Spray+1","Bouncing Flask+1"],"picked":"Skewer+1","floor":27},{"not_picked":["Dodge and Roll+1","Dagger Spray+1","A Thousand Cuts"],"picked":"PiercingWail+1","floor":28},{"not_picked":["Eviscerate+1","Deadly Poison+1","Bane+1","Outmaneuver+1"],"picked":"SKIP","floor":30},{"not_picked":["Storm of Steel+1","Night Terror+1","Unload+1"],"picked":"Burst+1","floor":33},{"not_picked":["Calculated Gamble+1","Eviscerate+1","Slice+1"],"picked":"Dodge and Roll+1","floor":35},{"not_picked":["Quick Slash+1","Underhanded Strike+1","Flying Knee+1","Bouncing Flask+1"],"picked":"SKIP","floor":36},{"not_picked":["Quick Slash+1","Night Terror+1","Poisoned Stab+1"],"picked":"Cloak And Dagger+1","floor":38},{"not_picked":["Caltrops","Flying Knee+1","Dagger Spray+1","Underhanded Strike+1"],"picked":"SKIP","floor":39},{"not_picked":["Quick Slash+1","PiercingWail+1","Caltrops+1"],"picked":"Blur+1","floor":41},{"not_picked":["Caltrops","Accuracy+1","Catalyst+1","Flying Knee+1"],"picked":"SKIP","floor":44}],"player_experience":363725,"relics_obtained":[{"floor":9,"key":"Centennial Puzzle"},{"floor":10,"key":"Molten Egg 2"},{"floor":14,"key":"Pocketwatch"},{"floor":20,"key":"Bronze Scales"},{"floor":21,"key":"The Specimen"},{"floor":21,"key":"Pantograph"},{"floor":26,"key":"Question Card"},{"floor":43,"key":"Potion Belt"}],"event_choices":[{"cards_removed":["Parasite"],"damage_healed":0,"gold_gain":0,"player_choice":"Card Removal","damage_taken":7,"max_hp_gain":0,"max_hp_loss":0,"event_name":"Golden Wing","floor":2,"gold_loss":0},{"damage_healed":0,"gold_gain":0,"player_choice":"Grow","damage_taken":0,"max_hp_gain":0,"max_hp_loss":0,"event_name":"Living Wall","floor":7,"gold_loss":0,"cards_upgraded":["Sucker Punch"]},{"damage_healed":0,"gold_gain":0,"player_choice":"Forge","damage_taken":0,"max_hp_gain":0,"max_hp_loss":0,"event_name":"Accursed Blacksmith","floor":12,"gold_loss":0,"cards_upgraded":["Neutralize"]},{"damage_healed":0,"gold_gain":0,"player_choice":"Fight","damage_taken":0,"max_hp_gain":0,"max_hp_loss":0,"event_name":"Colosseum","floor":21,"gold_loss":0},{"damage_healed":0,"gold_gain":0,"player_choice":"Fought Nobs","damage_taken":0,"max_hp_gain":0,"max_hp_loss":0,"event_name":"Colosseum","floor":21,"gold_loss":0},{"damage_healed":0,"gold_gain":0,"player_choice":"Leave","damage_taken":0,"max_hp_gain":0,"max_hp_loss":0,"event_name":"FaceTrader","floor":31,"gold_loss":0}],"is_beta":false,"boss_relics":[{"not_picked":["Tiny House","Snecko Eye"],"picked":"Ring of the Serpent"},{"not_picked":["Empty Cage","Pandora\u0027s Box"],"picked":"Lizard Tail"}],"items_purged_floors":[25],"is_endless":false,"potions_floor_spawned":[8,14,16,18,21,22,28,33,36,38,44],"killed_by":"Transient","ascension_level":11}