{"gold_per_floor":[119,44,64,80,94,126,126,152,152,152,187,202,221,245,245,347,347,360,450,315,315,326,357,357,390,414,427,427,342,352,227,227,227],"floor_reached":33,"playtime":3001,"items_purged":["Defend_G","Strike_G","Defend_G"],"score":336,"play_id":"ce793503-8b56-4794-a944-2b37eaec8797","local_time":"20180815145138","is_ascension_mode":true,"campfire_choices":[{"data":"Neutralize","floor":7,"key":"SMITH"},{"data":"Bouncing Flask","floor":10,"key":"SMITH"},{"data":"Bane","floor":15,"key":"SMITH"},{"data":"Blind","floor":24,"key":"SMITH"},{"data":"Venomology","floor":28,"key":"SMITH"},{"floor":32,"key":"REST"}],"neow_cost":"NONE","seed_source_timestamp":15963046053171,"circlet_count":0,"master_deck":["Defend_G","Defend_G","Strike_G+1","Strike_G","Strike_G","Survivor","Neutralize+1","Backstab+1","Acrobatics","Bouncing Flask+1","Backstab","Terror","Venomology+1","Bane+1","Deep Breath","Blind+1","Bandage Up+1","Well Laid Plans+1","Acrobatics","Acrobatics+1"],"relics":["Ring of the Snake","Potion Belt","Frozen Egg 2","Blue Candle","Matryoshka","Whetstone","Centennial Puzzle","Empty Cage","Bottled Flame","Blood Vial","Art of War","Lantern","Bronze Scales"],"potions_floor_usage":[6,16,18,18,22,23,23,23,25,25,25,27,30,33,33],"damage_taken":[{"damage":0,"enemies":"Cultist","floor":1,"turns":3},{"damage":0,"enemies":"Small Slimes","floor":3,"turns":2},{"damage":0,"enemies":"2 Louse","floor":4,"turns":1},{"damage":0,"enemies":"Red Slaver","floor":5,"turns":3},{"damage":10,"enemies":"Gremlin Nob","floor":6,"turns":3},{"damage":23,"enemies":"3 Sentries","floor":8,"turns":9},{"damage":16,"enemies":"Gremlin Nob","floor":11,"turns":3},{"damage":0,"enemies":"Blue Slaver","floor":12,"turns":2},{"damage":0,"enemies":"Looter","floor":13,"turns":3},{"damage":22,"enemies":"The Guardian","floor":16,"turns":8},{"damage":6,"enemies":"2 Thieves","floor":18,"turns":3},{"damage":1,"enemies":"3 Byrds","floor":22,"turns":3},{"damage":32,"enemies":"Book of Stabbing","floor":23,"turns":7},{"damage":39,"enemies":"Gremlin Leader","floor":25,"turns":6},{"damage":19,"enemies":"3 Cultists","floor":27,"turns":6},{"damage":8,"enemies":"Snecko","floor":30,"turns":4},{"damage":65,"enemies":"Automaton","floor":33,"turns":6}],"seed_played":"8231699262869041395","potions_obtained":[{"floor":1,"key":"Regen Potion"},{"floor":3,"key":"Fire Potion"},{"floor":6,"key":"LiquidBronze"},{"floor":8,"key":"Energy Potion"},{"floor":22,"key":"Dexterity Potion"},{"floor":25,"key":"Dexterity Potion"},{"floor":30,"key":"Ancient Potion"}],"is_trial":false,"path_per_floor":["M","$","M","M","M","E","R","E","T","R","E","M","M","T","R","B",null,"M","?","$","?","M","E","R","E","T","M","R","?","M","$","R"],"character_chosen":"THE_SILENT","items_purchased":["Well Laid Plans+1"],"campfire_rested":1,"item_purchase_floors":[20],"current_hp_per_floor":[70,70,70,70,70,60,60,37,37,37,21,21,21,21,21,14,70,64,29,29,29,34,53,53,20,20,9,9,9,9,9,30,0],"gold":227,"neow_bonus":"THREE_CARDS","is_prod":false,"is_daily":false,"chose_seed":false,"campfire_upgraded":5,"win_rate":0,"timestamp":1534315898,"path_taken":["M","$","M","M","M","E","R","E","T","R","E","M","M","?","R","BOSS","M","?","$","?","M","E","R","E","T","M","R","?","M","$","R","BOSS"],"build_version":"2018-08-09","purchased_purges":3,"victory":false,"max_hp_per_floor":[70,70,70,70,70,70,70,70,70,70,70,70,70,70,70,70,70,70,70,70,70,70,70,70,70,70,70,70,70,70,70,70,70],"card_choices":[{"not_picked":["Prepared","Endless Agony"],"picked":"Backstab","floor":0},{"not_picked":["Riddle With Holes","Slice"],"picked":"Acrobatics","floor":1},{"not_picked":["Reflex","Outmaneuver","Slice"],"picked":"SKIP","floor":3},{"not_picked":["Accuracy","Dodge and Roll"],"picked":"Bouncing Flask","floor":4},{"not_picked":["Escape Plan","Underhanded Strike"],"picked":"Backstab","floor":5},{"not_picked":["Sucker Punch","Reflex"],"picked":"Terror","floor":6},{"not_picked":["Calculated Gamble","Distraction"],"picked":"Venomology","floor":8},{"not_picked":["Cloak And Dagger","Malaise"],"picked":"Bane","floor":11},{"not_picked":["Underhanded Strike","Slice","Dagger Spray"],"picked":"SKIP","floor":12},{"not_picked":["Poisoned Stab","Flying Knee","Eviscerate"],"picked":"SKIP","floor":13},{"not_picked":["PiercingWail","Poisoned Stab","Infinite Blades+1"],"picked":"SKIP","floor":18},{"not_picked":["Bouncing Flask","Finisher"],"picked":"Acrobatics","floor":22},{"not_picked":["Choke","Caltrops+1","Bane+1"],"picked":"SKIP","floor":23},{"not_picked":["Leg Sweep","Dagger Spray"],"picked":"Acrobatics+1","floor":25},{"not_picked":["Eviscerate","Predator+1","Underhanded Strike+1"],"picked":"SKIP","floor":27},{"not_picked":["Wraith Form v2+1","PiercingWail","Escape Plan+1"],"picked":"SKIP","floor":30}],"player_experience":267302,"relics_obtained":[{"floor":6,"key":"Potion Belt"},{"floor":8,"key":"Frozen Egg 2"},{"floor":9,"key":"Blue Candle"},{"floor":11,"key":"Matryoshka"},{"floor":14,"key":"Whetstone"},{"floor":14,"key":"Centennial Puzzle"},{"floor":23,"key":"Bottled Flame"},{"floor":25,"key":"Blood Vial"},{"floor":26,"key":"Art of War"},{"floor":26,"key":"Lantern"}],"event_choices":[{"event_name":"Knowing Skull","player_choice":"CARD GOLD CARD CARD ","floor":19,"damage_taken":0},{"event_name":"Upgrade Shrine","player_choice":"Upgraded","floor":21,"damage_taken":0},{"event_name":"Addict","player_choice":"Obtained Relic","floor":29,"damage_taken":0}],"is_beta":false,"boss_relics":[{"not_picked":["Ring of the Serpent","Eternal Feather"],"picked":"Empty Cage"}],"items_purged_floors":[2,20,31],"is_endless":false,"potions_floor_spawned":[1,3,6,8,16,22,25,30],"killed_by":"Automaton","ascension_level":2}