{"gold_per_floor":[364,10,20,39,57,89,108,125,125,125,140,140,153,168,168,273,323,337,350,72,84,183,183,183,183,183,193,213,213,213,226,226,323,323,340,106,69,79,92,92,107,118,118,131,131,146,146,161,161,161],"floor_reached":51,"playtime":2555,"items_purged":["Normality"],"score":661,"play_id":"d185f176-1ed1-4fbc-8c67-58f0ff5ed2dc","local_time":"20190126161921","is_ascension_mode":false,"campfire_choices":[{"data":"Consume","floor":10,"key":"SMITH"},{"data":"Defragment","floor":12,"key":"SMITH"},{"data":"Defragment","floor":15,"key":"SMITH"},{"data":"Loop","floor":23,"key":"SMITH"},{"data":"Defragment","floor":25,"key":"SMITH"},{"data":"Coolheaded","floor":30,"key":"SMITH"},{"data":"Coolheaded","floor":32,"key":"SMITH"},{"floor":40,"key":"REST"},{"floor":49,"key":"RECALL"}],"neow_cost":"CURSE","seed_source_timestamp":2759341923489161,"circlet_count":0,"master_deck":["Strike_B","Strike_B","Strike_B","Strike_B","Defend_B","Defend_B","Defend_B","Defend_B","Zap+1","Dualcast","Cold Snap","Glacier","Cold Snap+1","Loop+1","Defragment+1","Coolheaded+1","Consume+1","Compile Driver+1","Defragment+1","Leap","Conserve Battery","Coolheaded+1","Leap","Defragment+1","Reboot","Loop","Loop","Parasite","Coolheaded+1"],"relics":["Cracked Core","Runic Capacitor","Nunchaku","Bird Faced Urn","Tiny House","Whetstone","Fusion Hammer","Membership Card","Happy Flower"],"potions_floor_usage":[44,50,50],"damage_taken":[{"damage":1,"enemies":"Cultist","floor":1,"turns":3},{"damage":1,"enemies":"2 Louse","floor":3,"turns":2},{"damage":0,"enemies":"Jaw Worm","floor":4,"turns":3},{"damage":0,"enemies":"Large Slime","floor":5,"turns":7},{"damage":6,"enemies":"3 Sentries","floor":6,"turns":12},{"damage":16,"enemies":"Lots of Slimes","floor":7,"turns":4},{"damage":1,"enemies":"Red Slaver","floor":8,"turns":4},{"damage":0,"enemies":"Exordium Thugs","floor":11,"turns":5},{"damage":0,"enemies":"2 Fungi Beasts","floor":13,"turns":4},{"damage":0,"enemies":"Exordium Wildlife","floor":14,"turns":3},{"damage":29,"enemies":"The Guardian","floor":16,"turns":13},{"damage":0,"enemies":"Chosen","floor":18,"turns":5},{"damage":17,"enemies":"3 Byrds","floor":19,"turns":4},{"damage":16,"enemies":"Snake Plant","floor":21,"turns":7},{"damage":0,"enemies":"3 Cultists","floor":27,"turns":6},{"damage":12,"enemies":"Centurion and Healer","floor":28,"turns":11},{"damage":7,"enemies":"Sentry and Sphere","floor":31,"turns":5},{"damage":3,"enemies":"Automaton","floor":33,"turns":14},{"damage":2,"enemies":"3 Shapes","floor":35,"turns":7},{"damage":22,"enemies":"3 Darklings","floor":38,"turns":7},{"damage":1,"enemies":"Spire Growth","floor":39,"turns":7},{"damage":11,"enemies":"Transient","floor":41,"turns":5},{"damage":15,"enemies":"Jaw Worm Horde","floor":42,"turns":10},{"damage":3,"enemies":"Writhing Mass","floor":44,"turns":7},{"damage":0,"enemies":"Sphere and 2 Shapes","floor":46,"turns":8},{"damage":8,"enemies":"Spire Growth","floor":48,"turns":5},{"damage":23,"enemies":"Time Eater","floor":50,"turns":16}],"seed_played":"-6095761223061347999","potions_obtained":[{"floor":1,"key":"Weak Potion"},{"floor":5,"key":"GamblersBrew"},{"floor":7,"key":"Strength Potion"},{"floor":17,"key":"Fire Potion"},{"floor":48,"key":"Dexterity Potion"}],"is_trial":false,"path_per_floor":["M","$","M","M","M","E","M","M","T","R","M","R","M","M","R","B",null,"M","M","$","M","?","R","?","R","T","M","M","?","R","M","R","B",null,"M","$","$","M","M","R","M","M","T","M","?","M","?","M","R","B",null],"character_chosen":"DEFECT","items_purchased":["Runic Capacitor","Glacier","Leap","Defragment","Reboot","FocusPotion","Membership Card","Loop","Loop"],"campfire_rested":1,"item_purchase_floors":[2,2,20,20,20,20,36,36,37],"current_hp_per_floor":[74,74,73,73,73,67,51,50,50,50,52,52,56,60,60,37,80,80,65,65,57,57,57,57,57,57,65,61,61,61,62,62,67,80,80,80,80,68,79,80,80,75,75,80,80,80,80,80,80,65],"gold":161,"neow_bonus":"TWO_FIFTY_GOLD","is_prod":false,"is_daily":false,"chose_seed":false,"campfire_upgraded":7,"win_rate":0,"timestamp":1548519561,"path_taken":["M","$","M","M","?","E","M","M","T","R","M","R","M","M","R","BOSS","M","M","$","M","?","R","?","R","T","M","M","?","R","M","R","BOSS","M","?","$","M","M","R","M","M","T","M","?","M","?","?","R","BOSS"],"build_version":"2019-01-23","purchased_purges":1,"victory":true,"max_hp_per_floor":[75,75,75,75,75,75,75,75,75,75,75,75,75,75,75,75,80,80,80,80,80,80,80,80,80,80,80,80,80,80,80,80,80,80,80,80,80,80,80,80,80,80,80,80,80,80,80,80,80,80],"card_choices":[{"not_picked":["Consume","Ball Lightning"],"picked":"Cold Snap","floor":1},{"not_picked":["Turbo","Streamline"],"picked":"Cold Snap","floor":3},{"not_picked":["Self Repair","Tempest"],"picked":"Loop","floor":4},{"not_picked":["Streamline","Steam","Scrape"],"picked":"SKIP","floor":5},{"not_picked":["Redo","Stack"],"picked":"Defragment","floor":6},{"not_picked":["Tempest","Skim"],"picked":"Coolheaded","floor":7},{"not_picked":["Darkness","Hologram"],"picked":"Consume","floor":8},{"not_picked":["Aggregate","Gash"],"picked":"Compile Driver","floor":11},{"not_picked":["Gash","Compile Driver"],"picked":"Defragment","floor":13},{"not_picked":["Loop","Rebound"],"picked":"Leap","floor":14},{"not_picked":["Redo","Steam Power"],"picked":"Conserve Battery","floor":17},{"not_picked":["Go for the Eyes+1","Streamline","Skim"],"picked":"SKIP","floor":18},{"not_picked":["Ball Lightning","Go for the Eyes"],"picked":"Coolheaded","floor":19},{"not_picked":["Sweeping Beam","Reinforced Body","Turbo"],"picked":"SKIP","floor":21},{"not_picked":["Melter+1","Hologram","Stack"],"picked":"SKIP","floor":27},{"not_picked":["Fusion","Hologram","Multi-Cast"],"picked":"SKIP","floor":28},{"not_picked":["Scrape","Go for the Eyes","Stack"],"picked":"SKIP","floor":31},{"not_picked":["Double Energy+1","Chaos+1","Hologram"],"picked":"SKIP","floor":35},{"not_picked":["Stack","Barrage+1","Leap"],"picked":"SKIP","floor":38},{"not_picked":["Turbo+1","Sweeping Beam","Steam+1"],"picked":"SKIP","floor":39},{"not_picked":["Reprogram+1","Ball Lightning+1","Conserve Battery"],"picked":"SKIP","floor":41},{"not_picked":["Reprogram+1","Ball Lightning+1","Conserve Battery"],"picked":"SKIP","floor":41},{"not_picked":["Compile Driver","Stack+1"],"picked":"Cold Snap","floor":42},{"not_picked":["Sweeping Beam","Gash+1"],"picked":"Coolheaded+1","floor":44},{"not_picked":["Hyperbeam","Self Repair+1","Melter+1"],"picked":"SKIP","floor":46},{"not_picked":["Rebound","Hologram+1","Lockon+1"],"picked":"SKIP","floor":48}],"player_experience":463597,"relics_obtained":[{"floor":6,"key":"Nunchaku"},{"floor":9,"key":"Bird Faced Urn"},{"floor":26,"key":"Whetstone"},{"floor":43,"key":"Happy Flower"}],"event_choices":[{"damage_healed":0,"gold_gain":99,"player_choice":"Stole From Cult","damage_taken":0,"max_hp_gain":0,"max_hp_loss":0,"event_name":"Nest","floor":22,"gold_loss":0},{"damage_healed":0,"gold_gain":0,"player_choice":"Ignored","damage_taken":0,"max_hp_gain":0,"max_hp_loss":0,"event_name":"Cursed Tome","floor":24,"gold_loss":0},{"damage_healed":0,"gold_gain":0,"player_choice":"0 cards matched","damage_taken":0,"max_hp_gain":0,"max_hp_loss":0,"event_name":"Match and Keep!","floor":29,"gold_loss":0,"cards_obtained":[]},{"cards_removed":["Cold Snap"],"damage_healed":0,"gold_gain":0,"player_choice":"Removed Attack","damage_taken":0,"max_hp_gain":0,"max_hp_loss":0,"event_name":"Falling","floor":45,"gold_loss":0},{"damage_healed":0,"gold_gain":0,"player_choice":"Leave","damage_taken":0,"max_hp_gain":0,"max_hp_loss":0,"event_name":"FaceTrader","floor":47,"gold_loss":0}],"is_beta":false,"boss_relics":[{"not_picked":["Astrolabe","Eternal Feather"],"picked":"Tiny House"},{"not_picked":["Coffee Dripper","Runic Pyramid"],"picked":"Fusion Hammer"}],"items_purged_floors":[2],"is_endless":false,"potions_floor_spawned":[1,5,7,8,13,16,19,31,33,38,48],"ascension_level":0}