{"path_per_floor":["M","?","M","$","?","R","E","R","T","M","M","E","?","E","R","B",null,"M","M","?","$","?","R","?","M","T","M"],"character_chosen":"IRONCLAD","items_purchased":["Inflame","Reaper","Disarm","Clash"],"gold_per_floor":[117,67,78,11,11,11,46,46,69,80,94,123,123,150,150,249,249,266,286,286,55,55,55,55,74,98,109],"floor_reached":28,"campfire_rested":0,"playtime":1496,"current_hp_per_floor":[72,72,78,78,78,78,70,70,70,76,78,60,60,54,54,24,80,74,57,57,57,57,57,57,48,48,19],"items_purged":[],"gold":109,"play_id":"dc6407d7-a808-4e09-ae94-f53a8e4e17c6","is_prod":false,"is_daily":false,"campfire_rituals":0,"campfire_upgraded":4,"is_hardmode":false,"path_taken":["M","?","M","$","?","R","E","R","T","M","M","E","?","E","R","BOSS","M","M","?","$","?","R","?","M","T","?","E"],"build_version":"2017-12-21-PROD1","purchased_purges":0,"victory":false,"master_deck":["Strike_R","Strike_R","Strike_R","Strike_R","Defend_R","Defend_R","Defend_R","Bash","Shrug It Off","Headbutt","Inflame","Anger","Cleave","Rage","Disarm","Spot Weakness","Regret","Ghostly Armor","Demon Form","Twin Strike","Sword Boomerang","Reaper","Disarm","Clash","Writhe","Clash","Demon Form"],"max_hp_per_floor":[80,80,80,80,80,80,80,80,80,80,80,80,80,80,80,80,80,80,80,80,80,80,80,80,80,80,80],"relics":["Burning Blood","Gambling Chip","Ancient Tea Set","Lantern","Pen Nib","Dream Catcher","Question Card","Omamori","Toxic Egg"],"campfire_meditates":0,"card_choices":[{"not_picked":["Blood for Blood","Wild Strike"],"picked":"Shrug It Off"},{"not_picked":["Disarm","Armaments"],"picked":"Headbutt"},{"not_picked":["Barricade","Clothesline"],"picked":"Cleave"},{"not_picked":["Entrench","Anger"],"picked":"Rage"},{"not_picked":["Dropkick","True Grit"],"picked":"Disarm"},{"not_picked":["Headbutt","Reckless Charge"],"picked":"Spot Weakness"},{"not_picked":["Sentinel","Warcry"],"picked":"Ghostly Armor"},{"not_picked":["Bludgeon","Juggernaut"],"picked":"Demon Form"},{"not_picked":["Ghostly Armor","True Grit","Armaments"],"picked":"Twin Strike"},{"not_picked":["Warcry","Second Wind","Dropkick"],"picked":"Sword Boomerang"},{"not_picked":["Intimidate","Cleave","Clothesline"],"picked":"Clash"},{"not_picked":["Havoc","Clash","Sever Soul"],"picked":"Demon Form"}],"player_experience":89484,"potions_floor_usage":[11,16,19],"damage_taken":[{"damage":14,"enemies":"Jaw Worm","floor":1,"turns":4},{"damage":0,"enemies":"Cultist","floor":3,"turns":3},{"damage":14,"enemies":"Gremlin Nob","floor":7,"turns":3},{"damage":0,"enemies":"Looter","floor":10,"turns":3},{"damage":4,"enemies":"Gremlin Gang","floor":11,"turns":2},{"damage":24,"enemies":"3 Sentries","floor":12,"turns":4},{"damage":12,"enemies":"Lagavulin","floor":14,"turns":5},{"damage":36,"enemies":"Slime Boss","floor":16,"turns":7},{"damage":12,"enemies":"Spheric Guardian","floor":18,"turns":4},{"damage":23,"enemies":"3 Byrds","floor":19,"turns":5},{"damage":15,"enemies":"Snake Plant","floor":25,"turns":3},{"damage":43,"enemies":"3 Cultists","floor":27,"turns":7},{"damage":21,"enemies":"Book of Stabbing","floor":28,"turns":3}],"event_choices":[{"event_name":"The Cleric","player_choice":"Card Removal","floor":2,"damage_taken":0},{"event_name":"Transmorgrifier","player_choice":"Transform","floor":5,"damage_taken":0},{"event_name":"Big Fish","player_choice":"Box","floor":13,"damage_taken":0},{"event_name":"Vampires","player_choice":"Ignored","floor":20,"damage_taken":0},{"event_name":"The Mausoleum","player_choice":"Yes","floor":22,"damage_taken":0},{"event_name":"Drug Dealer","player_choice":"Ignored","floor":24,"damage_taken":0}],"boss_relics":[{"not_picked":["Runic Dome","Mark of Pain"],"picked":"Question Card"}],"potions_floor_spawned":[3,7,11,16,27],"seed_played":"-1965820963313924957","killed_by":"Book of Stabbing","is_trial":false}