{"gold_per_floor":[117,192,192,207,227,227,237,47,71,88,88,117,128,142,142,142],"floor_reached":16,"playtime":508,"items_purged":["Strike_R"],"score":203,"play_id":"08125024-36df-49a5-9195-eee9d5a0493a","local_time":"20190427203636","is_ascension_mode":true,"campfire_choices":[{"data":"Rage","floor":6,"key":"SMITH"},{"data":"Armaments","floor":11,"key":"SMITH"},{"data":"Strike_R","floor":15,"key":"PURGE"}],"neow_cost":"PERCENT_DAMAGE","seed_source_timestamp":3484028397444210,"circlet_count":0,"master_deck":["AscendersBane","Strike_R","Strike_R","Strike_R","Defend_R","Defend_R","Defend_R","Defend_R","Bash","Sword Boomerang","Rage+1","Armaments+1","Rampage","Shrug It Off","Sword Boomerang","Whirlwind","Shockwave"],"relics":["Burning Blood","Thread and Needle","Pen Nib","Oddly Smooth Stone","Peace Pipe"],"potions_floor_usage":[10,12,12,16],"damage_taken":[{"damage":9,"enemies":"2 Louse","floor":1,"turns":2},{"damage":3,"enemies":"Small Slimes","floor":4,"turns":4},{"damage":2,"enemies":"Jaw Worm","floor":5,"turns":2},{"damage":7,"enemies":"2 Fungi Beasts","floor":7,"turns":4},{"damage":0,"enemies":"3 Louse","floor":10,"turns":3},{"damage":6,"enemies":"3 Sentries","floor":12,"turns":7},{"damage":0,"enemies":"Blue Slaver","floor":13,"turns":4},{"damage":7,"enemies":"Exordium Wildlife","floor":14,"turns":3},{"damage":43,"enemies":"Hexaghost","floor":16,"turns":9}],"seed_played":"-101265514994222943","potions_obtained":[{"floor":7,"key":"Swift Potion"},{"floor":10,"key":"Fire Potion"},{"floor":14,"key":"SteroidPotion"}],"is_trial":false,"path_per_floor":["M","?","?","M","M","R","M","$","T","M","R","E","M","M","R","B"],"character_chosen":"IRONCLAD","items_purchased":["Shrug It Off","Strength Potion"],"campfire_rested":0,"item_purchase_floors":[8,8],"current_hp_per_floor":[47,36,25,28,32,32,31,31,31,37,37,37,43,42,42,0],"gold":142,"neow_bonus":"ONE_RARE_RELIC","is_prod":false,"is_daily":false,"chose_seed":false,"campfire_upgraded":2,"win_rate":0,"timestamp":1556393796,"path_taken":["M","?","?","M","M","R","M","$","T","M","R","E","M","M","R","BOSS"],"build_version":"2019-01-23","purchased_purges":1,"victory":false,"max_hp_per_floor":[75,75,75,75,75,75,75,75,75,75,75,75,75,75,75,75],"card_choices":[{"not_picked":["Havoc","Hemokinesis"],"picked":"Sword Boomerang","floor":1},{"not_picked":["Wild Strike","Pommel Strike"],"picked":"Rage","floor":4},{"not_picked":["Clothesline","Fiend Fire"],"picked":"Armaments","floor":5},{"not_picked":["Clash","Whirlwind"],"picked":"Rampage","floor":7},{"not_picked":["Power Through","Burning Pact"],"picked":"Sword Boomerang","floor":10},{"not_picked":["Anger","Fire Breathing"],"picked":"Whirlwind","floor":12},{"not_picked":["Feel No Pain","Impervious","Clash"],"picked":"SKIP","floor":13},{"not_picked":["Corruption","Power Through"],"picked":"Shockwave","floor":14}],"player_experience":716151,"relics_obtained":[{"floor":9,"key":"Oddly Smooth Stone"},{"floor":12,"key":"Peace Pipe"}],"event_choices":[{"damage_healed":0,"gold_gain":75,"player_choice":"Gather Gold","damage_taken":11,"max_hp_gain":0,"max_hp_loss":0,"event_name":"World of Goop","floor":2,"gold_loss":0},{"damage_healed":0,"gold_gain":0,"player_choice":"Success","damage_taken":11,"relics_obtained":["Pen Nib"],"max_hp_gain":0,"max_hp_loss":0,"event_name":"Scrap Ooze","floor":3,"gold_loss":0}],"is_beta":false,"boss_relics":[],"items_purged_floors":[8],"is_endless":false,"potions_floor_spawned":[7,10,14],"killed_by":"Hexaghost","ascension_level":19}