{"path_per_floor":["M","?","M","$","M","E","R","M","T","M","R","?","?","$","R","B",null,"M","$","?","?","?","R","M","$","T","$","E","R","M","M","R","B",null,"M","$","M","?","?","R","?","R","T","?","R","M","M","M","R","B"],"character_chosen":"THE_SILENT","items_purchased":["Sucker Punch","Predator","Noxious Fumes","Paper Crane"],"gold_per_floor":[114,114,125,24,44,79,79,99,99,119,119,119,119,19,19,124,124,139,65,99,99,99,99,114,76,100,100,134,134,150,161,161,257,257,267,74,88,88,310,310,356,356,408,378,378,394,412,424,424,424],"floor_reached":51,"campfire_rested":6,"playtime":2775,"current_hp_per_floor":[62,62,57,57,50,29,50,50,50,43,43,43,43,43,43,17,57,50,50,19,19,19,40,25,25,25,25,8,44,36,26,62,10,55,8,8,8,61,61,61,29,61,61,61,61,53,50,41,67,5],"items_purged":["Strike_G","Defend_G"],"gold":424,"score":878,"play_id":"6322e13f-64f7-4233-8e90-8839233db10a","local_time":"20180322173956","is_prod":false,"is_daily":false,"is_ascension_mode":true,"campfire_upgraded":1,"timestamp":1521761996,"path_taken":["M","?","?","$","M","E","R","M","T","M","R","?","?","$","R","BOSS","M","$","?","?","?","R","?","$","T","?","E","R","M","M","R","BOSS","M","$","M","?","?","R","?","R","T","?","R","M","?","?","R","BOSS"],"build_version":"2018-03-22","purchased_purges":2,"victory":true,"master_deck":["Defend_G+1","Defend_G","Defend_G","Defend_G+1","Strike_G+1","Strike_G","Strike_G","Survivor","Neutralize+1","Bouncing Flask+1","Sucker Punch","Bane","Bullet Time","Heel Hook","Predator","Writhe","Bouncing Flask+1","Leg Sweep","Noxious Fumes","Clumsy","Backstab","Bouncing Flask+1","Crippling Poison+1","Footwork","Choke+1","Writhe"],"max_hp_per_floor":[70,70,70,70,70,70,70,70,70,70,70,70,70,70,70,70,70,70,70,70,70,70,70,70,70,70,70,70,70,70,70,70,70,70,70,70,70,61,61,61,61,61,61,61,61,63,65,67,67,67],"relics":["White Beast Statue","Whetstone","Shovel","Pen Nib","Cursed Key","Red Mask","War Paint","Regal Pillow","The Courier","Snecko Eye","Paper Crane","Singing Bowl","Ginger","Lantern","Smiling Mask"],"card_choices":[{"not_picked":["Deflect","Footwork"],"picked":"Bouncing Flask","floor":3},{"not_picked":["Crippling Poison","Quick Slash"],"picked":"Bane","floor":8},{"not_picked":["Unload","Tactician"],"picked":"Bullet Time","floor":16},{"not_picked":["PiercingWail","Flechettes"],"picked":"Heel Hook","floor":18},{"not_picked":["Dodge and Roll","Bane"],"picked":"Leg Sweep","floor":24},{"not_picked":["Escape Plan","Dagger Throw"],"picked":"Backstab","floor":28},{"not_picked":["Dagger Spray","Blur"],"picked":"Bouncing Flask","floor":30},{"not_picked":["Acrobatics","Quick Slash"],"picked":"Crippling Poison","floor":31},{"not_picked":["Prepared","Setup"],"picked":"Footwork","floor":35},{"not_picked":["Sucker Punch","Masterful Stab"],"picked":"Choke","floor":41}],"player_experience":254815,"potions_floor_usage":[6,6,16,20,24,28,28,28,33,33,33,35,37,41,46,47,50,50],"damage_taken":[{"damage":1,"enemies":"Small Slimes","floor":1,"turns":4},{"damage":5,"enemies":"Cultist","floor":3,"turns":5},{"damage":7,"enemies":"Jaw Worm","floor":5,"turns":4},{"damage":21,"enemies":"3 Sentries","floor":6,"turns":11},{"damage":0,"enemies":"2 Fungi Beasts","floor":8,"turns":5},{"damage":7,"enemies":"Exordium Thugs","floor":10,"turns":5},{"damage":26,"enemies":"The Guardian","floor":16,"turns":9},{"damage":7,"enemies":"Shell Parasite","floor":18,"turns":5},{"damage":31,"enemies":"Masked Bandits","floor":20,"turns":4},{"damage":15,"enemies":"2 Thieves","floor":24,"turns":4},{"damage":32,"enemies":"Slavers","floor":28,"turns":6},{"damage":8,"enemies":"Snecko","floor":30,"turns":5},{"damage":10,"enemies":"Centurion and Healer","floor":31,"turns":6},{"damage":52,"enemies":"Automaton","floor":33,"turns":8},{"damage":47,"enemies":"3 Shapes","floor":35,"turns":3},{"damage":0,"enemies":"Orb Walker","floor":37,"turns":3},{"damage":32,"enemies":"Mysterious Sphere","floor":41,"turns":5},{"damage":10,"enemies":"Spire Growth","floor":46,"turns":4},{"damage":5,"enemies":"Sphere and 2 Shapes","floor":47,"turns":5},{"damage":11,"enemies":"Flame Bruiser 2 Orb","floor":48,"turns":5},{"damage":62,"enemies":"Time Eater","floor":50,"turns":13}],"event_choices":[{"event_name":"Bonfire Elementals","player_choice":"BASIC","floor":2,"damage_taken":0},{"event_name":"Dead Adventurer","player_choice":"Searched \u00271\u0027 times","floor":12,"damage_taken":0},{"event_name":"The Lab","player_choice":"Got Potions","floor":13,"damage_taken":0},{"event_name":"Masked Bandits","player_choice":"Fought over 65 gold","floor":20,"damage_taken":0},{"event_name":"The Mausoleum","player_choice":"Yes","floor":21,"damage_taken":0},{"event_name":"Duplicator","player_choice":"One dupe","floor":22,"damage_taken":0},{"event_name":"The Moai Head","player_choice":"Heal","floor":38,"damage_taken":0},{"event_name":"Tomb of Lord Red Mask","player_choice":"Wore Mask","floor":39,"damage_taken":0},{"event_name":"Mysterious Sphere","player_choice":"Fight","floor":41,"damage_taken":0},{"event_name":"The Woman in Blue","player_choice":"Bought 2 Potions","floor":44,"damage_taken":0}],"boss_relics":[{"not_picked":["The Specimen","Velvet Choker"],"picked":"Cursed Key"},{"not_picked":["Astrolabe","Question Card"],"picked":"Snecko Eye"}],"potions_floor_spawned":[1,3,5,6,8,10,16,18,20,24,28,30,31,33,35,37,41,46,47,48],"seed_played":"-794937778442300659","ascension_level":7,"is_trial":false}