{"gold_per_floor":[109,109,5,21,31,66,80,80,105,105,116,148,163,181,181,252,252,270,270,270,270,242,242,242,274,298,327,327,3,14,40,52,141,153,178,208,266,295,52,52,81,94,94,106,135,135,147,174,174,174],"floor_reached":51,"playtime":10373,"items_purged":["Regret","Strike_B+1"],"score":1986,"play_id":"63fa7ae7-d057-4eb1-90ec-e0055f344e49","local_time":"20190424160048","is_ascension_mode":true,"campfire_choices":[{"data":"Defragment","floor":8.0,"key":"SMITH"},{"floor":15.0,"key":"REST"},{"floor":24.0,"key":"REST"},{"floor":32.0,"key":"REST"},{"floor":40.0,"key":"REST"},{"floor":46.0,"key":"REST"},{"floor":49.0,"key":"REST"}],"neow_cost":"NONE","seed_source_timestamp":3197956357010821,"circlet_count":0,"master_deck":["AscendersBane","Strike_B+1","Strike_B+1","Strike_B+1","Defend_B+1","Defend_B+1","Defend_B+1","Defend_B+1","Zap+1","Dualcast","Defragment+1","Cold Snap","Defragment+1","Steam+1","Cold Snap","Cold Snap","Cold Snap","Coolheaded","Seek","Defragment","Echo Form","Reboot","Core Surge+1","Coolheaded+1","Loop","FTL+1","Glacier","Parasite","Cold Snap+1"],"special_seed":0,"relics":["Cracked Core","NeowsBlessing","Regal Pillow","Bronze Scales","War Paint","Bag of Preparation","Runic Dome","Nilry\u0027s Codex","Letter Opener","DataDisk","Molten Egg 2","Happy Flower","Boot","MawBank","Fusion Hammer","Bird Faced Urn","Oddly Smooth Stone","Question Card","Dodecahedron","Lantern"],"potions_floor_usage":[50,50],"damage_taken":[{"damage":0.0,"enemies":"Small Slimes","floor":1.0,"turns":1.0},{"damage":0.0,"enemies":"Jaw Worm","floor":4.0,"turns":1.0},{"damage":0.0,"enemies":"Cultist","floor":5.0,"turns":1.0},{"damage":31.0,"enemies":"Gremlin Nob","floor":6.0,"turns":4.0},{"damage":0.0,"enemies":"Large Slime","floor":7.0,"turns":6.0},{"damage":12.0,"enemies":"Exordium Wildlife","floor":11.0,"turns":4.0},{"damage":14.0,"enemies":"3 Sentries","floor":12.0,"turns":8.0},{"damage":0.0,"enemies":"2 Fungi Beasts","floor":13.0,"turns":3.0},{"damage":3.0,"enemies":"Looter","floor":14.0,"turns":3.0},{"damage":0.0,"enemies":"The Guardian","floor":16.0,"turns":12.0},{"damage":0.0,"enemies":"Chosen","floor":18.0,"turns":7.0},{"damage":10.0,"enemies":"2 Thieves","floor":22.0,"turns":4.0},{"damage":4.0,"enemies":"Book of Stabbing","floor":25.0,"turns":6.0},{"damage":13.0,"enemies":"Slavers","floor":27.0,"turns":6.0},{"damage":0.0,"enemies":"Sentry and Sphere","floor":30.0,"turns":7.0},{"damage":15.0,"enemies":"Gremlin Leader","floor":31.0,"turns":9.0},{"damage":0.0,"enemies":"Champ","floor":33.0,"turns":20.0},{"damage":8.0,"enemies":"3 Shapes","floor":35.0,"turns":5.0},{"damage":14.0,"enemies":"3 Darklings","floor":36.0,"turns":5.0},{"damage":16.0,"enemies":"2 Orb Walkers","floor":37.0,"turns":6.0},{"damage":8.0,"enemies":"Transient","floor":38.0,"turns":6.0},{"damage":21.0,"enemies":"Nemesis","floor":41.0,"turns":7.0},{"damage":17.0,"enemies":"Writhing Mass","floor":42.0,"turns":7.0},{"damage":12.0,"enemies":"Jaw Worm Horde","floor":44.0,"turns":11.0},{"damage":0.0,"enemies":"Giant Head","floor":45.0,"turns":17.0},{"damage":3.0,"enemies":"Transient","floor":47.0,"turns":6.0},{"damage":49.0,"enemies":"Reptomancer","floor":48.0,"turns":16.0},{"damage":0,"enemies":"Awakened One","floor":50,"turns":163}],"seed_played":"-1858829375941126252","potions_obtained":[{"floor":1.0,"key":"SteroidPotion"},{"floor":5.0,"key":"Fire Potion"},{"floor":7.0,"key":"Strength Potion"},{"floor":14.0,"key":"FocusPotion"}],"is_trial":false,"path_per_floor":["M","?","$","M","M","E","M","R","T","?","M","E","M","M","R","B",null,"M","?","?","?","M","?","R","E","T","E","$","$","M","E","R","B",null,"M","M","?","M","$","R","E","M","T","M","E","R","M","E","R","B",null],"character_chosen":"DEFECT","items_purchased":["Cold Snap","Happy Flower","Boot","FTL+1","FocusPotion"],"campfire_rested":6,"item_purchase_floors":[3,29,29,39,39],"current_hp_per_floor":[64,64,64,64,64,33,33,33,33,33,21,7,7,4,40,40,63,63,42,42,42,32,32,68,64,64,51,51,51,51,36,71,71,71,63,49,33,35,35,71,50,51,51,55,71,71,71,44,71,71],"gold":174,"neow_bonus":"THREE_ENEMY_KILL","is_prod":false,"is_daily":false,"chose_seed":false,"campfire_upgraded":1,"win_rate":0,"timestamp":1556118048,"path_taken":["M","?","$","M","M","E","M","R","T","?","M","E","?","M","R","BOSS","M","?","?","?","M","?","R","E","T","E","?","$","M","E","R","BOSS","M","?","?","M","$","R","E","M","T","M","E","R","M","E","R","BOSS"],"build_version":"2019-01-23","purchased_purges":2,"victory":true,"max_hp_per_floor":[71,71,71,71,71,71,71,71,71,71,71,71,71,71,71,71,71,71,71,71,71,71,71,71,71,71,71,71,71,71,71,71,71,71,71,71,71,71,71,71,71,71,71,71,71,71,71,71,71,71],"card_choices":[{"not_picked":["Go for the Eyes","Compile Driver"],"picked":"Defragment","floor":1.0},{"not_picked":["Genetic Algorithm","Steam"],"picked":"Defragment","floor":4.0},{"not_picked":["Recycle","Lockon"],"picked":"Steam","floor":5.0},{"not_picked":["Thunder Strike","BootSequence"],"picked":"Cold Snap","floor":6.0},{"not_picked":["Beam Cell","Go for the Eyes"],"picked":"Cold Snap","floor":7.0},{"not_picked":["Auto Shields","Barrage"],"picked":"Cold Snap","floor":11.0},{"not_picked":["Beam Cell","Sweeping Beam","Gash"],"picked":"SKIP","floor":12.0},{"not_picked":["Doom and Gloom","Gash","Reprogram"],"picked":"SKIP","floor":13.0},{"not_picked":["Compile Driver","Sweeping Beam"],"picked":"Coolheaded","floor":14.0},{"not_picked":["Core Surge","Hyperbeam"],"picked":"Seek","floor":16.0},{"not_picked":["Go for the Eyes","Double Energy","Sunder"],"picked":"SKIP","floor":18.0},{"not_picked":["Redo","Steam","Leap"],"picked":"SKIP","floor":22.0},{"not_picked":["Chaos","Scrape","Beam Cell"],"picked":"SKIP","floor":25.0},{"not_picked":["Lockon","Streamline","Echo Form"],"picked":"SKIP","floor":27.0},{"not_picked":["Lockon","Streamline"],"picked":"Echo Form","floor":27.0},{"not_picked":["Sunder+1","Glacier","Turbo"],"picked":"SKIP","floor":30.0},{"not_picked":["Rebound+1","Compile Driver+1"],"picked":"Reboot","floor":31.0},{"not_picked":["All For One+1","Machine Learning"],"picked":"Core Surge+1","floor":33.0},{"not_picked":["Gash+1","Ball Lightning+1"],"picked":"Coolheaded+1","floor":35.0},{"not_picked":["Melter+1","BootSequence","Beam Cell+1"],"picked":"SKIP","floor":36.0},{"not_picked":["Beam Cell+1","Streamline+1"],"picked":"Loop","floor":37.0},{"not_picked":["Reprogram","Go for the Eyes+1","Ball Lightning+1"],"picked":"SKIP","floor":38.0},{"not_picked":["Ball Lightning+1","Gash+1"],"picked":"Glacier","floor":41.0},{"not_picked":["Darkness","Melter+1","Compile Driver+1"],"picked":"SKIP","floor":42.0},{"not_picked":["Gash+1","Leap","Redo"],"picked":"Cold Snap+1","floor":44.0},{"not_picked":["Buffer","Conserve Battery","Hologram","Storm"],"picked":"SKIP","floor":45.0},{"not_picked":["Loop","Blizzard+1","Auto Shields","Storm"],"picked":"SKIP","floor":47.0},{"not_picked":["Steam Power","Defragment","Sunder+1","BootSequence+1"],"picked":"SKIP","floor":48.0}],"player_experience":647221,"relics_obtained":[{"floor":6.0,"key":"Bronze Scales"},{"floor":9.0,"key":"War Paint"},{"floor":12.0,"key":"Bag of Preparation"},{"floor":19.0,"key":"Nilry\u0027s Codex"},{"floor":25.0,"key":"Letter Opener"},{"floor":26.0,"key":"DataDisk"},{"floor":27.0,"key":"Molten Egg 2"},{"floor":31.0,"key":"MawBank"},{"floor":37.0,"key":"Bird Faced Urn"},{"floor":41.0,"key":"Oddly Smooth Stone"},{"floor":43.0,"key":"Question Card"},{"floor":45.0,"key":"Dodecahedron"},{"floor":48.0,"key":"Lantern"}],"event_choices":[{"damage_healed":0.0,"max_hp_gain":0.0,"max_hp_loss":0.0,"gold_gain":0.0,"event_name":"Big Fish","player_choice":"Box","floor":2.0,"gold_loss":0.0,"damage_taken":0.0,"relics_obtained":["Regal Pillow"],"cards_obtained":["Regret"]},{"damage_healed":0.0,"max_hp_gain":0.0,"max_hp_loss":0.0,"gold_gain":0.0,"event_name":"Accursed Blacksmith","player_choice":"Forge","floor":10.0,"gold_loss":0.0,"damage_taken":0.0,"cards_upgraded":["Defragment"]},{"damage_healed":0.0,"max_hp_gain":0.0,"max_hp_loss":0.0,"gold_gain":0.0,"event_name":"Cursed Tome","player_choice":"Obtained Book","floor":19.0,"gold_loss":0.0,"damage_taken":21.0},{"damage_healed":0.0,"max_hp_gain":0.0,"max_hp_loss":0.0,"gold_gain":0.0,"event_name":"Back to Basics","player_choice":"Simplicity","floor":20.0,"gold_loss":0.0,"damage_taken":0.0,"cards_upgraded":["Strike_B","Strike_B","Strike_B","Strike_B","Defend_B","Defend_B","Defend_B","Defend_B"]},{"damage_healed":0.0,"max_hp_gain":0.0,"max_hp_loss":0.0,"gold_gain":0.0,"event_name":"The Library","player_choice":"Read","floor":21.0,"gold_loss":0.0,"damage_taken":0.0,"cards_obtained":["Defragment"]},{"damage_healed":0.0,"max_hp_gain":0.0,"max_hp_loss":0.0,"gold_gain":0.0,"event_name":"Ghosts","player_choice":"Ignored","floor":23.0,"gold_loss":0.0,"damage_taken":0.0},{"damage_healed":0.0,"max_hp_gain":0.0,"max_hp_loss":0.0,"gold_gain":0.0,"event_name":"Mysterious Sphere","player_choice":"Fight","floor":37.0,"gold_loss":0.0,"damage_taken":0.0}],"is_beta":false,"boss_relics":[{"not_picked":["Cursed Key","Philosopher\u0027s Stone"],"picked":"Runic Dome"},{"not_picked":["FrozenCore","Empty Cage"],"picked":"Fusion Hammer"}],"items_purged_floors":[3,39],"is_endless":false,"potions_floor_spawned":[1,5,7,14,18,25,30,37,38,44,45],"ascension_level":18}