{"gold_per_floor":[109,124,124,137,62,80,80,80,80,80,30,41,69,82,82,82],"floor_reached":16,"playtime":607,"items_purged":["Defend_B"],"score":148,"play_id":"5f5b180d-dfb2-4c49-83ab-a1bd7e0590c2","local_time":"20190428173255","is_ascension_mode":true,"campfire_choices":[{"data":"Zap","floor":7,"key":"SMITH"},{"floor":15,"key":"REST"}],"neow_cost":"NONE","seed_source_timestamp":379922578073565,"circlet_count":0,"master_deck":["Strike_B","Strike_B","Defend_B","Defend_B","Defend_B","Zap+1","Dualcast","Rip and Tear","Loop","Leap","Leap"],"relics":["Cracked Core","NeowsBlessing","FaceOfCleric","Molten Egg 2","Omamori"],"potions_floor_usage":[13,13,16],"damage_taken":[{"damage":0,"enemies":"2 Louse","floor":1,"turns":1},{"damage":0,"enemies":"Cultist","floor":2,"turns":1},{"damage":0,"enemies":"Small Slimes","floor":4,"turns":1},{"damage":14,"enemies":"Exordium Thugs","floor":6,"turns":3},{"damage":7,"enemies":"3 Louse","floor":12,"turns":3},{"damage":19,"enemies":"Gremlin Nob","floor":13,"turns":4},{"damage":5,"enemies":"Exordium Wildlife","floor":14,"turns":4},{"damage":53,"enemies":"Hexaghost","floor":16,"turns":11}],"seed_played":"-7770935298103343897","potions_obtained":[{"floor":1,"key":"EssenceOfSteel"},{"floor":2,"key":"SkillPotion"},{"floor":4,"key":"Fire Potion"},{"floor":14,"key":"Weak Potion"}],"is_trial":false,"path_per_floor":["M","M","?","M","$","M","R","?","T","$","?","M","E","M","R","B"],"character_chosen":"DEFECT","items_purchased":[],"campfire_rested":1,"item_purchase_floors":[],"current_hp_per_floor":[68,68,68,68,68,54,54,54,54,54,54,48,30,26,49,0],"gold":82,"neow_bonus":"THREE_ENEMY_KILL","is_prod":false,"is_daily":false,"chose_seed":false,"campfire_upgraded":1,"win_rate":0,"timestamp":1556494375,"path_taken":["M","M","?","M","$","?","R","?","T","?","?","M","E","?","R","BOSS"],"build_version":"2019-04-23","purchased_purges":1,"victory":false,"max_hp_per_floor":[75,75,75,75,75,75,75,75,75,75,75,76,77,78,78,78],"card_choices":[{"not_picked":["Static Discharge","Sweeping Beam"],"picked":"Rip and Tear","floor":1},{"not_picked":["Streamline","Redo"],"picked":"Loop","floor":2},{"not_picked":["Coolheaded","Rebound"],"picked":"Leap","floor":4},{"not_picked":["Sweeping Beam","Barrage","Streamline"],"picked":"SKIP","floor":6},{"not_picked":["Redo","Stack","Sunder+1"],"picked":"SKIP","floor":12},{"not_picked":["Barrage+1","Turbo","Amplify"],"picked":"SKIP","floor":13},{"not_picked":["Aggregate","Genetic Algorithm"],"picked":"Leap","floor":14}],"player_experience":551896,"relics_obtained":[{"floor":9,"key":"Molten Egg 2"},{"floor":13,"key":"Omamori"}],"event_choices":[{"cards_removed":["Strike_B"],"damage_healed":0,"gold_gain":0,"player_choice":"Purged","damage_taken":0,"max_hp_gain":0,"max_hp_loss":0,"event_name":"Purifier","floor":3,"gold_loss":0},{"damage_healed":0,"gold_gain":0,"player_choice":"Trade","damage_taken":0,"relics_obtained":["FaceOfCleric"],"max_hp_gain":0,"max_hp_loss":0,"event_name":"FaceTrader","floor":8,"gold_loss":0},{"cards_removed":["Strike_B"],"damage_healed":0,"gold_gain":0,"player_choice":"Card Removal","damage_taken":0,"max_hp_gain":0,"max_hp_loss":0,"event_name":"The Cleric","floor":11,"gold_loss":50}],"is_beta":true,"boss_relics":[],"items_purged_floors":[5],"is_endless":false,"potions_floor_spawned":[1,2,4,6,14],"killed_by":"Hexaghost","ascension_level":9}