{"gold_per_floor":[115,129,142,154,174,174,193,224,224,254,314,314,389,9,9,110,110,110,110,110,35,35,35,35,35,35,35,35,35,35,35,35,35,35,35,35,35,35,35,35,35,35,35,35,35,35,35,35,35,35],"floor_reached":51,"playtime":5606,"items_purged":["Strike_R"],"score":1018,"play_id":"02094f03-7ad1-49e3-9244-1670dd510c64","local_time":"20190427182936","is_ascension_mode":true,"campfire_choices":[{"data":"Perfected Strike","floor":6,"key":"SMITH"},{"floor":12,"key":"REST"},{"floor":15,"key":"REST"},{"data":"Perfected Strike","floor":23,"key":"SMITH"},{"data":"Perfected Strike","floor":28,"key":"SMITH"},{"data":"Uppercut","floor":32,"key":"SMITH"},{"data":"Jack Of All Trades","floor":46,"key":"SMITH"},{"data":"Double Tap","floor":49,"key":"SMITH"}],"neow_cost":"NONE","seed_source_timestamp":291916372012388,"circlet_count":0,"master_deck":["Strike_R","Strike_R","Strike_R","Strike_R","Defend_R","Defend_R","Defend_R","Defend_R","Bash","Twin Strike","Perfected Strike+1","Pommel Strike","Uppercut+1","Pommel Strike","Dropkick","Perfected Strike+1","Perfected Strike+1","RitualDagger","Seeing Red","Double Tap+1","Pommel Strike+1","Warcry+1","Twin Strike","Warcry+1","Jack Of All Trades+1","Uppercut+1","Seeing Red+1"],"relics":["Burning Blood","Ancient Tea Set","Omamori","Dodecahedron","Vajra","Gambling Chip","Bag of Preparation","ClockworkSouvenir","Ectoplasm","Red Mask","Self Forming Clay","Strawberry","Meat on the Bone","Cursed Key","Happy Flower","Dream Catcher","Turnip"],"potions_floor_usage":[8,8,11,16,27,33,33,40,50,50,50],"damage_taken":[{"damage":6,"enemies":"Cultist","floor":1,"turns":4},{"damage":8,"enemies":"Small Slimes","floor":2,"turns":4},{"damage":0,"enemies":"2 Louse","floor":3,"turns":2},{"damage":10,"enemies":"2 Fungi Beasts","floor":4,"turns":5},{"damage":10,"enemies":"Large Slime","floor":5,"turns":4},{"damage":8,"enemies":"Blue Slaver","floor":7,"turns":2},{"damage":23,"enemies":"Lagavulin","floor":8,"turns":4},{"damage":35,"enemies":"3 Sentries","floor":10,"turns":8},{"damage":0,"enemies":"Gremlin Nob","floor":11,"turns":2},{"damage":0,"enemies":"Slime Boss","floor":16,"turns":4},{"damage":17,"enemies":"3 Byrds","floor":18,"turns":5},{"damage":10,"enemies":"Masked Bandits","floor":19,"turns":3},{"damage":3,"enemies":"Gremlin Leader","floor":24,"turns":2},{"damage":7,"enemies":"Slavers","floor":27,"turns":3},{"damage":0,"enemies":"Shell Parasite","floor":29,"turns":1},{"damage":8,"enemies":"Chosen and Byrds","floor":31,"turns":3},{"damage":18,"enemies":"Collector","floor":33,"turns":4},{"damage":0,"enemies":"Orb Walker","floor":35,"turns":1},{"damage":0,"enemies":"3 Darklings","floor":37,"turns":2},{"damage":28,"enemies":"Writhing Mass","floor":38,"turns":2},{"damage":7,"enemies":"Sphere and 2 Shapes","floor":40,"turns":2},{"damage":12,"enemies":"Reptomancer","floor":44,"turns":2},{"damage":0,"enemies":"Spire Growth","floor":45,"turns":2},{"damage":0,"enemies":"Writhing Mass","floor":47,"turns":1},{"damage":0,"enemies":"Sphere and 2 Shapes","floor":48,"turns":2},{"damage":18,"enemies":"Time Eater","floor":50,"turns":4}],"seed_played":"9187981615222991770","potions_obtained":[{"floor":1,"key":"Poison Potion"},{"floor":2,"key":"LiquidBronze"},{"floor":4,"key":"Block Potion"},{"floor":8,"key":"Poison Potion"},{"floor":11,"key":"Energy Potion"},{"floor":18,"key":"Fire Potion"},{"floor":24,"key":"Block Potion"},{"floor":27,"key":"EssenceOfSteel"},{"floor":33,"key":"Explosive Potion"},{"floor":35,"key":"SpeedPotion"},{"floor":40,"key":"SpeedPotion"},{"floor":45,"key":"BloodPotion"}],"is_trial":false,"path_per_floor":["M","M","M","M","M","R","M","E","T","E","?","R","?","$","R","B",null,"M","?","?","$","?","R","E","$","T","E","R","M","$","M","R","B",null,"M","?","M","M","?","M","T","?","T","E","M","R","M","M","R","B",null],"character_chosen":"IRONCLAD","items_purchased":["Perfected Strike","Bag of Preparation","ClockworkSouvenir"],"campfire_rested":2,"item_purchase_floors":[14,14,14],"current_hp_per_floor":[72,70,76,72,68,68,66,49,49,20,26,50,39,39,63,69,77,66,62,56,56,56,56,59,59,66,65,65,71,71,69,69,57,80,86,83,83,61,61,60,60,60,60,54,60,60,66,72,72,68],"gold":35,"neow_bonus":"RANDOM_COMMON_RELIC","is_prod":false,"is_daily":false,"chose_seed":false,"campfire_upgraded":6,"win_rate":0,"timestamp":1556411376,"path_taken":["M","M","?","M","M","R","M","E","T","E","?","R","?","$","R","BOSS","M","?","?","$","?","R","E","$","T","E","R","M","$","M","R","BOSS","M","?","M","M","?","M","?","?","T","E","M","R","?","M","R","BOSS"],"build_version":"2019-04-23","purchased_purges":1,"victory":true,"max_hp_per_floor":[80,80,80,80,80,80,80,80,80,80,80,80,80,80,80,80,80,80,80,80,80,80,80,80,80,87,87,87,87,87,87,87,87,87,87,83,83,83,83,83,83,83,83,83,83,83,83,83,83,83],"card_choices":[{"not_picked":["True Grit","Fire Breathing"],"picked":"Twin Strike","floor":1},{"not_picked":["Clothesline","Corruption"],"picked":"Perfected Strike","floor":2},{"not_picked":["Clash","Body Slam","Sword Boomerang"],"picked":"SKIP","floor":3},{"not_picked":["Sword Boomerang","Warcry"],"picked":"Pommel Strike","floor":4},{"not_picked":["Havoc","Sever Soul","Twin Strike"],"picked":"SKIP","floor":5},{"not_picked":["Havoc","Bloodletting"],"picked":"Uppercut","floor":7},{"not_picked":["Whirlwind","Fire Breathing","Warcry"],"picked":"SKIP","floor":8},{"not_picked":["Limit Break","Shrug It Off"],"picked":"Pommel Strike","floor":10},{"not_picked":["Armaments","True Grit"],"picked":"Dropkick","floor":11},{"not_picked":["True Grit+1","Clash"],"picked":"Perfected Strike","floor":18},{"not_picked":["Warcry","Juggernaut"],"picked":"Seeing Red","floor":24},{"not_picked":["Warcry","Cleave","Metallicize"],"picked":"SKIP","floor":27},{"not_picked":["Ghostly Armor","Clothesline","Hemokinesis+1"],"picked":"SKIP","floor":29},{"not_picked":["Searing Blow","Clothesline+1","Warcry"],"picked":"SKIP","floor":31},{"not_picked":["Feed","Exhume"],"picked":"Double Tap","floor":33},{"not_picked":["Flex","Sever Soul+1"],"picked":"Pommel Strike+1","floor":35},{"not_picked":["Heavy Blade","Combust+1"],"picked":"Warcry+1","floor":37},{"not_picked":["Metallicize","Clothesline+1"],"picked":"Twin Strike","floor":38},{"not_picked":["Flex","Sever Soul+1"],"picked":"Warcry+1","floor":40},{"not_picked":["Magnetism","Panache"],"picked":"Jack Of All Trades","floor":42},{"not_picked":["Anger","Spot Weakness+1"],"picked":"Uppercut+1","floor":44},{"not_picked":["Inflame","Rupture","Blood for Blood+1"],"picked":"SKIP","floor":45},{"not_picked":["Armaments+1","Searing Blow+1","Cleave"],"picked":"SKIP","floor":47},{"not_picked":["Pummel","Flex"],"picked":"Seeing Red+1","floor":48}],"player_experience":533083,"relics_obtained":[{"floor":8,"key":"Omamori"},{"floor":9,"key":"Dodecahedron"},{"floor":10,"key":"Vajra"},{"floor":11,"key":"Gambling Chip"},{"floor":19,"key":"Red Mask"},{"floor":24,"key":"Self Forming Clay"},{"floor":26,"key":"Strawberry"},{"floor":27,"key":"Meat on the Bone"},{"floor":41,"key":"Happy Flower"},{"floor":43,"key":"Dream Catcher"},{"floor":44,"key":"Turnip"}],"event_choices":[{"damage_healed":0,"gold_gain":0,"player_choice":"Searched \u00271\u0027 times","damage_taken":0,"max_hp_gain":0,"max_hp_loss":0,"event_name":"Dead Adventurer","floor":11,"gold_loss":0},{"damage_healed":0,"gold_gain":75,"player_choice":"Gather Gold","damage_taken":11,"max_hp_gain":0,"max_hp_loss":0,"event_name":"World of Goop","floor":13,"gold_loss":0},{"damage_healed":0,"gold_gain":0,"player_choice":"Fought Bandits","damage_taken":0,"max_hp_gain":0,"max_hp_loss":0,"event_name":"Masked Bandits","floor":19,"gold_loss":0},{"damage_healed":0,"gold_gain":0,"player_choice":"Joined the Cult","damage_taken":6,"max_hp_gain":0,"max_hp_loss":0,"event_name":"Nest","floor":20,"gold_loss":0,"cards_obtained":["RitualDagger"]},{"damage_healed":0,"gold_gain":0,"player_choice":"Ignored","damage_taken":0,"max_hp_gain":0,"max_hp_loss":0,"event_name":"Vampires","floor":22,"gold_loss":0},{"damage_healed":0,"gold_gain":0,"player_choice":"Max HP","damage_taken":0,"max_hp_gain":0,"max_hp_loss":4,"event_name":"Winding Halls","floor":36,"gold_loss":0},{"damage_healed":0,"gold_gain":222,"player_choice":"Wore Mask","damage_taken":0,"max_hp_gain":0,"max_hp_loss":0,"event_name":"Tomb of Lord Red Mask","floor":39,"gold_loss":0},{"damage_healed":0,"gold_gain":0,"player_choice":"Memory 1","damage_taken":0,"max_hp_gain":0,"max_hp_loss":0,"event_name":"SensoryStone","floor":42,"gold_loss":0}],"is_beta":true,"boss_relics":[{"not_picked":["Tiny House","Velvet Choker"],"picked":"Ectoplasm"},{"not_picked":["Busted Crown","Orrery"],"picked":"Cursed Key"}],"items_purged_floors":[21],"is_endless":false,"potions_floor_spawned":[1,2,4,8,11,18,24,27,33,35,40,45,47],"ascension_level":8}