{"gold_per_floor":[111,111,111,127,127,156,166,200,269,285,301,317,317,349,349,452,452,470,481,481,493,493,522,522,554,554,554,574,574,144,169,169,272,272,282,282,282,282,292,292,319,331,331,351,367,400,11,11,11,11],"floor_reached":51,"playtime":2116,"items_purged":["Defend_R"],"score":790,"play_id":"40d611d2-5d6e-450e-afa4-c62e17fc1b0b","local_time":"20180909210736","is_ascension_mode":false,"campfire_choices":[{"data":"Armaments","floor":13,"key":"SMITH"},{"data":"Shrug It Off","floor":15,"key":"SMITH"},{"floor":24,"key":"REST"},{"floor":27,"key":"REST"},{"data":"Pommel Strike","floor":29,"key":"SMITH"},{"data":"Apotheosis","floor":32,"key":"SMITH"},{"data":"Pommel Strike","floor":40,"key":"SMITH"},{"data":"Perfected Strike","floor":49,"key":"SMITH"}],"neow_cost":"","seed_source_timestamp":2182578737443512,"circlet_count":0,"master_deck":["Strike_R","Strike_R","Strike_R","Strike_R","Strike_R","Defend_R","Defend_R","Bash","Perfected Strike+1","Shrug It Off+1","Perfected Strike","Cleave","Thunderclap","Clash","Pommel Strike+1","Perfected Strike","Apotheosis+1","Twin Strike+1","Pommel Strike+1"],"relics":["Burning Blood","FossilizedHelix","Bronze Scales","Sundial","Torii","Runic Dome","Enchiridion","Bag of Marbles","Pen Nib","Pantograph","Omamori","Red Mask","Runic Pyramid","Nunchaku","Orichalcum","Matryoshka","Ornamental Fan","Dodecahedron","Happy Flower"],"potions_floor_usage":[8,14,23,25,31,33,33,35,46,50,50],"damage_taken":[{"damage":5,"enemies":"Small Slimes","floor":1,"turns":4},{"damage":6,"enemies":"Cultist","floor":4,"turns":3},{"damage":38,"enemies":"Lagavulin","floor":6,"turns":8},{"damage":0,"enemies":"Jaw Worm","floor":7,"turns":3},{"damage":2,"enemies":"3 Sentries","floor":8,"turns":6},{"damage":3,"enemies":"Large Slime","floor":10,"turns":5},{"damage":0,"enemies":"2 Fungi Beasts","floor":11,"turns":2},{"damage":0,"enemies":"3 Louse","floor":12,"turns":3},{"damage":14,"enemies":"Gremlin Nob","floor":14,"turns":4},{"damage":25,"enemies":"The Guardian","floor":16,"turns":9},{"damage":0,"enemies":"Chosen","floor":18,"turns":3},{"damage":28,"enemies":"Shell Parasite","floor":19,"turns":4},{"damage":22,"enemies":"Snake Plant","floor":21,"turns":2},{"damage":18,"enemies":"Gremlin Leader","floor":23,"turns":4},{"damage":7,"enemies":"Slavers","floor":25,"turns":3},{"damage":0,"enemies":"Snecko","floor":28,"turns":3},{"damage":0,"enemies":"Masked Bandits","floor":31,"turns":2},{"damage":59,"enemies":"Champ","floor":33,"turns":7},{"damage":0,"enemies":"3 Darklings","floor":35,"turns":3},{"damage":6,"enemies":"3 Shapes","floor":39,"turns":2},{"damage":13,"enemies":"2 Orb Walkers","floor":41,"turns":3},{"damage":8,"enemies":"Maw","floor":42,"turns":5},{"damage":0,"enemies":"3 Darklings","floor":44,"turns":3},{"damage":0,"enemies":"Sphere and 2 Shapes","floor":45,"turns":4},{"damage":31,"enemies":"Nemesis","floor":46,"turns":3},{"damage":33,"enemies":"Donu and Deca","floor":50,"turns":6}],"seed_played":"-2570321690022889742","potions_obtained":[{"floor":7,"key":"Fire Potion"},{"floor":8,"key":"Explosive Potion"},{"floor":11,"key":"Swift Potion"},{"floor":14,"key":"SpeedPotion"},{"floor":21,"key":"SkillPotion"},{"floor":25,"key":"Regen Potion"},{"floor":28,"key":"AttackPotion"},{"floor":33,"key":"Strength Potion"},{"floor":35,"key":"Fire Potion"},{"floor":41,"key":"Dexterity Potion"},{"floor":44,"key":"BloodPotion"}],"is_trial":false,"path_per_floor":["M","?","?","M","?","E","M","E","T","M","M","M","R","E","R","B",null,"M","M","?","M","?","E","R","E","T","R","M","R","$","?","R","B",null,"M","?","T","?","M","R","E","M","T","M","M","E","$","?","R","B"],"character_chosen":"IRONCLAD","items_purchased":["Apotheosis","Omamori","Dodecahedron","Happy Flower"],"campfire_rested":2,"item_purchase_floors":[30,30,47,47],"current_hp_per_floor":[80,80,80,80,80,48,54,58,58,61,67,73,73,65,65,46,80,80,58,42,26,26,14,38,37,37,61,67,67,67,80,80,32,80,80,80,80,80,80,80,73,71,71,77,80,55,55,55,55,61],"gold":11,"neow_bonus":"","is_prod":false,"is_daily":false,"chose_seed":false,"campfire_upgraded":6,"win_rate":0,"timestamp":1536523656,"path_taken":["M","?","?","M","?","E","M","E","T","?","?","M","R","E","R","BOSS","M","M","?","M","?","E","R","E","T","R","M","R","$","?","R","BOSS","M","?","?","?","M","R","E","?","T","M","?","E","$","?","R","BOSS"],"build_version":"2018-09-06","purchased_purges":1,"victory":true,"max_hp_per_floor":[80,80,80,80,80,80,80,80,80,80,80,80,80,80,80,80,80,80,80,80,80,80,80,80,80,80,80,80,80,80,80,80,80,80,80,80,80,80,80,80,80,80,80,80,80,80,80,80,80,80],"card_choices":[{"not_picked":["Sword Boomerang","True Grit"],"picked":"Perfected Strike","floor":1},{"not_picked":["Fire Breathing","Anger"],"picked":"Shrug It Off","floor":4},{"not_picked":["Flex","Clothesline"],"picked":"Twin Strike","floor":6},{"not_picked":["Disarm","Anger"],"picked":"Armaments","floor":7},{"not_picked":["Rage","Sword Boomerang","Blood for Blood"],"picked":"SKIP","floor":8},{"not_picked":["Flex","Clothesline"],"picked":"Perfected Strike","floor":10},{"not_picked":["Exhume","Anger"],"picked":"Cleave","floor":11},{"not_picked":["Shockwave","Seeing Red","Sentinel"],"picked":"SKIP","floor":12},{"not_picked":["Headbutt","Dropkick"],"picked":"Thunderclap","floor":14},{"not_picked":["Combust+1","Heavy Blade","Dual Wield"],"picked":"SKIP","floor":18},{"not_picked":["Iron Wave","Warcry"],"picked":"Clash","floor":19},{"not_picked":["Rupture","Cleave","Sever Soul+1"],"picked":"SKIP","floor":21},{"not_picked":["Rupture","Cleave","Sever Soul+1"],"picked":"SKIP","floor":21},{"not_picked":["Warcry","Fiend Fire"],"picked":"Pommel Strike","floor":23},{"not_picked":["Anger","Searing Blow","Spot Weakness"],"picked":"SKIP","floor":25},{"not_picked":["Anger","Searing Blow","Spot Weakness"],"picked":"SKIP","floor":25},{"not_picked":["Seeing Red+1","Headbutt"],"picked":"Perfected Strike","floor":28},{"not_picked":["Intimidate+1","Headbutt+1"],"picked":"Twin Strike+1","floor":35},{"not_picked":["Spot Weakness+1","Heavy Blade+1"],"picked":"Pommel Strike","floor":39},{"not_picked":["Berserk","Feed","Clothesline"],"picked":"SKIP","floor":41},{"not_picked":["Flame Barrier+1","Metallicize+1","Burning Pact+1"],"picked":"SKIP","floor":42},{"not_picked":["Sword Boomerang","Shrug It Off+1","Havoc+1"],"picked":"SKIP","floor":44},{"not_picked":["Heavy Blade","Sever Soul","Whirlwind"],"picked":"SKIP","floor":45},{"not_picked":["Clothesline","Body Slam","Power Through+1"],"picked":"SKIP","floor":46}],"player_experience":332269,"relics_obtained":[{"floor":6,"key":"FossilizedHelix"},{"floor":8,"key":"Bronze Scales"},{"floor":9,"key":"Sundial"},{"floor":14,"key":"Torii"},{"floor":20,"key":"Enchiridion"},{"floor":23,"key":"Bag of Marbles"},{"floor":25,"key":"Pen Nib"},{"floor":26,"key":"Pantograph"},{"floor":31,"key":"Red Mask"},{"floor":37,"key":"Nunchaku"},{"floor":41,"key":"Orichalcum"},{"floor":43,"key":"Matryoshka"},{"floor":46,"key":"Ornamental Fan"}],"event_choices":[{"event_name":"Transmorgrifier","player_choice":"Skipped","floor":2,"damage_taken":0},{"event_name":"Liars Game","player_choice":"disagreed","floor":3,"damage_taken":0},{"event_name":"Bonfire Elementals","player_choice":"BASIC","floor":5,"damage_taken":0},{"event_name":"Cursed Tome","player_choice":"Obtained Book","floor":20,"damage_taken":0},{"event_name":"The Woman in Blue","player_choice":"Bought 0 Potions","floor":22,"damage_taken":0},{"event_name":"Masked Bandits","player_choice":"Fought Bandits","floor":31,"damage_taken":0},{"event_name":"Purifier","player_choice":"One Purge","floor":36,"damage_taken":0},{"event_name":"Falling","player_choice":"Removed Attack","floor":38,"damage_taken":0},{"event_name":"Mysterious Sphere","player_choice":"Ignore","floor":48,"damage_taken":0}],"is_beta":false,"boss_relics":[{"not_picked":["Empty Cage","Pandora\u0027s Box"],"picked":"Runic Dome"},{"not_picked":["Astrolabe","Sozu"],"picked":"Runic Pyramid"}],"items_purged_floors":[30],"is_endless":false,"potions_floor_spawned":[7,8,11,14,21,25,28,33,35,41,44],"ascension_level":0}