{"gold_per_floor":[115,65,81,95,114,114,126,126,152,183,203,215,215,225,225,300,300,318,318,318,243,243,243,79,91,118,43,58,76,76,76,76,76],"floor_reached":33,"playtime":1051,"items_purged":["Decay"],"score":518,"play_id":"efa8665e-ae36-4bdd-8103-d757ff9686e8","local_time":"20190429173855","is_ascension_mode":true,"campfire_choices":[{"floor":13,"key":"REST"},{"floor":15,"key":"REST"},{"data":"Terror","floor":23,"key":"SMITH"},{"data":"Skewer","floor":30,"key":"SMITH"},{"floor":32,"key":"REST"}],"neow_cost":"NONE","seed_source_timestamp":3645631837731295,"circlet_count":0,"master_deck":["AscendersBane","Defend_G","Defend_G","Defend_G","Defend_G","Strike_G","Strike_G","Strike_G","Survivor","Neutralize","Caltrops","Sucker Punch","PiercingWail","Skewer+1","Terror+1","Leg Sweep","All Out Attack","Corpse Explosion","Backflip","Backflip","PiercingWail","Dagger Throw"],"relics":["Busted Crown","Pen Nib","Orichalcum","Empty Cage","Strawberry"],"potions_floor_usage":[6,7,14,16,18,25,33],"damage_taken":[{"damage":0,"enemies":"Cultist","floor":1,"turns":4},{"damage":0,"enemies":"2 Louse","floor":3,"turns":3},{"damage":7,"enemies":"Small Slimes","floor":4,"turns":5},{"damage":4,"enemies":"Blue Slaver","floor":5,"turns":4},{"damage":0,"enemies":"3 Sentries","floor":6,"turns":1},{"damage":0,"enemies":"Large Slime","floor":7,"turns":6},{"damage":46,"enemies":"Gremlin Nob","floor":10,"turns":5},{"damage":0,"enemies":"2 Fungi Beasts","floor":11,"turns":3},{"damage":0,"enemies":"3 Louse","floor":12,"turns":3},{"damage":0,"enemies":"Exordium Wildlife","floor":14,"turns":3},{"damage":12,"enemies":"The Guardian","floor":16,"turns":9},{"damage":25,"enemies":"Spheric Guardian","floor":18,"turns":6},{"damage":0,"enemies":"3 Byrds","floor":25,"turns":4},{"damage":0,"enemies":"Snake Plant","floor":28,"turns":4},{"damage":7,"enemies":"Centurion and Healer","floor":29,"turns":5},{"damage":67,"enemies":"Automaton","floor":33,"turns":10}],"seed_played":"6933346466232915279","potions_obtained":[{"floor":1,"key":"SmokeBomb"},{"floor":3,"key":"Block Potion"},{"floor":10,"key":"Strength Potion"},{"floor":12,"key":"Explosive Potion"},{"floor":14,"key":"Block Potion"},{"floor":16,"key":"GamblersBrew"},{"floor":18,"key":"Energy Potion"}],"is_trial":false,"path_per_floor":["M","$","M","M","M","E","M","?","T","E","M","M","R","M","R","B",null,"M","?","?","$","?","R","$","M","T","?","M","M","R","?","R","B"],"character_chosen":"THE_SILENT","items_purchased":["Sucker Punch","PowerPotion","Backflip","PiercingWail"],"campfire_rested":3,"item_purchase_floors":[2,24,24,24],"current_hp_per_floor":[59,59,59,52,48,48,48,48,48,2,2,2,21,21,40,28,57,32,32,32,32,45,45,45,45,52,52,52,45,45,45,66,0],"gold":76,"neow_bonus":"BOSS_RELIC","is_prod":false,"is_daily":false,"chose_seed":false,"campfire_upgraded":2,"win_rate":0,"timestamp":1556555935,"path_taken":["M","$","?","M","M","E","M","?","T","E","M","M","R","M","R","BOSS","M","?","?","$","?","R","$","M","T","?","M","M","R","?","R","BOSS"],"build_version":"2019-01-23","purchased_purges":1,"victory":false,"max_hp_per_floor":[66,66,66,66,66,66,66,66,66,66,66,66,66,66,66,66,66,66,66,66,66,66,66,66,66,73,73,73,73,73,73,73,73],"card_choices":[{"not_picked":[],"picked":"Caltrops","floor":1},{"not_picked":["Setup"],"picked":"SKIP","floor":3},{"not_picked":[],"picked":"PiercingWail","floor":4},{"not_picked":[],"picked":"Skewer","floor":5},{"not_picked":["Slice"],"picked":"SKIP","floor":7},{"not_picked":[],"picked":"Terror","floor":10},{"not_picked":[],"picked":"Leg Sweep","floor":11},{"not_picked":["Blade Dance"],"picked":"SKIP","floor":12},{"not_picked":[],"picked":"All Out Attack","floor":14},{"not_picked":[],"picked":"Corpse Explosion","floor":16},{"not_picked":[],"picked":"Backflip","floor":18},{"not_picked":[],"picked":"Dagger Throw","floor":25},{"not_picked":["Blade Dance"],"picked":"SKIP","floor":28},{"not_picked":["Underhanded Strike"],"picked":"SKIP","floor":29}],"player_experience":735812,"relics_obtained":[{"floor":9,"key":"Pen Nib"},{"floor":10,"key":"Orichalcum"},{"floor":26,"key":"Strawberry"}],"event_choices":[{"damage_healed":0,"gold_gain":0,"player_choice":"Fled","damage_taken":0,"max_hp_gain":0,"max_hp_loss":0,"event_name":"Scrap Ooze","floor":8,"gold_loss":0},{"damage_healed":0,"gold_gain":0,"player_choice":"Smashed Altar","damage_taken":0,"max_hp_gain":0,"max_hp_loss":0,"event_name":"Forgotten Altar","floor":19,"gold_loss":0,"cards_obtained":["Decay"]},{"damage_healed":0,"gold_gain":0,"player_choice":"Ignored","damage_taken":0,"max_hp_gain":0,"max_hp_loss":0,"event_name":"The Mausoleum","floor":20,"gold_loss":0},{"damage_healed":13,"gold_gain":0,"player_choice":"Heal","damage_taken":0,"max_hp_gain":0,"max_hp_loss":0,"event_name":"The Library","floor":22,"gold_loss":0},{"cards_removed":["Strike_G"],"damage_healed":0,"gold_gain":0,"player_choice":"Gave Gold","damage_taken":0,"max_hp_gain":0,"max_hp_loss":0,"event_name":"Beggar","floor":27,"gold_loss":75}],"is_beta":false,"boss_relics":[{"not_picked":["Ectoplasm","Black Star"],"picked":"Empty Cage"}],"items_purged_floors":[21],"is_endless":false,"potions_floor_spawned":[1,3,6,10,12,14,16,18],"killed_by":"Automaton","ascension_level":20}