{"gold_per_floor":[119,119,135,155,168,193,193,81,81,81,29,40,40,56,56,132,132,147,160,175,190,190],"floor_reached":22,"playtime":944,"items_purged":["Strike_R"],"score":380,"play_id":"3bfe4b1d-376a-4ed4-adb4-c7890bbe29c6","local_time":"20190424123758","is_ascension_mode":true,"campfire_choices":[{"data":"Demon Form","floor":7,"key":"SMITH"},{"data":"Rage","floor":13,"key":"SMITH"},{"data":"Defend_R","floor":15,"key":"SMITH"}],"neow_cost":"NONE","seed_source_timestamp":3195663320532418,"circlet_count":0,"master_deck":["AscendersBane","Strike_R","Strike_R","Strike_R","Strike_R","Defend_R","Defend_R","Defend_R","Defend_R+1","Bash","True Grit","Headbutt","Pommel Strike","Demon Form+1","Flame Barrier","Rage+1","Battle Trance","Feed","Juggernaut","Thunderclap+1"],"relics":["Burning Blood","Bronze Scales","Orichalcum","PreservedInsect","Ancient Tea Set","Sozu"],"potions_floor_usage":[6,10,10,16,21],"damage_taken":[{"damage":1,"enemies":"Cultist","floor":1,"turns":4},{"damage":8,"enemies":"2 Louse","floor":3,"turns":2},{"damage":12,"enemies":"Small Slimes","floor":4,"turns":3},{"damage":16,"enemies":"Red Slaver","floor":5,"turns":4},{"damage":33,"enemies":"3 Sentries","floor":6,"turns":10},{"damage":4,"enemies":"Gremlin Nob","floor":10,"turns":3},{"damage":3,"enemies":"2 Fungi Beasts","floor":12,"turns":5},{"damage":1,"enemies":"Blue Slaver","floor":14,"turns":3},{"damage":21,"enemies":"The Guardian","floor":16,"turns":9},{"damage":18,"enemies":"2 Thieves","floor":18,"turns":4},{"damage":0,"enemies":"3 Byrds","floor":19,"turns":4},{"damage":46,"enemies":"Cultist and Chosen","floor":20,"turns":6},{"damage":14,"enemies":"Sentry and Sphere","floor":21,"turns":5},{"damage":12,"enemies":"Snecko","floor":22,"turns":2}],"seed_played":"-8976599114773692885","potions_obtained":[{"floor":1,"key":"SmokeBomb"},{"floor":4,"key":"PowerPotion"},{"floor":6,"key":"Strength Potion"},{"floor":12,"key":"Fire Potion"},{"floor":14,"key":"PowerPotion"}],"is_trial":false,"path_per_floor":["M","?","M","M","M","E","R","$","T","E","?","M","R","M","R","B",null,"M","M","M","M","M"],"character_chosen":"IRONCLAD","items_purchased":["Rage"],"campfire_rested":0,"item_purchase_floors":[8],"current_hp_per_floor":[73,75,73,67,57,30,30,30,30,32,32,35,35,40,40,25,63,54,60,20,12,0],"gold":190,"neow_bonus":"RANDOM_COMMON_RELIC","is_prod":false,"is_daily":false,"chose_seed":false,"campfire_upgraded":3,"win_rate":0,"timestamp":1556105878,"path_taken":["M","?","?","M","?","E","R","?","T","E","?","M","R","M","R","BOSS","M","?","M","?","M"],"build_version":"2019-01-23","purchased_purges":1,"victory":false,"max_hp_per_floor":[75,75,75,75,75,75,75,75,75,75,75,75,75,75,75,75,75,78,78,78,78,78],"card_choices":[{"not_picked":["Metallicize","Wild Strike"],"picked":"True Grit","floor":1},{"not_picked":["Heavy Blade","Bloodletting"],"picked":"Headbutt","floor":3},{"not_picked":["Wild Strike","Clash"],"picked":"Pommel Strike","floor":4},{"not_picked":["Evolve","Second Wind"],"picked":"Demon Form","floor":5},{"not_picked":["Body Slam","Clash"],"picked":"Flame Barrier","floor":6},{"not_picked":["Twin Strike","Spot Weakness"],"picked":"Battle Trance","floor":12},{"not_picked":["Sever Soul","Reckless Charge"],"picked":"Feed","floor":14},{"not_picked":["Limit Break","Double Tap"],"picked":"Juggernaut","floor":16},{"not_picked":["Wild Strike","Reckless Charge","Perfected Strike"],"picked":"SKIP","floor":18},{"not_picked":["Cleave","Armaments"],"picked":"Thunderclap+1","floor":19},{"not_picked":["Clothesline","Sword Boomerang","Entrench"],"picked":"SKIP","floor":20},{"not_picked":["Flex","Thunderclap","Clothesline"],"picked":"SKIP","floor":21}],"player_experience":645009,"relics_obtained":[{"floor":6,"key":"Orichalcum"},{"floor":9,"key":"PreservedInsect"}],"event_choices":[{"damage_healed":2,"gold_gain":0,"player_choice":"Full Heal","damage_taken":0,"max_hp_gain":0,"max_hp_loss":0,"event_name":"Wheel of Change","floor":2,"gold_loss":0},{"damage_healed":0,"gold_gain":0,"player_choice":"Paid Gold","damage_taken":0,"relics_obtained":["Ancient Tea Set"],"max_hp_gain":0,"max_hp_loss":0,"event_name":"WeMeetAgain","floor":11,"gold_loss":52}],"is_beta":false,"boss_relics":[{"not_picked":["Calling Bell","White Beast Statue"],"picked":"Sozu"}],"items_purged_floors":[8],"is_endless":false,"potions_floor_spawned":[1,4,6,12,14,20,21],"killed_by":"Snecko","ascension_level":18}