{"gold_per_floor":[118,129,145,156,156,156,171,182,182,193,193,36,56,82,82,185,185,185,185,185,185,18,18,18,18,18,18,18,18,18,18,18,18,18,18,18,18,18,18,18,18,18,18,18,18,18,18,18,18,18],"floor_reached":51,"playtime":8040,"items_purged":["Strike_B"],"score":833,"play_id":"7bcc599b-d57b-4802-8da9-dc9856738ecd","local_time":"20180627020542","is_ascension_mode":true,"campfire_choices":[{"data":"Go for the Eyes","floor":6,"key":"SMITH"},{"floor":11,"key":"REST"},{"data":"Creative AI","floor":15,"key":"SMITH"},{"data":"Self Repair","floor":23,"key":"SMITH"},{"data":"Zap","floor":25,"key":"SMITH"},{"data":"Turbo","floor":28,"key":"SMITH"},{"data":"Reinforced Body","floor":32,"key":"SMITH"},{"data":"Amplify","floor":40,"key":"SMITH"},{"data":"Steam Power","floor":44,"key":"SMITH"},{"data":"Dualcast","floor":46,"key":"SMITH"},{"data":"Coolheaded","floor":49,"key":"SMITH"}],"neow_cost":"NONE","seed_source_timestamp":1037750126439354,"circlet_count":0,"master_deck":["Strike_B","Defend_B","Defend_B","Defend_B","Defend_B","Zap+1","Dualcast+1","Capacitor","Capacitor","Go for the Eyes+1","Coolheaded+1","Conserve Battery","Stack","Electrodynamics","Reinforced Body+1","Creative AI+1","Thunder Strike","White Noise+1","Ghostly","Ghostly","Ghostly+1","Ghostly","Ghostly","Glacier","Self Repair+1","Turbo+1","Steam Power+1","Redo+1","Barrage+1","Amplify+1","Hologram+1","Core Surge","Heatsinks+1","Steam Power+1","Redo+1"],"special_seed":17709,"relics":["Cracked Core","Bottled Flame","Calipers","Ectoplasm","Anchor","Pantograph","Tiny House","Mercury Hourglass"],"potions_floor_usage":[13,14,16,24,50,50,50],"damage_taken":[{"damage":1,"enemies":"Cultist","floor":1,"turns":3},{"damage":2,"enemies":"Small Slimes","floor":2,"turns":4},{"damage":0,"enemies":"2 Louse","floor":3,"turns":5},{"damage":10,"enemies":"2 Fungi Beasts","floor":4,"turns":4},{"damage":21,"enemies":"Gremlin Gang","floor":7,"turns":7},{"damage":8,"enemies":"Looter","floor":8,"turns":2},{"damage":5,"enemies":"Exordium Thugs","floor":10,"turns":7},{"damage":0,"enemies":"3 Louse","floor":13,"turns":1},{"damage":5,"enemies":"3 Sentries","floor":14,"turns":5},{"damage":7,"enemies":"Hexaghost","floor":16,"turns":13},{"damage":15,"enemies":"Shell Parasite","floor":18,"turns":7},{"damage":13,"enemies":"Spheric Guardian","floor":20,"turns":10},{"damage":11,"enemies":"Snake Plant","floor":21,"turns":8},{"damage":4,"enemies":"Centurion and Healer","floor":24,"turns":9},{"damage":0,"enemies":"Snecko","floor":27,"turns":7},{"damage":7,"enemies":"Slaver and Parasite","floor":29,"turns":9},{"damage":1,"enemies":"Slavers","floor":30,"turns":5},{"damage":0,"enemies":"3 Cultists","floor":31,"turns":7},{"damage":1,"enemies":"Champ","floor":33,"turns":6},{"damage":8,"enemies":"3 Shapes","floor":35,"turns":6},{"damage":1,"enemies":"3 Darklings","floor":36,"turns":6},{"damage":0,"enemies":"Maw","floor":37,"turns":8},{"damage":18,"enemies":"Sphere and 2 Shapes","floor":38,"turns":11},{"damage":2,"enemies":"3 Darklings","floor":39,"turns":5},{"damage":0,"enemies":"Maw","floor":41,"turns":9},{"damage":1,"enemies":"4 Shapes","floor":45,"turns":5},{"damage":3,"enemies":"Sphere and 2 Shapes","floor":47,"turns":7},{"damage":0,"enemies":"Time Eater","floor":50,"turns":12}],"seed_played":"408210783050283702","potions_obtained":[{"floor":1,"key":"FocusPotion"},{"floor":13,"key":"Swift Potion"},{"floor":16,"key":"FocusPotion"},{"floor":18,"key":"Energy Potion"},{"floor":27,"key":"SteroidPotion"},{"floor":29,"key":"Dexterity Potion"},{"floor":34,"key":"PowerPotion"}],"is_trial":false,"path_per_floor":["M","M","M","M","?","R","M","M","T","M","R","$","M","E","R","B",null,"M","?","M","M","$","R","M","R","T","M","R","M","E","M","R","B",null,"M","M","M","M","M","R","M","?","T","R","M","R","M","?","R","B"],"character_chosen":"DEFECT","items_purchased":["Electrodynamics","Self Repair","Turbo"],"campfire_rested":1,"item_purchase_floors":[12,22,22],"current_hp_per_floor":[74,72,72,62,62,62,41,33,33,28,50,50,50,45,45,38,75,60,37,31,20,20,20,26,26,26,36,36,37,37,37,37,37,42,42,42,42,41,42,42,42,42,42,42,42,42,42,42,42,42],"gold":18,"neow_bonus":"THREE_SMALL_POTIONS","is_prod":false,"is_daily":false,"chose_seed":false,"campfire_upgraded":10,"win_rate":0,"timestamp":1530075942,"path_taken":["M","M","M","?","?","R","M","M","T","M","R","$","M","E","R","BOSS","M","?","M","?","$","R","M","R","T","M","R","M","E","M","R","BOSS","M","M","?","M","M","R","M","?","T","R","?","R","M","?","R","BOSS"],"build_version":"2018-06-21v2","purchased_purges":1,"victory":true,"max_hp_per_floor":[75,75,75,75,75,75,75,75,75,75,75,75,75,75,75,75,75,75,37,37,37,37,37,37,37,37,37,37,37,37,37,37,37,42,42,42,42,42,42,42,42,42,42,42,42,42,42,42,42,42],"card_choices":[{"not_picked":["Chill","Go for the Eyes"],"picked":"Capacitor","floor":1},{"not_picked":["Redo","Reinforced Body"],"picked":"Capacitor","floor":2},{"not_picked":["Double Energy","Barrage"],"picked":"Go for the Eyes","floor":3},{"not_picked":["Darkness","Beam Cell"],"picked":"Coolheaded","floor":4},{"not_picked":["Beam Cell","Gash"],"picked":"Conserve Battery","floor":7},{"not_picked":["Redo","Hyperbeam","Recycle"],"picked":"SKIP","floor":8},{"not_picked":["Turbo","Streamline"],"picked":"Stack","floor":10},{"not_picked":["Stack","Sweeping Beam"],"picked":"Reinforced Body","floor":13},{"not_picked":["Rip and Tear","Beam Cell"],"picked":"Creative AI","floor":14},{"not_picked":["Creative AI","Seek"],"picked":"Thunder Strike","floor":16},{"not_picked":["Leap","Streamline"],"picked":"White Noise+1","floor":18},{"not_picked":["Cold Snap+1","Machine Learning"],"picked":"Glacier","floor":20},{"not_picked":["Darkness","Undo+1","Streamline+1"],"picked":"SKIP","floor":21},{"not_picked":["Rebound+1","Hologram","Conserve Battery"],"picked":"SKIP","floor":24},{"not_picked":["Beam Cell","Seek"],"picked":"Steam Power","floor":27},{"not_picked":["Recycle","Reinforced Body"],"picked":"Redo+1","floor":29},{"not_picked":["Fission","Gash+1"],"picked":"Barrage+1","floor":30},{"not_picked":["Coolheaded","Rebound","Beam Cell"],"picked":"SKIP","floor":31},{"not_picked":["Machine Learning","All For One"],"picked":"Amplify","floor":33},{"not_picked":["Redo","Rebound"],"picked":"Hologram+1","floor":34},{"not_picked":["Compile Driver","Cold Snap","Auto Shields"],"picked":"SKIP","floor":35},{"not_picked":["Streamline","Reinforced Body"],"picked":"Core Surge","floor":36},{"not_picked":["Coolheaded+1","Ball Lightning"],"picked":"Heatsinks+1","floor":37},{"not_picked":["Rebound","Double Energy"],"picked":"Steam Power+1","floor":38},{"not_picked":["Rip and Tear","Cold Snap","Beam Cell+1"],"picked":"SKIP","floor":39},{"not_picked":["Genetic Algorithm","Melter+1"],"picked":"Redo+1","floor":41},{"not_picked":["Chaos","Go for the Eyes","Turbo+1"],"picked":"SKIP","floor":45},{"not_picked":["Streamline","Steam","Sweeping Beam+1"],"picked":"SKIP","floor":47}],"player_experience":260258,"relics_obtained":[{"floor":9,"key":"Bottled Flame"},{"floor":14,"key":"Calipers"},{"floor":26,"key":"Anchor"},{"floor":30,"key":"Pantograph"},{"floor":43,"key":"Mercury Hourglass"}],"event_choices":[{"event_name":"Living Wall","player_choice":"Forget","floor":5,"damage_taken":0},{"event_name":"Ghosts","player_choice":"Became a Ghost","floor":19,"damage_taken":0},{"event_name":"The Lab","player_choice":"Got Potions","floor":42,"damage_taken":0},{"event_name":"Purifier","player_choice":"One Purge","floor":48,"damage_taken":0}],"boss_relics":[{"not_picked":["Inserter","Fusion Hammer"],"picked":"Ectoplasm"},{"not_picked":["Runic Pyramid","Calling Bell"],"picked":"Tiny House"}],"items_purged_floors":[22],"is_endless":false,"potions_floor_spawned":[1,3,7,10,13,16,18,27,29,33,35,36,38,45],"ascension_level":3}