{"gold_per_floor":[360,375,550,550,574,574,589,589,614,583,606,628,658,701,713,824,836,862,874,985,283,283,283,283,283,283,283,317,317,342,352,352,454,454,471,1470,1486,1497,1497,1497,1513,716,771,790,790,790,196,196,196,196],"floor_reached":51,"playtime":3577,"items_purged":["Normality","Normality"],"score":1045,"play_id":"8504ac13-b14c-44d9-9b3e-3403fbb73415","local_time":"20180916122323","is_ascension_mode":true,"campfire_choices":[{"floor":6,"key":"REST"},{"floor":15,"key":"REST"},{"floor":23,"key":"REST"},{"floor":25,"key":"REST"},{"floor":27,"key":"REST"},{"floor":29,"key":"REST"},{"floor":32,"key":"REST"},{"data":"Terror","floor":40,"key":"SMITH"},{"floor":45,"key":"REST"},{"floor":49,"key":"REST"}],"neow_cost":"TEN_PERCENT_HP_LOSS","seed_source_timestamp":166313081885761,"circlet_count":0,"master_deck":["Survivor","Neutralize","AscendersBane","Choke","Outmaneuver","Slice","Well Laid Plans","Terror+1","Venomology","Tools of the Trade","Deadly Poison","Finisher","Sucker Punch","Heel Hook","Escape Plan","Flying Knee","Skewer","Heel Hook","Underhanded Strike","Acrobatics","Slice","Expertise+1","Tactician+1","Sadistic Nature","Predator+1","Cloak And Dagger+1","Storm of Steel+1","Reflex+1","Acrobatics+1","Infinite Blades+1","Phantasmal Killer+1","Dagger Throw+1","Backflip+1","Writhe","Slice+1","Apotheosis+1","Dark Shackles+1","Shame","Dagger Throw","Terror+1","Mayhem","Finesse+1","Secret Weapon+1","Finesse+1","Escape Plan+1"],"relics":["Ring of the Snake","Bag of Preparation","MawBank","Smiling Mask","Pandora\u0027s Box","Juzu Bracelet","Toxic Egg 2","Dream Catcher","Meat on the Bone","Red Mask","Ancient Tea Set","Cursed Key","Bag of Marbles","Tiny Chest","MealTicket","Snake Skull","Pen Nib","Orichalcum"],"potions_floor_usage":[12,12,14,16,16,24,28,30,31,33,37,38,41,46,50,50,50,50,50,50],"damage_taken":[{"damage":6,"enemies":"2 Louse","floor":1,"turns":3},{"damage":1,"enemies":"Small Slimes","floor":2,"turns":4},{"damage":11,"enemies":"Jaw Worm","floor":7,"turns":6},{"damage":1,"enemies":"Blue Slaver","floor":11,"turns":4},{"damage":6,"enemies":"Exordium Thugs","floor":12,"turns":3},{"damage":18,"enemies":"Exordium Wildlife","floor":13,"turns":5},{"damage":1,"enemies":"3 Sentries","floor":14,"turns":11},{"damage":34,"enemies":"Hexaghost","floor":16,"turns":11},{"damage":16,"enemies":"Shell Parasite","floor":18,"turns":4},{"damage":30,"enemies":"Colosseum Slavers","floor":24,"turns":4},{"damage":24,"enemies":"Masked Bandits","floor":28,"turns":4},{"damage":22,"enemies":"Book of Stabbing","floor":30,"turns":3},{"damage":0,"enemies":"3 Byrds","floor":31,"turns":3},{"damage":24,"enemies":"Automaton","floor":33,"turns":4},{"damage":23,"enemies":"Orb Walker","floor":35,"turns":3},{"damage":25,"enemies":"3 Darklings","floor":37,"turns":5},{"damage":0,"enemies":"Transient","floor":38,"turns":5},{"damage":16,"enemies":"4 Shapes","floor":41,"turns":5},{"damage":4,"enemies":"Spire Growth","floor":44,"turns":3},{"damage":0,"enemies":"Reptomancer","floor":46,"turns":1},{"damage":33,"enemies":"Donu and Deca","floor":50,"turns":6}],"seed_played":"-8981531712157145049","potions_obtained":[{"floor":7,"key":"Poison Potion"},{"floor":11,"key":"Fire Potion"},{"floor":12,"key":"GhostInAJar"},{"floor":13,"key":"EssenceOfSteel"},{"floor":14,"key":"SkillPotion"},{"floor":28,"key":"Explosive Potion"},{"floor":31,"key":"GamblersBrew"},{"floor":37,"key":"Regen Potion"},{"floor":38,"key":"Block Potion"}],"is_trial":false,"path_per_floor":["M","M","?","?","T","R","M","?","T","?","M","M","M","E","R","B",null,"M","$","?","$","?","R","?","R","T","R","?","R","E","M","R","B",null,"M","?","M","M","?","R","M","$","T","M","R","M","$","?","R","B"],"character_chosen":"THE_SILENT","items_purchased":["Juzu Bracelet","Toxic Egg 2","Expertise+1","Tactician+1","Sadistic Nature","Apotheosis+1","Bag of Marbles","Tiny Chest","MealTicket","Dark Shackles+1","Pen Nib","Orichalcum","Mayhem","LiquidBronze"],"campfire_rested":9,"item_purchase_floors":[21,21,21,21,21,42,42,42,42,42,47,47,47,47],"current_hp_per_floor":[57,56,56,43,43,61,50,43,43,43,42,36,18,17,35,1,48,32,32,32,32,32,50,29,47,47,63,39,57,35,35,53,41,58,35,35,22,36,52,52,36,36,36,32,50,50,57,47,63,42],"gold":196,"neow_bonus":"TWO_FIFTY_GOLD","is_prod":false,"is_daily":false,"chose_seed":false,"campfire_upgraded":1,"win_rate":0,"timestamp":1537097003,"path_taken":["M","M","?","?","?","R","?","?","T","?","?","?","M","E","R","BOSS","M","$","?","?","?","R","?","R","T","R","?","R","E","M","R","BOSS","M","?","M","M","?","R","M","$","T","M","R","M","$","?","R","BOSS"],"build_version":"2018-09-06","purchased_purges":2,"victory":true,"max_hp_per_floor":[63,63,63,63,63,63,63,63,63,63,63,63,63,63,63,63,63,63,63,63,63,63,63,63,63,63,63,63,63,63,63,63,63,63,63,63,63,63,63,63,63,63,63,63,63,63,63,63,63,63],"card_choices":[{"not_picked":["Bane","Tactician"],"picked":"Choke","floor":1},{"not_picked":["Poisoned Stab","Finisher"],"picked":"Outmaneuver","floor":2},{"not_picked":["Accuracy","Caltrops"],"picked":"Slice","floor":7},{"not_picked":["Blade Dance","Underhanded Strike"],"picked":"Well Laid Plans","floor":11},{"not_picked":["Poisoned Stab","Backstab"],"picked":"Terror","floor":12},{"not_picked":["Bane","Terror","Deflect"],"picked":"SKIP","floor":13},{"not_picked":["Die Die Die","Choke"],"picked":"Venomology","floor":14},{"not_picked":["Glass Knife","Storm of Steel"],"picked":"Tools of the Trade","floor":16},{"not_picked":["Cloak And Dagger","Underhanded Strike"],"picked":"Slice","floor":18},{"not_picked":["Dagger Throw+1","PiercingWail+1"],"picked":"Predator+1","floor":27},{"not_picked":["Eviscerate","Caltrops"],"picked":"Cloak And Dagger+1","floor":28},{"not_picked":["Dagger Throw","Quick Slash+1"],"picked":"Storm of Steel+1","floor":29},{"not_picked":["Bouncing Flask+1","Deadly Poison+1"],"picked":"Reflex+1","floor":30},{"not_picked":["Quick Slash","Caltrops+1"],"picked":"Acrobatics+1","floor":31},{"not_picked":["PiercingWail+1","Outmaneuver+1"],"picked":"Infinite Blades+1","floor":32},{"not_picked":["Venomology+1","Malaise+1"],"picked":"Phantasmal Killer+1","floor":33},{"not_picked":["Dodge and Roll+1","PiercingWail+1"],"picked":"Dagger Throw+1","floor":35},{"not_picked":["Quick Slash","Blade Dance+1"],"picked":"Backflip+1","floor":37},{"not_picked":["Setup+1","Backflip+1","Underhanded Strike"],"picked":"SKIP","floor":38},{"not_picked":["Catalyst+1","Prepared+1"],"picked":"Slice+1","floor":41},{"not_picked":["Bane","Outmaneuver+1"],"picked":"Dagger Throw","floor":44},{"not_picked":["Predator+1","Infinite Blades"],"picked":"Terror+1","floor":45},{"not_picked":["Panacea+1","Metamorphosis+1"],"picked":"Finesse+1","floor":48},{"not_picked":["Dramatic Entrance","Swift Strike"],"picked":"Secret Weapon+1","floor":48},{"not_picked":["Blind+1","Dark Shackles+1"],"picked":"Finesse+1","floor":48},{"not_picked":["Prepared+1","Distraction+1"],"picked":"Escape Plan+1","floor":49}],"player_experience":376111,"relics_obtained":[{"floor":5,"key":"Bag of Preparation"},{"floor":9,"key":"MawBank"},{"floor":14,"key":"Smiling Mask"},{"floor":26,"key":"Meat on the Bone"},{"floor":28,"key":"Red Mask"},{"floor":30,"key":"Ancient Tea Set"},{"floor":43,"key":"Snake Skull"}],"event_choices":[{"event_name":"Liars Game","player_choice":"agreed","floor":3,"damage_taken":0},{"event_name":"Shining Light","player_choice":"Entered Light","floor":4,"damage_taken":0},{"event_name":"Golden Wing","player_choice":"Card Removal","floor":8,"damage_taken":0},{"event_name":"World of Goop","player_choice":"Left","floor":10,"damage_taken":0},{"event_name":"Nest","player_choice":"Stole From Cult","floor":20,"damage_taken":0},{"event_name":"The Mausoleum","player_choice":"Yes","floor":22,"damage_taken":0},{"event_name":"Colosseum","player_choice":"Fight","floor":24,"damage_taken":0},{"event_name":"Colosseum","player_choice":"Fled From Nobs","floor":24,"damage_taken":0},{"event_name":"Masked Bandits","player_choice":"Fought Bandits","floor":28,"damage_taken":0},{"event_name":"MindBloom","player_choice":"Gold","floor":36,"damage_taken":0},{"event_name":"Winding Halls","player_choice":"Writhe","floor":39,"damage_taken":0},{"event_name":"SensoryStone","player_choice":"Memory 3","floor":48,"damage_taken":0}],"is_beta":false,"boss_relics":[{"not_picked":["Tiny House","Empty Cage"],"picked":"Pandora\u0027s Box"},{"not_picked":["Velvet Choker","Lizard Tail"],"picked":"Cursed Key"}],"items_purged_floors":[42,47],"is_endless":false,"potions_floor_spawned":[7,11,12,13,14,28,31,37,38],"ascension_level":10}