{"gold_per_floor":[110,110,123,123,48,48,63,76,103,103,3,18,37,52,52,152,152,77,77,77,77,77,77,77,77,77,77,77,77,2,2,2,2,2,2,2,2,2,2,2,2,2,2,2,2,2,2,2,2,2],"floor_reached":51,"playtime":5475,"items_purged":["Strike_G","Strike_G"],"score":798,"play_id":"a737e357-e048-43d1-90c1-0dd7f823d43e","local_time":"20180702004015","is_ascension_mode":true,"campfire_choices":[{"data":"Neutralize","floor":6,"key":"SMITH"},{"data":"Noxious Fumes","floor":15,"key":"SMITH"},{"floor":23,"key":"REST"},{"data":"Footwork","floor":25,"key":"SMITH"},{"data":"A Thousand Cuts","floor":27,"key":"SMITH"},{"data":"Footwork","floor":32,"key":"SMITH"},{"data":"Calculated Gamble","floor":40,"key":"SMITH"},{"data":"Caltrops","floor":42,"key":"SMITH"},{"data":"Acrobatics","floor":47,"key":"SMITH"},{"data":"Backflip","floor":49,"key":"SMITH"}],"neow_cost":"NONE","seed_source_timestamp":1412199008889349,"circlet_count":0,"master_deck":["Defend_G+1","Defend_G+1","Defend_G+1","Defend_G+1","Defend_G+1","Survivor","Neutralize+1","Backflip+1","Dash","Noxious Fumes+1","Acrobatics+1","Calculated Gamble+1","Backflip","Bane","A Thousand Cuts+1","Footwork+1","Caltrops+1","Footwork+1","Envenom","Prepared+1","Madness","Madness","Malaise+1","Malaise+1"],"relics":["Runic Dome","Ancient Tea Set","Ectoplasm","Bird Faced Urn","Coffee Dripper","Happy Flower","Tough Bandages"],"potions_floor_usage":[16,18,50,50],"damage_taken":[{"damage":0,"enemies":"2 Louse","floor":1,"turns":4},{"damage":0,"enemies":"Small Slimes","floor":3,"turns":4},{"damage":0,"enemies":"Cultist","floor":7,"turns":4},{"damage":4,"enemies":"3 Louse","floor":8,"turns":3},{"damage":0,"enemies":"Red Slaver","floor":12,"turns":6},{"damage":0,"enemies":"2 Fungi Beasts","floor":13,"turns":5},{"damage":1,"enemies":"Large Slime","floor":14,"turns":8},{"damage":11,"enemies":"The Guardian","floor":16,"turns":10},{"damage":10,"enemies":"2 Thieves","floor":18,"turns":4},{"damage":4,"enemies":"Spheric Guardian","floor":21,"turns":6},{"damage":25,"enemies":"Chosen and Byrds","floor":22,"turns":8},{"damage":0,"enemies":"Snecko","floor":29,"turns":5},{"damage":0,"enemies":"Snake Plant","floor":31,"turns":4},{"damage":64,"enemies":"Champ","floor":33,"turns":18},{"damage":12,"enemies":"Orb Walker","floor":35,"turns":4},{"damage":1,"enemies":"3 Shapes","floor":37,"turns":5},{"damage":0,"enemies":"3 Darklings","floor":38,"turns":6},{"damage":0,"enemies":"Giant Head","floor":41,"turns":11},{"damage":3,"enemies":"4 Shapes","floor":44,"turns":7},{"damage":0,"enemies":"Sphere and 2 Shapes","floor":48,"turns":5},{"damage":9,"enemies":"Awakened One","floor":50,"turns":18}],"seed_played":"2623365096877494798","potions_obtained":[{"floor":8,"key":"EssenceOfSteel"},{"floor":12,"key":"FairyPotion"},{"floor":14,"key":"FearPotion"},{"floor":16,"key":"Dexterity Potion"},{"floor":22,"key":"Fire Potion"},{"floor":33,"key":"GamblersBrew"}],"is_trial":false,"path_per_floor":["M","?","M","?","$","R","M","M","T","?","$","M","M","M","R","B",null,"M","?","?","M","M","R","?","R","T","R","$","M","?","M","R","B",null,"M","?","M","M","?","R","E","R","T","M","$","?","R","M","R","B"],"character_chosen":"THE_SILENT","items_purchased":[],"campfire_rested":1,"item_purchase_floors":[],"current_hp_per_floor":[70,70,70,70,70,70,70,66,66,71,71,71,71,70,70,59,75,65,65,65,61,36,58,58,58,58,58,58,66,66,75,75,13,75,65,56,67,75,75,75,75,75,75,74,74,74,74,75,75,66],"gold":2,"neow_bonus":"BOSS_RELIC","is_prod":false,"is_daily":false,"chose_seed":false,"campfire_upgraded":9,"win_rate":0,"timestamp":1530502815,"path_taken":["M","?","?","?","$","R","M","M","T","?","?","M","?","M","R","BOSS","M","?","?","M","?","R","?","R","T","R","$","M","?","?","R","BOSS","M","?","M","M","?","R","E","R","T","?","$","?","R","M","R","BOSS"],"build_version":"2018-06-28","purchased_purges":2,"victory":true,"max_hp_per_floor":[70,70,70,70,70,70,70,70,70,75,75,75,75,75,75,75,75,75,75,75,75,75,75,75,75,75,75,75,75,75,75,75,75,75,75,75,75,75,75,75,75,75,75,75,75,75,75,75,75,75],"card_choices":[{"not_picked":["Poisoned Stab","Expertise"],"picked":"Backflip","floor":1},{"not_picked":["Quick Slash","Dagger Spray"],"picked":"Dash","floor":3},{"not_picked":["Backflip","Malaise"],"picked":"Noxious Fumes","floor":7},{"not_picked":["Predator","Cloak And Dagger"],"picked":"Acrobatics","floor":8},{"not_picked":["Poisoned Stab","Bullet Time"],"picked":"Calculated Gamble","floor":12},{"not_picked":["Riddle With Holes","Predator"],"picked":"Backflip","floor":13},{"not_picked":["Distraction","PiercingWail"],"picked":"Bane","floor":14},{"not_picked":["Glass Knife","Phantasmal Killer"],"picked":"A Thousand Cuts","floor":16},{"not_picked":["Prepared","Outmaneuver","Cloak And Dagger"],"picked":"SKIP","floor":18},{"not_picked":["Blade Dance","Poisoned Stab","Deflect+1"],"picked":"SKIP","floor":21},{"not_picked":["Prepared+1","Flying Knee"],"picked":"Caltrops","floor":22},{"not_picked":["Finisher","Masterful Stab"],"picked":"Footwork","floor":29},{"not_picked":["Flying Knee","Infinite Blades","Flechettes"],"picked":"SKIP","floor":31},{"not_picked":["Grand Finale","Unload"],"picked":"Envenom","floor":33},{"not_picked":["Outmaneuver","PiercingWail"],"picked":"Prepared+1","floor":35},{"not_picked":["Poisoned Stab+1","Choke","Deadly Poison"],"picked":"SKIP","floor":37},{"not_picked":["Infinite Blades","Masterful Stab+1"],"picked":"Malaise+1","floor":38},{"not_picked":["Choke+1","Sucker Punch"],"picked":"Malaise+1","floor":41},{"not_picked":["Infinite Blades+1","Venomology","Dagger Throw"],"picked":"SKIP","floor":44},{"not_picked":["Dodge and Roll+1","Bouncing Flask+1","Dagger Spray+1"],"picked":"SKIP","floor":48}],"player_experience":287088,"relics_obtained":[{"floor":9,"key":"Ancient Tea Set"},{"floor":26,"key":"Bird Faced Urn"},{"floor":41,"key":"Happy Flower"},{"floor":43,"key":"Tough Bandages"}],"event_choices":[{"event_name":"Living Wall","player_choice":"Forget","floor":2,"damage_taken":0},{"event_name":"Purifier","player_choice":"One Purge","floor":4,"damage_taken":0},{"event_name":"Big Fish","player_choice":"Donut","floor":10,"damage_taken":0},{"event_name":"The Library","player_choice":"Read","floor":19,"damage_taken":0},{"event_name":"The Mausoleum","player_choice":"No","floor":20,"damage_taken":0},{"event_name":"Back to Basics","player_choice":"Simplicity","floor":24,"damage_taken":0},{"event_name":"Beggar","player_choice":"Gave Gold","floor":30,"damage_taken":0},{"event_name":"Winding Halls","player_choice":"Embrace Madness","floor":36,"damage_taken":0},{"event_name":"Wheel of Change","player_choice":"Full Heal","floor":39,"damage_taken":0},{"event_name":"SensoryStone","player_choice":"Memory 1","floor":46,"damage_taken":0}],"boss_relics":[{"not_picked":["Pandora\u0027s Box","Cursed Key"],"picked":"Ectoplasm"},{"not_picked":["Tiny House","Velvet Choker"],"picked":"Coffee Dripper"}],"items_purged_floors":[5,11],"is_endless":false,"potions_floor_spawned":[8,12,14,16,22,31,33,37,41,48],"ascension_level":4}