{"gold_per_floor":[116,136,151,151,167,199,199,230,255,255,220,249,304,304,304,405,405,423,35,47,57,74,74,92,92,115,115,134,167,167,178,178,178],"floor_reached":33,"playtime":1254,"items_purged":[],"score":373,"play_id":"0a823e4e-42de-478c-b10b-ab665743006c","local_time":"20180710184751","is_ascension_mode":true,"campfire_choices":[{"floor":7,"key":"REST"},{"floor":10,"key":"REST"},{"floor":15,"key":"REST"},{"floor":23,"key":"REST"},{"floor":25,"key":"REST"},{"floor":30,"key":"REST"},{"floor":32,"key":"REST"}],"neow_cost":"","seed_source_timestamp":3371249521883,"circlet_count":0,"master_deck":["Strike_B+1","Strike_B+1","Strike_B","Defend_B","Defend_B","Defend_B","Defend_B","Zap","Dualcast+1","Beam Cell","Beam Cell+1","Steam","Rip and Tear","Self Repair","Auto Shields","All For One","Go for the Eyes","Echo Form","FTL","Go for the Eyes","Chrysalis","Conserve Battery","Go for the Eyes","Conserve Battery+1","FTL","Hologram","Self Repair","Gash","FTL"],"special_seed":17723,"relics":["Cracked Core","Girya","Whetstone","Potion Belt","Singing Bowl","Dream Catcher","Runic Dome","Lantern","Ancient Tea Set"],"potions_floor_usage":[6,12,12,20,22,29],"damage_taken":[{"damage":5,"enemies":"Small Slimes","floor":1,"turns":3},{"damage":2,"enemies":"Jaw Worm","floor":2,"turns":2},{"damage":8,"enemies":"2 Louse","floor":3,"turns":3},{"damage":6,"enemies":"Looter","floor":5,"turns":2},{"damage":22,"enemies":"3 Sentries","floor":6,"turns":6},{"damage":20,"enemies":"Gremlin Nob","floor":8,"turns":4},{"damage":12,"enemies":"3 Sentries","floor":12,"turns":7},{"damage":31,"enemies":"Lagavulin Event","floor":13,"turns":4},{"damage":45,"enemies":"Hexaghost","floor":16,"turns":9},{"damage":29,"enemies":"Chosen","floor":18,"turns":5},{"damage":9,"enemies":"Shell Parasite","floor":20,"turns":5},{"damage":17,"enemies":"Snecko","floor":21,"turns":5},{"damage":28,"enemies":"Sentry and Sphere","floor":22,"turns":5},{"damage":20,"enemies":"3 Cultists","floor":24,"turns":6},{"damage":13,"enemies":"Centurion and Healer","floor":28,"turns":5},{"damage":9,"enemies":"Gremlin Leader","floor":29,"turns":4},{"damage":29,"enemies":"Snake Plant","floor":31,"turns":5},{"damage":86,"enemies":"Automaton","floor":33,"turns":6}],"seed_played":"-1904894230533814690","potions_obtained":[{"floor":2,"key":"AttackPotion"},{"floor":6,"key":"Energy Potion"},{"floor":8,"key":"SkillPotion"},{"floor":18,"key":"PowerPotion"},{"floor":20,"key":"Poison Potion"},{"floor":24,"key":"Explosive Potion"},{"floor":31,"key":"SpeedPotion"}],"is_trial":false,"path_per_floor":["M","M","M","?","M","E","R","E","T","R","?","E","?","?","R","B",null,"M","$","M","M","M","R","M","R","T","?","M","E","R","M","R"],"character_chosen":"DEFECT","items_purchased":["FTL","Go for the Eyes","Chrysalis","Conserve Battery"],"campfire_rested":7,"item_purchase_floors":[19,19,19,19],"current_hp_per_floor":[63,61,53,38,32,10,32,19,19,41,59,56,32,32,55,17,62,42,42,54,37,18,42,38,62,62,54,50,48,73,58,85,0],"gold":178,"neow_bonus":"","is_prod":false,"is_daily":false,"chose_seed":false,"campfire_upgraded":0,"win_rate":0,"timestamp":1531270071,"path_taken":["M","M","M","?","M","E","R","E","T","R","?","E","?","?","R","BOSS","M","$","M","M","M","R","M","R","T","?","M","E","R","M","R","BOSS"],"build_version":"2018-07-09","purchased_purges":0,"victory":false,"max_hp_per_floor":[75,75,75,75,75,75,75,75,75,75,75,77,77,77,77,77,77,79,79,79,79,81,81,83,83,83,83,85,85,85,85,87,87],"card_choices":[{"not_picked":["Streamline","Rebound"],"picked":"Beam Cell","floor":1},{"not_picked":["Skim","Reinforced Body"],"picked":"Beam Cell","floor":2},{"not_picked":["Redo","Aggregate"],"picked":"Steam","floor":3},{"not_picked":["Rebound","Darkness"],"picked":"Rip and Tear","floor":5},{"not_picked":["White Noise","Turbo"],"picked":"Self Repair","floor":6},{"not_picked":["Biased Cognition","Reprogram","Recycle"],"picked":"SKIP","floor":8},{"not_picked":["Heatsinks","Turbo","Reprogram"],"picked":"Singing Bowl","floor":12},{"not_picked":["Barrage","Sweeping Beam"],"picked":"Auto Shields","floor":13},{"not_picked":["Chaos","Conserve Battery"],"picked":"Go for the Eyes","floor":15},{"not_picked":["Thunder Strike","Reboot"],"picked":"Echo Form","floor":16},{"not_picked":["Rebound","Force Field","Redo+1"],"picked":"Singing Bowl","floor":18},{"not_picked":["Storm","Hologram"],"picked":"Go for the Eyes","floor":20},{"not_picked":["Ball Lightning+1","Hello World+1"],"picked":"Conserve Battery+1","floor":21},{"not_picked":["Hello World","Hologram","Streamline"],"picked":"Singing Bowl","floor":22},{"not_picked":["Steam","Hello World"],"picked":"FTL","floor":23},{"not_picked":["Hyperbeam","Barrage","Sweeping Beam"],"picked":"Singing Bowl","floor":24},{"not_picked":["Rebound+1","Streamline"],"picked":"Hologram","floor":25},{"not_picked":["Undo","Cold Snap","Barrage"],"picked":"Singing Bowl","floor":28},{"not_picked":["Hyperbeam","Barrage"],"picked":"Self Repair","floor":29},{"not_picked":["Steam","Rebound"],"picked":"Gash","floor":30},{"not_picked":["Streamline+1","Capacitor"],"picked":"FTL","floor":31},{"not_picked":["Ball Lightning","Streamline+1","Glacier"],"picked":"Singing Bowl","floor":32}],"player_experience":458612,"relics_obtained":[{"floor":6,"key":"Girya"},{"floor":8,"key":"Whetstone"},{"floor":9,"key":"Potion Belt"},{"floor":12,"key":"Singing Bowl"},{"floor":13,"key":"Dream Catcher"},{"floor":26,"key":"Lantern"},{"floor":29,"key":"Ancient Tea Set"}],"event_choices":[{"event_name":"Shining Light","player_choice":"Entered Light","floor":4,"damage_taken":0},{"event_name":"The Cleric","player_choice":"Healed","floor":11,"damage_taken":0},{"event_name":"Dead Adventurer","player_choice":"Searched \u00272\u0027 times","floor":13,"damage_taken":0},{"event_name":"Transmorgrifier","player_choice":"Transform","floor":14,"damage_taken":0},{"event_name":"Knowing Skull","player_choice":"","floor":27,"damage_taken":0}],"boss_relics":[{"not_picked":["Pandora\u0027s Box","Philosopher\u0027s Stone"],"picked":"Runic Dome"}],"items_purged_floors":[],"is_endless":false,"potions_floor_spawned":[2,6,8,18,20,24,31],"killed_by":"Automaton","ascension_level":6}