{"gold_per_floor":[119,44,44,61,72,72,103,103,103,117,135,10,10,85,85,85],"floor_reached":16,"playtime":581,"items_purged":["Strike_R","Strike_R"],"score":175,"play_id":"a8552ac2-c172-4407-8bb7-68e4f16721ce","local_time":"20180823174318","is_ascension_mode":true,"campfire_choices":[{"data":"Uppercut","floor":6,"key":"SMITH"},{"data":"Wild Strike","floor":8,"key":"SMITH"},{"floor":15,"key":"REST"}],"neow_cost":"","seed_source_timestamp":702970309845285,"circlet_count":0,"master_deck":["Strike_R","Strike_R","Strike_R","Defend_R","Defend_R","Defend_R","Bash","AscendersBane","Uppercut+1","Wild Strike+1","Sever Soul","Shrug It Off","Flex"],"relics":["Burning Blood","Gremlin Horn","Art of War"],"potions_floor_usage":[16,16],"damage_taken":[{"damage":7,"enemies":"Jaw Worm","floor":1,"turns":3},{"damage":6,"enemies":"2 Louse","floor":4,"turns":2},{"damage":0,"enemies":"Small Slimes","floor":5,"turns":4},{"damage":18,"enemies":"Gremlin Nob","floor":7,"turns":4},{"damage":18,"enemies":"Gremlin Gang","floor":10,"turns":3},{"damage":14,"enemies":"Red Slaver","floor":11,"turns":4},{"damage":45,"enemies":"The Guardian","floor":16,"turns":8}],"seed_played":"3735492017176096916","potions_obtained":[{"floor":1,"key":"SkillPotion"},{"floor":5,"key":"SpeedPotion"},{"floor":7,"key":"Fire Potion"}],"is_trial":false,"path_per_floor":["M","$","?","M","M","R","E","R","T","M","M","$","$","?","R"],"character_chosen":"IRONCLAD","items_purchased":["Flex"],"campfire_rested":1,"item_purchase_floors":[12],"current_hp_per_floor":[67,67,60,60,66,66,54,54,54,42,34,34,34,23,45,0],"gold":85,"neow_bonus":"","is_prod":false,"is_daily":false,"chose_seed":false,"campfire_upgraded":2,"win_rate":0,"timestamp":1535042598,"path_taken":["M","$","?","M","?","R","E","R","T","M","M","?","$","?","R","BOSS"],"build_version":"2018-08-16","purchased_purges":2,"victory":false,"max_hp_per_floor":[75,75,75,75,75,75,75,75,75,75,75,75,75,75,75,75],"card_choices":[{"not_picked":["Evolve","Sword Boomerang"],"picked":"Uppercut","floor":1},{"not_picked":["Body Slam","Iron Wave"],"picked":"Wild Strike","floor":4},{"not_picked":["Intimidate","Rage","Wild Strike"],"picked":"SKIP","floor":5},{"not_picked":["Disarm","Thunderclap"],"picked":"Sever Soul","floor":7},{"not_picked":["Corruption","Entrench"],"picked":"Shrug It Off","floor":10},{"not_picked":["Uppercut","Sword Boomerang","Power Through"],"picked":"SKIP","floor":11}],"player_experience":307123,"relics_obtained":[{"floor":7,"key":"Gremlin Horn"},{"floor":9,"key":"Art of War"}],"event_choices":[{"event_name":"Golden Wing","player_choice":"Card Removal","floor":3,"damage_taken":0},{"event_name":"World of Goop","player_choice":"Gather Gold","floor":14,"damage_taken":0}],"is_beta":false,"boss_relics":[],"items_purged_floors":[2,12],"is_endless":false,"potions_floor_spawned":[1,5,7],"killed_by":"The Guardian","ascension_level":15}