{"gold_per_floor":[116,134,145,145,95,95,107,57,83,83,118,132,142,156,156,234,234,247,22,22,33,51,51,64,64],"floor_reached":25,"playtime":1070,"items_purged":[],"score":373,"play_id":"d5bb3d0f-6c34-4143-b3f3-b82d09cd6387","local_time":"20190201201602","is_ascension_mode":true,"campfire_choices":[{"data":"Infinite Blades","floor":6,"key":"SMITH"},{"floor":10,"key":"REST"},{"floor":15,"key":"REST"},{"floor":23,"key":"REST"}],"neow_cost":"NONE","seed_source_timestamp":93426706207080,"circlet_count":0,"master_deck":["AscendersBane","Defend_G","Defend_G","Defend_G","Defend_G","Defend_G","Strike_G","Strike_G","Strike_G","Strike_G","Strike_G","Survivor","Neutralize","Infinite Blades+1","Blade Dance","PiercingWail","Sucker Punch","Backflip","Dagger Spray","Blade Dance","Dagger Spray","Phantasmal Killer","Footwork","Blur","PiercingWail","Neutralize","Deflect","PiercingWail"],"relics":["Ring of the Snake","Boot","Pen Nib","Centennial Puzzle","Strawberry","Runic Pyramid"],"potions_floor_usage":[11,13,16,16,21,21,24,25],"damage_taken":[{"damage":6,"enemies":"Cultist","floor":1,"turns":4},{"damage":7,"enemies":"Jaw Worm","floor":2,"turns":3},{"damage":8,"enemies":"Small Slimes","floor":3,"turns":3},{"damage":6,"enemies":"Red Slaver","floor":7,"turns":5},{"damage":22,"enemies":"Gremlin Nob","floor":11,"turns":4},{"damage":3,"enemies":"3 Louse","floor":12,"turns":3},{"damage":5,"enemies":"Lots of Slimes","floor":13,"turns":2},{"damage":16,"enemies":"Exordium Wildlife","floor":14,"turns":4},{"damage":29,"enemies":"Hexaghost","floor":16,"turns":11},{"damage":13,"enemies":"Shell Parasite","floor":18,"turns":10},{"damage":19,"enemies":"2 Thieves","floor":21,"turns":4},{"damage":16,"enemies":"Snake Plant","floor":22,"turns":6},{"damage":5,"enemies":"Shelled Parasite and Fungi","floor":24,"turns":9},{"damage":25,"enemies":"Book of Stabbing","floor":25,"turns":8}],"seed_played":"-8093437003130154154","potions_obtained":[{"floor":3,"key":"GhostInAJar"},{"floor":7,"key":"AttackPotion"},{"floor":11,"key":"Block Potion"},{"floor":14,"key":"Fire Potion"},{"floor":16,"key":"FearPotion"},{"floor":22,"key":"SkillPotion"},{"floor":24,"key":"Block Potion"}],"is_trial":false,"path_per_floor":["M","M","M","?","$","R","M","?","T","R","E","M","M","M","R","B",null,"M","$","?","M","M","R","M","E"],"character_chosen":"THE_SILENT","items_purchased":["Sucker Punch","Footwork","Blur","SkillPotion"],"campfire_rested":3,"item_purchase_floors":[5,19,19,19],"current_hp_per_floor":[53,46,38,38,38,38,32,32,32,51,36,33,28,12,33,4,56,43,43,43,24,8,29,24,0],"gold":64,"neow_bonus":"RANDOM_COMMON_RELIC","is_prod":false,"is_daily":false,"chose_seed":false,"campfire_upgraded":1,"win_rate":0,"timestamp":1549052162,"path_taken":["M","?","M","?","$","R","M","?","T","R","E","M","?","M","R","BOSS","M","$","?","M","M","R","?","E"],"build_version":"2019-01-23","purchased_purges":0,"victory":false,"max_hp_per_floor":[66,66,66,66,66,66,66,66,66,66,73,73,73,73,73,73,73,73,73,73,73,73,73,73,73],"card_choices":[{"not_picked":["Flying Knee","Catalyst"],"picked":"Infinite Blades","floor":1},{"not_picked":["Dodge and Roll","Backflip"],"picked":"Blade Dance","floor":2},{"not_picked":["Slice","Blade Dance"],"picked":"PiercingWail","floor":3},{"not_picked":["Underhanded Strike","Infinite Blades"],"picked":"Backflip","floor":7},{"not_picked":["Escape Plan","Predator"],"picked":"Dagger Spray","floor":11},{"not_picked":["Quick Slash","Bane"],"picked":"Blade Dance","floor":12},{"not_picked":["Noxious Fumes","Acrobatics","Distraction"],"picked":"SKIP","floor":13},{"not_picked":["Calculated Gamble","Storm of Steel"],"picked":"Dagger Spray","floor":14},{"not_picked":["Storm of Steel","Doppelganger"],"picked":"Phantasmal Killer","floor":16},{"not_picked":["Flying Knee","Catalyst+1","Poisoned Stab"],"picked":"SKIP","floor":18},{"not_picked":["Dagger Spray","Outmaneuver","Flying Knee"],"picked":"SKIP","floor":21},{"not_picked":["Prepared","Bane"],"picked":"Deflect","floor":22},{"not_picked":["Noxious Fumes","Poisoned Stab"],"picked":"PiercingWail","floor":24}],"player_experience":510656,"relics_obtained":[{"floor":9,"key":"Centennial Puzzle"},{"floor":11,"key":"Strawberry"}],"event_choices":[{"damage_healed":0,"gold_gain":0,"player_choice":"Ignored","damage_taken":0,"max_hp_gain":0,"max_hp_loss":0,"event_name":"Golden Idol","floor":4,"gold_loss":0},{"damage_healed":0,"gold_gain":0,"player_choice":"Paid Gold","damage_taken":0,"relics_obtained":["Pen Nib"],"max_hp_gain":0,"max_hp_loss":0,"event_name":"WeMeetAgain","floor":8,"gold_loss":50},{"damage_healed":0,"gold_gain":0,"player_choice":"2 cards matched","damage_taken":0,"max_hp_gain":0,"max_hp_loss":0,"event_name":"Match and Keep!","floor":20,"gold_loss":0,"cards_obtained":["PiercingWail","Neutralize"]}],"is_beta":false,"boss_relics":[{"not_picked":["White Beast Statue","Orrery"],"picked":"Runic Pyramid"}],"items_purged_floors":[],"is_endless":false,"potions_floor_spawned":[3,7,11,14,16,22,24],"killed_by":"Book of Stabbing","ascension_level":16}