{"gold_per_floor":[113,113,113,113,128,128,168,168,222,222,272,315,330,349,349,448,448,467,592,314,314,327,327,366,387,417,417,441,441,456,338,338,437,737,752,752,771,43,43,77,77,77,154,168,18,36,56,94,94,94,94],"floor_reached":51,"playtime":2073,"items_purged":["Strike_R","Normality"],"score":1591,"play_id":"c5d88f21-2db0-4467-8b6e-3ce1080e7fd9","local_time":"20190225005907","is_ascension_mode":true,"campfire_choices":[{"data":"Uppercut","floor":6,"key":"SMITH"},{"data":"Bloodletting","floor":8,"key":"SMITH"},{"data":"Carnage","floor":10,"key":"SMITH"},{"data":"Bash","floor":15,"key":"SMITH"},{"data":"1","floor":23,"key":"LIFT"},{"data":"2","floor":27,"key":"LIFT"},{"data":"3","floor":32,"key":"LIFT"},{"data":"Immolate","floor":41,"key":"SMITH"},{"floor":49,"key":"REST"}],"neow_cost":"NONE","seed_source_timestamp":557763500910599,"circlet_count":0,"master_deck":["AscendersBane","Strike_R","Strike_R+1","Strike_R","Strike_R+1","Defend_R","Defend_R","Defend_R","Bash+1","Uppercut+1","Injury","Bloodletting+1","Carnage+1","Second Wind","Spot Weakness","Immolate","Immolate+1","Brutality","Normality","Writhe","True Grit+1","Rampage+1","Burning Pact","Mayhem","Brutality"],"relics":["Burning Blood","NeowsBlessing","Pocketwatch","Golden Idol","Art of War","Centennial Puzzle","Anchor","Philosopher\u0027s Stone","Girya","The Courier","Matryoshka","Vajra","Tiny Chest","Mango","Red Skull","Calling Bell","PreservedInsect","Old Coin","Pear","Orichalcum","Mummified Hand","Lantern","Pen Nib","Juzu Bracelet","Ancient Tea Set","Blood Vial","Bottled Flame","Shuriken","Sundial","Kunai"],"potions_floor_usage":[12,13,19,19,22,37,40,44,50],"damage_taken":[{"damage":0,"enemies":"2 Louse","floor":1,"turns":1},{"damage":0,"enemies":"Cultist","floor":5,"turns":1},{"damage":0,"enemies":"Gremlin Nob","floor":7,"turns":1},{"damage":18,"enemies":"Lagavulin","floor":12,"turns":3},{"damage":0,"enemies":"Small Slimes","floor":13,"turns":2},{"damage":3,"enemies":"2 Fungi Beasts","floor":14,"turns":2},{"damage":14,"enemies":"Hexaghost","floor":16,"turns":7},{"damage":6,"enemies":"Shell Parasite","floor":18,"turns":2},{"damage":13,"enemies":"Colosseum Slavers","floor":19,"turns":2},{"damage":22,"enemies":"Colosseum Nobs","floor":19,"turns":5},{"damage":0,"enemies":"Spheric Guardian","floor":22,"turns":3},{"damage":6,"enemies":"Gremlin Leader","floor":24,"turns":3},{"damage":3,"enemies":"Cultist and Chosen","floor":25,"turns":3},{"damage":3,"enemies":"3 Cultists","floor":28,"turns":3},{"damage":17,"enemies":"Snake Plant","floor":30,"turns":2},{"damage":5,"enemies":"Collector","floor":33,"turns":5},{"damage":0,"enemies":"Orb Walker","floor":35,"turns":2},{"damage":38,"enemies":"3 Darklings","floor":37,"turns":3},{"damage":18,"enemies":"Nemesis","floor":40,"turns":3},{"damage":2,"enemies":"Maw","floor":44,"turns":4},{"damage":1,"enemies":"Spire Growth","floor":46,"turns":2},{"damage":0,"enemies":"Sphere and 2 Shapes","floor":47,"turns":2},{"damage":30,"enemies":"Reptomancer","floor":48,"turns":3},{"damage":72,"enemies":"Donu and Deca","floor":50,"turns":6},{"damage":41,"enemies":"Awakened One","floor":51,"turns":3}],"seed_played":"7671907909353996187","potions_obtained":[{"floor":1,"key":"Weak Potion"},{"floor":7,"key":"Regen Potion"},{"floor":12,"key":"Energy Potion"},{"floor":18,"key":"Strength Potion"},{"floor":19,"key":"Block Potion"},{"floor":24,"key":"Block Potion"},{"floor":25,"key":"FairyPotion"},{"floor":37,"key":"Strength Potion"},{"floor":40,"key":"BloodPotion"},{"floor":47,"key":"PowerPotion"}],"is_trial":false,"path_per_floor":["M","?","?","?","M","R","E","R","T","R","?","E","M","M","R","B",null,"M","?","$","?","M","R","E","M","T","R","M","?","M","?","R","B",null,"M","T","M","$","?","E","R","T","T","M","$","M","M","E","R","B","B"],"character_chosen":"IRONCLAD","items_purchased":["Matryoshka","Lantern","Pen Nib","Juzu Bracelet","Ancient Tea Set","Blood Vial","Burning Pact","Mayhem"],"campfire_rested":1,"item_purchase_floors":[20,38,38,38,38,38,38,45],"current_hp_per_floor":[74,51,33,33,39,39,45,45,45,45,45,42,48,51,51,43,67,67,44,44,44,50,50,50,53,67,67,70,57,46,46,46,47,89,95,95,63,63,63,53,53,53,53,68,68,75,83,61,90,26,0],"gold":94,"neow_bonus":"THREE_ENEMY_KILL","is_prod":false,"is_daily":false,"chose_seed":false,"campfire_upgraded":5,"win_rate":0,"timestamp":1551056347,"path_taken":["M","?","?","?","M","R","E","R","T","R","?","E","M","?","R","BOSS","M","?","$","?","?","R","E","M","T","R","M","?","?","?","R","BOSS","M","?","M","$","?","E","R","?","T","M","?","M","M","E","R","BOSS","BOSS"],"build_version":"2019-01-23","purchased_purges":2,"victory":false,"max_hp_per_floor":[75,75,75,75,75,75,75,75,75,75,75,75,75,75,75,75,75,75,75,75,75,75,75,75,75,89,89,89,89,89,89,89,89,99,99,99,99,99,99,99,99,99,99,99,99,99,99,99,99,99,99],"card_choices":[{"not_picked":["Entrench","Blood for Blood"],"picked":"Uppercut","floor":1},{"not_picked":["Havoc","Wild Strike"],"picked":"Bloodletting","floor":5},{"not_picked":["Flex","Armaments"],"picked":"Carnage","floor":7},{"not_picked":["Body Slam","Armaments","Dark Embrace"],"picked":"SKIP","floor":12},{"not_picked":["Twin Strike","Intimidate"],"picked":"Second Wind","floor":13},{"not_picked":["Twin Strike","Armaments"],"picked":"Spot Weakness","floor":14},{"not_picked":["Barricade","Double Tap"],"picked":"Immolate","floor":16},{"not_picked":["Sword Boomerang","Body Slam+1","Thunderclap"],"picked":"SKIP","floor":18},{"not_picked":["Pommel Strike","Shrug It Off","Twin Strike"],"picked":"SKIP","floor":22},{"not_picked":["Headbutt","Evolve","Clash"],"picked":"SKIP","floor":24},{"not_picked":["Blood for Blood","Burning Pact","Pummel"],"picked":"SKIP","floor":25},{"not_picked":["Armaments+1","Clothesline+1"],"picked":"Immolate","floor":28},{"not_picked":["Carnage","Anger+1","Sword Boomerang"],"picked":"SKIP","floor":30},{"not_picked":["Berserk","Double Tap"],"picked":"Brutality","floor":33},{"not_picked":["Reckless Charge","Clothesline"],"picked":"True Grit+1","floor":35},{"not_picked":["Whirlwind","Body Slam+1"],"picked":"Rampage+1","floor":37},{"not_picked":["Wild Strike","Pommel Strike","Body Slam"],"picked":"SKIP","floor":40},{"not_picked":["Power Through","Havoc","Rampage"],"picked":"SKIP","floor":44},{"not_picked":["Power Through","Ghostly Armor+1","Anger"],"picked":"SKIP","floor":46},{"not_picked":["Warcry","Searing Blow","Wild Strike"],"picked":"SKIP","floor":47},{"not_picked":["Clash","Warcry"],"picked":"Brutality","floor":48}],"player_experience":394626,"relics_obtained":[{"floor":7,"key":"Art of War"},{"floor":9,"key":"Centennial Puzzle"},{"floor":12,"key":"Anchor"},{"floor":19,"key":"Girya"},{"floor":19,"key":"The Courier"},{"floor":24,"key":"Vajra"},{"floor":26,"key":"Tiny Chest"},{"floor":26,"key":"Mango"},{"floor":34,"key":"PreservedInsect"},{"floor":34,"key":"Old Coin"},{"floor":34,"key":"Pear"},{"floor":36,"key":"Orichalcum"},{"floor":36,"key":"Mummified Hand"},{"floor":40,"key":"Bottled Flame"},{"floor":42,"key":"Shuriken"},{"floor":43,"key":"Sundial"},{"floor":48,"key":"Kunai"}],"event_choices":[{"damage_healed":0,"gold_gain":0,"player_choice":"Entered Light","damage_taken":23,"max_hp_gain":0,"max_hp_loss":0,"event_name":"Shining Light","floor":2,"gold_loss":0,"cards_upgraded":["Strike_R","Strike_R"]},{"damage_healed":0,"gold_gain":0,"player_choice":"Success","damage_taken":18,"relics_obtained":["Pocketwatch"],"max_hp_gain":0,"max_hp_loss":0,"event_name":"Scrap Ooze","floor":3,"gold_loss":0},{"damage_healed":0,"gold_gain":0,"player_choice":"Take Wound","damage_taken":0,"relics_obtained":["Golden Idol"],"max_hp_gain":0,"max_hp_loss":0,"event_name":"Golden Idol","floor":4,"gold_loss":0,"cards_obtained":["Injury"]},{"damage_healed":0,"gold_gain":50,"player_choice":"Pray","damage_taken":0,"max_hp_gain":0,"max_hp_loss":0,"event_name":"Golden Shrine","floor":11,"gold_loss":0},{"damage_healed":0,"gold_gain":0,"player_choice":"Fight","damage_taken":0,"max_hp_gain":0,"max_hp_loss":0,"event_name":"Colosseum","floor":19,"gold_loss":0},{"damage_healed":0,"gold_gain":0,"player_choice":"Fought Nobs","damage_taken":0,"max_hp_gain":0,"max_hp_loss":0,"event_name":"Colosseum","floor":19,"gold_loss":0},{"damage_healed":0,"gold_gain":0,"player_choice":"Ignored","damage_taken":0,"max_hp_gain":0,"max_hp_loss":0,"event_name":"N\u0027loth","floor":21,"gold_loss":0},{"damage_healed":0,"gold_gain":0,"player_choice":"Damaged","damage_taken":13,"max_hp_gain":0,"max_hp_loss":0,"event_name":"Wheel of Change","floor":29,"gold_loss":0},{"damage_healed":0,"gold_gain":0,"player_choice":"Paid Gold","damage_taken":0,"relics_obtained":["Red Skull"],"max_hp_gain":0,"max_hp_loss":0,"event_name":"WeMeetAgain","floor":31,"gold_loss":118},{"cards_removed":["Defend_R"],"damage_healed":0,"gold_gain":0,"player_choice":"Removed Skill","damage_taken":0,"max_hp_gain":0,"max_hp_loss":0,"event_name":"Falling","floor":39,"gold_loss":0}],"is_beta":false,"boss_relics":[{"not_picked":["White Beast Statue","Astrolabe"],"picked":"Philosopher\u0027s Stone"},{"not_picked":["Fusion Hammer","Orrery"],"picked":"Calling Bell"}],"items_purged_floors":[20,38],"is_endless":false,"potions_floor_spawned":[1,7,12,18,19,24,25,33,37,40,47],"killed_by":"Awakened One","ascension_level":20}