{"gold_per_floor":[11,11,86,105,123,123,157,157,157,168,168],"floor_reached":11,"playtime":289,"items_purged":[],"score":131,"play_id":"e2babf9d-a80d-41a3-91be-fc3753b9514c","local_time":"20190201233935","is_ascension_mode":true,"campfire_choices":[{"data":"Predator","floor":6,"key":"SMITH"}],"neow_cost":"NO_GOLD","seed_source_timestamp":552738272197392,"circlet_count":0,"master_deck":["AscendersBane","Defend_G","Defend_G","Defend_G","Defend_G","Defend_G","Strike_G","Strike_G","Strike_G","Strike_G","Strike_G","Survivor","Neutralize+1","Impatience","Deep Breath","Dagger Throw","Predator+1","Terror","Quick Slash","Masterful Stab"],"relics":["Ring of the Snake","Shuriken","The Specimen"],"potions_floor_usage":[10],"damage_taken":[{"damage":2,"enemies":"Small Slimes","floor":1,"turns":5},{"damage":0,"enemies":"2 Louse","floor":4,"turns":4},{"damage":0,"enemies":"Cultist","floor":5,"turns":4},{"damage":24,"enemies":"Gremlin Nob","floor":7,"turns":4},{"damage":5,"enemies":"Gremlin Gang","floor":10,"turns":2},{"damage":17,"enemies":"3 Sentries","floor":11,"turns":3}],"seed_played":"-2907147834300406600","potions_obtained":[{"floor":4,"key":"LiquidBronze"},{"floor":7,"key":"Fire Potion"}],"is_trial":false,"path_per_floor":["M","?","?","M","M","R","E","?","T","M","E"],"character_chosen":"THE_SILENT","items_purchased":[],"campfire_rested":0,"item_purchase_floors":[],"current_hp_per_floor":[57,57,46,46,46,46,22,22,22,17,0],"gold":168,"neow_bonus":"RANDOM_COLORLESS_2","is_prod":false,"is_daily":false,"chose_seed":false,"campfire_upgraded":1,"win_rate":0,"timestamp":1549064375,"path_taken":["M","?","?","M","M","R","E","?","T","?","E"],"build_version":"2019-01-23","purchased_purges":0,"victory":false,"max_hp_per_floor":[66,66,66,66,66,66,66,66,66,66,66],"card_choices":[{"not_picked":["Deadly Poison","Acrobatics"],"picked":"Dagger Throw","floor":1},{"not_picked":["Deflect","Dagger Throw"],"picked":"Predator","floor":4},{"not_picked":["Backflip","Flying Knee"],"picked":"Terror","floor":5},{"not_picked":["Reflex","Underhanded Strike"],"picked":"Quick Slash","floor":7},{"not_picked":["Quick Slash","PiercingWail"],"picked":"Masterful Stab","floor":10}],"player_experience":182326,"relics_obtained":[{"floor":7,"key":"Shuriken"},{"floor":9,"key":"The Specimen"}],"event_choices":[{"damage_healed":0,"gold_gain":0,"player_choice":"Leave","damage_taken":0,"max_hp_gain":0,"max_hp_loss":0,"event_name":"The Cleric","floor":2,"gold_loss":0},{"damage_healed":0,"gold_gain":75,"player_choice":"Gather Gold","damage_taken":11,"max_hp_gain":0,"max_hp_loss":0,"event_name":"World of Goop","floor":3,"gold_loss":0},{"damage_healed":0,"gold_gain":0,"player_choice":"Upgraded","damage_taken":0,"max_hp_gain":0,"max_hp_loss":0,"event_name":"Upgrade Shrine","floor":8,"gold_loss":0,"cards_upgraded":["Neutralize"]}],"is_beta":false,"boss_relics":[],"items_purged_floors":[],"is_endless":false,"potions_floor_spawned":[4,7],"killed_by":"3 Sentries","ascension_level":16}