{"gold_per_floor":[18,18,18,34,34,34,65,65,65,65,65],"floor_reached":11,"playtime":337,"items_purged":[],"score":110,"play_id":"1b506db3-ae2c-4eee-bcb9-50e5215d770b","local_time":"20190117195355","is_ascension_mode":true,"campfire_choices":[{"data":"Blind","floor":6,"key":"SMITH"},{"floor":10,"key":"REST"}],"neow_cost":"NO_GOLD","seed_source_timestamp":1996810978541783,"circlet_count":0,"master_deck":["AscendersBane","Strike_B","Strike_B","Strike_B","Strike_B","Defend_B","Defend_B","Defend_B","Defend_B","Zap","Dualcast","Deep Breath+1","Blind+1","Leap","Conserve Battery","Auto Shields"],"relics":["Cracked Core","Ginger","Question Card"],"potions_floor_usage":[],"damage_taken":[{"damage":0,"enemies":"2 Louse","floor":1,"turns":3},{"damage":7,"enemies":"Small Slimes","floor":4,"turns":4},{"damage":36,"enemies":"Lagavulin","floor":7,"turns":9},{"damage":65,"enemies":"Gremlin Nob","floor":11,"turns":4}],"seed_played":"8721007220002846384","potions_obtained":[{"floor":7,"key":"Dexterity Potion"}],"is_trial":false,"path_per_floor":["M","?","?","M","?","R","E","$","T","R","E"],"character_chosen":"DEFECT","items_purchased":[],"campfire_rested":1,"item_purchase_floors":[],"current_hp_per_floor":[68,68,68,61,61,61,25,25,25,47,0],"gold":65,"neow_bonus":"RANDOM_COLORLESS_2","is_prod":false,"is_daily":false,"chose_seed":false,"campfire_upgraded":1,"win_rate":0,"timestamp":1547754835,"path_taken":["M","?","?","M","?","R","E","?","T","R","E"],"build_version":"2019-01-10","purchased_purges":0,"victory":false,"max_hp_per_floor":[75,75,75,75,75,75,75,75,75,75,75],"card_choices":[{"not_picked":["Barrage","Streamline"],"picked":"Leap","floor":1},{"not_picked":["Go for the Eyes","Steam"],"picked":"Conserve Battery","floor":4},{"not_picked":["Reprogram","Amplify"],"picked":"Auto Shields","floor":7}],"player_experience":397510,"relics_obtained":[{"floor":7,"key":"Ginger"},{"floor":9,"key":"Question Card"}],"event_choices":[{"damage_healed":0,"gold_gain":0,"player_choice":"Leave","damage_taken":0,"max_hp_gain":0,"max_hp_loss":0,"event_name":"The Cleric","floor":2,"gold_loss":0},{"damage_healed":0,"gold_gain":0,"player_choice":"Grow","damage_taken":0,"max_hp_gain":0,"max_hp_loss":0,"event_name":"Living Wall","floor":3,"gold_loss":0,"cards_upgraded":["Deep Breath"]},{"damage_healed":0,"gold_gain":0,"player_choice":"Ignored","damage_taken":0,"max_hp_gain":0,"max_hp_loss":0,"event_name":"Liars Game","floor":5,"gold_loss":0}],"is_beta":false,"boss_relics":[],"items_purged_floors":[],"is_endless":false,"potions_floor_spawned":[7],"killed_by":"Gremlin Nob","ascension_level":12}