{"gold_per_floor":[366,366,376,391,391,391,25,52,75,75,87,87],"floor_reached":12,"playtime":583,"items_purged":[],"score":101,"play_id":"e0182a12-efa0-4af5-ab3c-b3e7444c96a0","local_time":"20180711233553","is_ascension_mode":true,"campfire_choices":[{"floor":6,"key":"REST"}],"neow_cost":"FIFTY_PERCENT_DAMAGE","seed_source_timestamp":19041633453445,"circlet_count":0,"master_deck":["Strike_B","Strike_B+1","Strike_B","Strike_B","Defend_B","Defend_B","Defend_B","Defend_B","Zap","Dualcast","Coolheaded","Cold Snap+1","Go for the Eyes","Rip and Tear","Rebound","Beam Cell","Hologram"],"relics":["Cracked Core","Shuriken","Potion Belt","Art of War"],"potions_floor_usage":[8,12],"damage_taken":[{"damage":4,"enemies":"2 Louse","floor":1,"turns":4},{"damage":0,"enemies":"Cultist","floor":3,"turns":5},{"damage":2,"enemies":"Jaw Worm","floor":4,"turns":3},{"damage":25,"enemies":"3 Sentries","floor":8,"turns":7},{"damage":1,"enemies":"2 Fungi Beasts","floor":11,"turns":2},{"damage":5,"enemies":"Gremlin Gang","floor":12,"turns":1}],"seed_played":"-4183470178227058586","potions_obtained":[{"floor":1,"key":"PowerPotion"},{"floor":11,"key":"SkillPotion"}],"is_trial":false,"path_per_floor":["M","$","M","M","?","R","$","E","T","?","M"],"character_chosen":"DEFECT","items_purchased":["Shuriken","Rip and Tear","Rebound"],"campfire_rested":1,"item_purchase_floors":[7,7,7],"current_hp_per_floor":[30,30,30,28,21,43,43,18,18,3,2,0],"gold":87,"neow_bonus":"TWO_FIFTY_GOLD","is_prod":false,"is_daily":false,"chose_seed":false,"campfire_upgraded":0,"win_rate":0,"timestamp":1531373753,"path_taken":["M","$","M","M","?","R","$","E","T","?","M","M"],"build_version":"2018-07-10","purchased_purges":0,"victory":false,"max_hp_per_floor":[75,75,75,75,75,75,75,75,75,75,75,75],"card_choices":[{"not_picked":["Double Energy","Heatsinks"],"picked":"Coolheaded","floor":1},{"not_picked":["Reprogram","Capacitor"],"picked":"Cold Snap","floor":3},{"not_picked":["Compile Driver","Sweeping Beam"],"picked":"Go for the Eyes","floor":4},{"not_picked":["Scrape","Rainbow"],"picked":"Beam Cell","floor":8},{"not_picked":["Coolheaded","Storm"],"picked":"Hologram","floor":11}],"player_experience":461881,"relics_obtained":[{"floor":8,"key":"Potion Belt"},{"floor":9,"key":"Art of War"}],"event_choices":[{"event_name":"Wheel of Change","player_choice":"Damage","floor":5,"damage_taken":0},{"event_name":"Shining Light","player_choice":"Entered Light","floor":10,"damage_taken":0}],"boss_relics":[],"items_purged_floors":[],"is_endless":false,"potions_floor_spawned":[1,11],"killed_by":"Gremlin Gang","ascension_level":6}