{"gold_per_floor":[111,36,53,68,98,124,24,35,35,52,52,52,52,67,67,171,171,155,168,185,185,185,216,228,228,228,256,256,256],"floor_reached":29,"playtime":3094,"items_purged":["Strike_R","Strike_R"],"score":290,"play_id":"57a164ec-e698-45c6-9f6f-b4a9ac368ccd","local_time":"20181121002118","is_ascension_mode":false,"campfire_choices":[{"floor":12,"key":"REST"},{"floor":15,"key":"REST"},{"floor":25,"key":"REST"}],"neow_cost":"NONE","seed_source_timestamp":1058906674184072,"circlet_count":0,"master_deck":["Strike_R","Strike_R","Strike_R","Defend_R","Defend_R","Defend_R","Defend_R","Bash","Pommel Strike","Whirlwind+1","Clothesline","Warcry","Shrug It Off","Inflame","Limit Break","Seeing Red","Inflame","Uppercut+1","Immolate+1","Inflame+1","Ghostly","Ghostly","Ghostly","Ghostly","Ghostly"],"relics":["Black Star","Tiny Chest","Paper Frog","Molten Egg 2","Lizard Tail","Sundial","Blue Candle","Darkstone Periapt","The Courier","Happy Flower","Orichalcum"],"potions_floor_usage":[16,16,19,23,23,23],"damage_taken":[{"damage":5,"enemies":"Jaw Worm","floor":1,"turns":4},{"damage":0,"enemies":"Small Slimes","floor":3,"turns":3},{"damage":0,"enemies":"2 Louse","floor":4,"turns":1},{"damage":43,"enemies":"Lagavulin","floor":6,"turns":9},{"damage":8,"enemies":"Exordium Wildlife","floor":8,"turns":6},{"damage":10,"enemies":"Exordium Thugs","floor":10,"turns":5},{"damage":1,"enemies":"3 Louse","floor":14,"turns":2},{"damage":38,"enemies":"The Guardian","floor":16,"turns":13},{"damage":22,"enemies":"2 Thieves","floor":18,"turns":5},{"damage":0,"enemies":"3 Byrds","floor":19,"turns":4},{"damage":29,"enemies":"Shelled Parasite and Fungi","floor":20,"turns":11},{"damage":26,"enemies":"Book of Stabbing","floor":23,"turns":6},{"damage":18,"enemies":"Snake Plant","floor":24,"turns":4},{"damage":71,"enemies":"Gremlin Leader","floor":27,"turns":5},{"damage":5,"enemies":"3 Cultists","floor":29,"turns":2}],"seed_played":"7201463647256022776","potions_obtained":[{"floor":8,"key":"PowerPotion"},{"floor":10,"key":"Poison Potion"},{"floor":16,"key":"Swift Potion"},{"floor":18,"key":"SteroidPotion"},{"floor":19,"key":"Swift Potion"},{"floor":20,"key":"Block Potion"}],"is_trial":false,"path_per_floor":["M","$","M","M","?","E","$","M","T","M","?","R","?","M","R","B",null,"M","M","M","?","?","E","M","R","T","E","?","M"],"character_chosen":"IRONCLAD","items_purchased":[],"campfire_rested":3,"item_purchase_floors":[],"current_hp_per_floor":[75,75,75,75,68,25,25,17,17,7,7,31,31,30,54,16,80,58,58,29,55,55,29,11,35,35,4,4,0],"gold":256,"neow_bonus":"BOSS_RELIC","is_prod":false,"is_daily":false,"chose_seed":false,"campfire_upgraded":0,"win_rate":0,"timestamp":1542777678,"path_taken":["M","$","M","M","?","E","$","M","T","M","?","R","?","M","R","BOSS","M","M","M","?","?","E","M","R","T","E","?","M"],"build_version":"2018-11-15","purchased_purges":2,"victory":false,"max_hp_per_floor":[80,80,80,80,80,80,80,80,80,80,80,80,80,80,80,80,80,80,80,80,80,80,80,80,80,80,80,40,40],"card_choices":[{"not_picked":["Warcry","Corruption"],"picked":"Pommel Strike","floor":1},{"not_picked":["Armaments","Heavy Blade"],"picked":"Whirlwind","floor":3},{"not_picked":["Feel No Pain","Sword Boomerang"],"picked":"Clothesline","floor":4},{"not_picked":["Sword Boomerang","Immolate"],"picked":"Warcry","floor":6},{"not_picked":["Headbutt+1","Clothesline+1"],"picked":"Shrug It Off","floor":8},{"not_picked":["Rupture","Flex"],"picked":"Inflame","floor":10},{"not_picked":["Iron Wave+1","Havoc","Perfected Strike+1"],"picked":"SKIP","floor":14},{"not_picked":["Exhume","Offering"],"picked":"Limit Break","floor":16},{"not_picked":["Perfected Strike+1","Havoc+1"],"picked":"Seeing Red","floor":18},{"not_picked":["Warcry","Clothesline+1"],"picked":"Inflame","floor":19},{"not_picked":["Infernal Blade+1","Heavy Blade+1"],"picked":"Uppercut+1","floor":20},{"not_picked":["Wild Strike+1","Armaments"],"picked":"Immolate+1","floor":23},{"not_picked":["Clothesline+1","Armaments"],"picked":"Inflame+1","floor":24},{"not_picked":["Entrench","Wild Strike+1","Sword Boomerang+1"],"picked":"SKIP","floor":27}],"player_experience":351293,"relics_obtained":[{"floor":6,"key":"Paper Frog"},{"floor":6,"key":"Molten Egg 2"},{"floor":23,"key":"Blue Candle"},{"floor":23,"key":"Darkstone Periapt"},{"floor":26,"key":"The Courier"},{"floor":27,"key":"Happy Flower"},{"floor":27,"key":"Orichalcum"}],"event_choices":[{"damage_healed":0,"gold_gain":0,"player_choice":"Success","damage_taken":7,"relics_obtained":["Tiny Chest"],"max_hp_gain":0,"max_hp_loss":0,"event_name":"Scrap Ooze","floor":5,"gold_loss":0},{"damage_healed":0,"gold_gain":0,"player_choice":"Grow","damage_taken":0,"max_hp_gain":0,"max_hp_loss":0,"event_name":"Living Wall","floor":11,"gold_loss":0,"cards_upgraded":["Whirlwind"]},{"damage_healed":0,"gold_gain":0,"player_choice":"Ignored","damage_taken":0,"max_hp_gain":0,"max_hp_loss":0,"event_name":"Liars Game","floor":13,"gold_loss":0},{"damage_healed":26,"gold_gain":0,"player_choice":"Heal","damage_taken":0,"max_hp_gain":0,"max_hp_loss":0,"event_name":"The Library","floor":21,"gold_loss":0},{"damage_healed":0,"gold_gain":0,"player_choice":"Opened","damage_taken":0,"relics_obtained":["Sundial"],"max_hp_gain":0,"max_hp_loss":0,"event_name":"The Mausoleum","floor":22,"gold_loss":0},{"damage_healed":0,"gold_gain":0,"player_choice":"Became a Ghost","damage_taken":0,"max_hp_gain":0,"max_hp_loss":40,"event_name":"Ghosts","floor":28,"gold_loss":0,"cards_obtained":["Ghostly","Ghostly","Ghostly","Ghostly","Ghostly"]}],"is_beta":false,"boss_relics":[{"not_picked":["Orrery","Tiny House"],"picked":"Lizard Tail"}],"items_purged_floors":[2,7],"is_endless":false,"potions_floor_spawned":[8,10,16,18,19,20],"killed_by":"3 Cultists","ascension_level":0}