{"gold_per_floor":[118,136,9,9,29,29,59,59,59,75,138,170,170,184,184,281,281,300,280,280,61,71,102,102,102,102,149,161,173],"floor_reached":29,"playtime":2591,"items_purged":["Strike_G"],"score":429,"play_id":"d3017ede-ff66-4f8b-bb29-5c7380766e2b","local_time":"20190423011646","is_ascension_mode":true,"campfire_choices":[{"data":"Well Laid Plans","floor":6,"key":"SMITH"},{"data":"Footwork","floor":13,"key":"SMITH"},{"data":"PiercingWail","floor":15,"key":"SMITH"},{"data":"Noxious Fumes","floor":24,"key":"SMITH"},{"data":"Die Die Die","floor":28,"key":"SMITH"}],"neow_cost":"NONE","seed_source_timestamp":1000562109038553,"circlet_count":0,"master_deck":["Defend_G","Defend_G","Defend_G","Defend_G","Defend_G","Strike_G+1","Survivor","Neutralize+1","Flying Knee+1","Well Laid Plans+1","Dodge and Roll","Flying Knee","PiercingWail+1","Footwork+1","Dodge and Roll","Calculated Gamble","Glass Knife","Acrobatics+1","A Thousand Cuts+1","Glass Knife+1","Dagger Spray+1","Noxious Fumes+1","Deadly Poison","Deflect","Die Die Die+1","Acrobatics"],"relics":["Ring of the Snake","FossilizedHelix","Calipers","Matryoshka","Omamori","Astrolabe","Pen Nib","Nloth\u0027s Gift","MawBank","Snake Skull","Bronze Scales"],"potions_floor_usage":[5,7,12,16,23,23],"damage_taken":[{"damage":8,"enemies":"Jaw Worm","floor":1,"turns":5},{"damage":2,"enemies":"Small Slimes","floor":2,"turns":4},{"damage":0,"enemies":"2 Louse","floor":5,"turns":7},{"damage":17,"enemies":"Lagavulin","floor":7,"turns":9},{"damage":0,"enemies":"Exordium Thugs","floor":10,"turns":8},{"damage":5,"enemies":"3 Sentries","floor":11,"turns":13},{"damage":14,"enemies":"3 Sentries","floor":12,"turns":10},{"damage":6,"enemies":"3 Louse","floor":14,"turns":6},{"damage":4,"enemies":"The Guardian","floor":16,"turns":21},{"damage":0,"enemies":"Chosen","floor":18,"turns":7},{"damage":11,"enemies":"2 Thieves","floor":19,"turns":4},{"damage":6,"enemies":"Snake Plant","floor":22,"turns":6},{"damage":0,"enemies":"Gremlin Leader","floor":23,"turns":7},{"damage":24,"enemies":"Book of Stabbing","floor":27,"turns":7},{"damage":36,"enemies":"Slavers","floor":29,"turns":4}],"seed_played":"-1266891922083347926","potions_obtained":[{"floor":0,"key":"AttackPotion"},{"floor":0,"key":"Fire Potion"},{"floor":0,"key":"Regen Potion"},{"floor":5,"key":"Energy Potion"},{"floor":7,"key":"Explosive Potion"},{"floor":12,"key":"Fire Potion"},{"floor":16,"key":"Weak Potion"},{"floor":19,"key":"Regen Potion"},{"floor":27,"key":"Strength Potion"}],"is_trial":false,"path_per_floor":["M","M","$","?","M","R","E","?","T","M","?","E","R","M","R","B",null,"M","M","?","$","M","E","R","?","T","E","R","E"],"character_chosen":"THE_SILENT","items_purchased":["Well Laid Plans","Dodge and Roll","Noxious Fumes","Deadly Poison","Poison Potion"],"campfire_rested":0,"item_purchase_floors":[3,3,21,21,21],"current_hp_per_floor":[55,53,53,53,68,68,51,56,56,56,51,37,37,31,31,27,63,63,52,52,52,46,58,58,58,58,34,34,0],"gold":173,"neow_bonus":"THREE_SMALL_POTIONS","is_prod":false,"is_daily":false,"chose_seed":false,"campfire_upgraded":5,"win_rate":0,"timestamp":1556000206,"path_taken":["M","M","$","?","M","R","E","?","T","M","?","E","R","M","R","BOSS","M","M","?","$","M","E","R","?","T","E","R","E"],"build_version":"2019-01-23","purchased_purges":1,"victory":false,"max_hp_per_floor":[70,70,70,70,70,70,70,75,75,75,75,75,75,75,75,75,75,75,75,75,75,75,75,75,75,75,75,75,75],"card_choices":[{"not_picked":["Dagger Throw","Backflip"],"picked":"Flying Knee","floor":1},{"not_picked":["Acrobatics","Expertise","Sucker Punch"],"picked":"SKIP","floor":2},{"not_picked":["Bane","Blade Dance"],"picked":"Flying Knee","floor":5},{"not_picked":["Prepared","Phantasmal Killer"],"picked":"PiercingWail","floor":7},{"not_picked":["Prepared","Predator"],"picked":"Footwork","floor":10},{"not_picked":["Outmaneuver","Underhanded Strike"],"picked":"Dodge and Roll","floor":11},{"not_picked":["Dodge and Roll","Outmaneuver","Accuracy"],"picked":"SKIP","floor":12},{"not_picked":["Accuracy","Endless Agony"],"picked":"Calculated Gamble","floor":14},{"not_picked":["Venomology","Night Terror"],"picked":"Glass Knife","floor":16},{"not_picked":["Acrobatics","Bouncing Flask"],"picked":"Dagger Spray+1","floor":18},{"not_picked":["Eviscerate+1","Predator","Acrobatics+1"],"picked":"SKIP","floor":19},{"not_picked":["PiercingWail","Tactician"],"picked":"Deflect","floor":22},{"not_picked":["Bane","Sucker Punch"],"picked":"Die Die Die","floor":23},{"not_picked":["Deflect","After Image"],"picked":"Acrobatics","floor":27}],"player_experience":645322,"relics_obtained":[{"floor":7,"key":"FossilizedHelix"},{"floor":9,"key":"Calipers"},{"floor":11,"key":"Matryoshka"},{"floor":12,"key":"Omamori"},{"floor":23,"key":"Whetstone"},{"floor":26,"key":"MawBank"},{"floor":26,"key":"Snake Skull"},{"floor":27,"key":"Bronze Scales"}],"event_choices":[{"damage_healed":0,"gold_gain":0,"player_choice":"Grow","damage_taken":0,"max_hp_gain":0,"max_hp_loss":0,"event_name":"Living Wall","floor":4,"gold_loss":0,"cards_upgraded":["Neutralize"]},{"damage_healed":0,"gold_gain":0,"player_choice":"Donut","damage_taken":0,"max_hp_gain":5,"max_hp_loss":0,"event_name":"Big Fish","floor":8,"gold_loss":0},{"damage_healed":0,"gold_gain":30,"player_choice":"Searched \u00272\u0027 times","damage_taken":0,"max_hp_gain":0,"max_hp_loss":0,"event_name":"Dead Adventurer","floor":11,"gold_loss":0},{"damage_healed":0,"gold_gain":0,"player_choice":"Opened","damage_taken":0,"relics_obtained":["Pen Nib"],"max_hp_gain":0,"max_hp_loss":0,"event_name":"The Mausoleum","floor":20,"gold_loss":0},{"damage_healed":0,"gold_gain":0,"player_choice":"Traded Relic","damage_taken":0,"relics_obtained":["Nloth\u0027s Gift"],"max_hp_gain":0,"max_hp_loss":0,"event_name":"N\u0027loth","floor":25,"relics_lost":["Whetstone"],"gold_loss":0}],"is_beta":false,"boss_relics":[{"not_picked":["Ring of the Serpent","Pandora\u0027s Box"],"picked":"Astrolabe"}],"items_purged_floors":[21],"is_endless":false,"potions_floor_spawned":[5,7,12,16,19,27],"killed_by":"Slavers","ascension_level":9}