{"path_per_floor":["M","?","M","$","M","R","M","R","T","R","M","E","M","E","R","B",null,"M","?","?","M","M","R","$","R","T"],"character_chosen":"THE_SILENT","items_purchased":["Underhanded Strike","Dash"],"gold_per_floor":[114,114,128,0,18,18,30,30,83,83,101,135,151,177,177,273,273,293,293,326,340,354,354,292,292,318],"floor_reached":27,"campfire_rested":4,"playtime":2049,"current_hp_per_floor":[63,49,49,49,49,70,64,64,64,64,64,64,63,48,69,42,63,57,57,30,21,9,30,30,51,51],"items_purged":["Strike_G"],"gold":318,"score":335,"play_id":"ae6a6a29-d29f-4d7f-85f7-a0b93aa29204","local_time":"20180313212919","is_prod":false,"is_daily":false,"is_ascension_mode":true,"campfire_upgraded":2,"timestamp":1520998159,"path_taken":["M","?","M","?","?","R","M","R","T","R","M","E","M","E","R","BOSS","M","?","?","M","?","R","$","R","T","M"],"build_version":"2018-03-12v2","purchased_purges":1,"victory":false,"master_deck":["Defend_G+1","Defend_G+1","Defend_G","Defend_G","Defend_G+1","Strike_G","Strike_G","Strike_G","Survivor","Neutralize+1","Dagger Spray","Calculated Gamble+1","Underhanded Strike","Backflip","Acrobatics+1","Glass Knife","Dagger Throw","Venomology","Unload","Well Laid Plans+1","Crippling Poison","Dash","Decay"],"max_hp_per_floor":[70,70,70,70,70,70,70,70,70,70,70,70,70,70,70,70,70,70,70,70,70,70,70,70,70,70],"relics":["Runic Dome","War Paint","The Courier","Ornamental Fan","Cursed Key","Red Mask","Regal Pillow"],"card_choices":[{"not_picked":["Outmaneuver","Reflex"],"picked":"Dagger Spray"},{"not_picked":["Deadly Poison","Choke"],"picked":"Calculated Gamble"},{"not_picked":["Bullet Time","Infinite Blades"],"picked":"Backflip"},{"not_picked":["Flying Knee","Poisoned Stab"],"picked":"Acrobatics"},{"not_picked":["Dodge and Roll","Quick Slash"],"picked":"Glass Knife"},{"not_picked":["Noxious Fumes","Backflip"],"picked":"Dagger Throw"},{"not_picked":["Outmaneuver","Deflect"],"picked":"Venomology"},{"not_picked":["After Image","Die Die Die"],"picked":"Unload"},{"not_picked":["Deadly Poison","Sucker Punch"],"picked":"Well Laid Plans"}],"player_experience":200769,"potions_floor_usage":[12,14,18,18,20,22,22,22],"damage_taken":[{"damage":0,"enemies":"Small Slimes","floor":1,"turns":4},{"damage":0,"enemies":"Jaw Worm","floor":3,"turns":4},{"damage":0,"enemies":"Cultist","floor":5,"turns":4},{"damage":6,"enemies":"Gremlin Gang","floor":7,"turns":3},{"damage":0,"enemies":"Large Slime","floor":11,"turns":6},{"damage":0,"enemies":"Lagavulin","floor":12,"turns":8},{"damage":1,"enemies":"Red Slaver","floor":13,"turns":4},{"damage":15,"enemies":"Gremlin Nob","floor":14,"turns":4},{"damage":27,"enemies":"The Guardian","floor":16,"turns":17},{"damage":6,"enemies":"2 Thieves","floor":18,"turns":3},{"damage":27,"enemies":"Masked Bandits","floor":20,"turns":4},{"damage":9,"enemies":"Shell Parasite","floor":21,"turns":5},{"damage":12,"enemies":"Snake Plant","floor":22,"turns":5},{"damage":11,"enemies":"3 Cultists","floor":27,"turns":3}],"event_choices":[{"event_name":"Shining Light","player_choice":"Entered Light","floor":2,"damage_taken":0},{"event_name":"Transmorgrifier","player_choice":"Transform","floor":19,"damage_taken":0},{"event_name":"Masked Bandits","player_choice":"Fought over 293 gold","floor":20,"damage_taken":0}],"boss_relics":[{"not_picked":["Snecko Eye","Orrery"],"picked":"Cursed Key"}],"potions_floor_spawned":[3,11,12,14,21,22],"seed_played":"2985690114882924302","killed_by":"3 Cultists","ascension_level":7,"is_trial":false}