{"path_per_floor":["M","$","M","?","?","R","E","R","T","M","?","R","M","M","R","B",null,"M","$","?","M","M","R","E"],"character_chosen":"THE_SILENT","items_purchased":["Accuracy"],"gold_per_floor":[110,35,52,52,52,52,83,83,108,131,131,131,146,161,161,290,290,308,140,340,355,379,379,422],"floor_reached":24,"campfire_rested":1,"playtime":1356,"current_hp_per_floor":[70,70,70,75,69,69,45,45,52,52,34,34,32,31,53,44,76,72,72,72,55,38,38,17],"items_purged":["Decay","Strike_G"],"gold":422,"play_id":"e000a75d-c388-4b8a-865d-93d055e6dfe7","is_prod":false,"is_daily":false,"is_ascension_mode":false,"campfire_upgraded":4,"path_taken":["M","$","M","?","?","R","E","R","T","M","?","R","M","?","R","BOSS","M","$","?","?","M","R","E","M"],"build_version":"2018-01-25-BETA1","purchased_purges":2,"victory":false,"master_deck":["Defend_G","Defend_G","Defend_G","Defend_G","Defend_G","Strike_G","Strike_G","Strike_G","Strike_G","Survivor","Neutralize","Blade Dance","Noxious Fumes+1","After Image+1","Accuracy+1","Blur","Poisoned Stab","Night Terror","Bane","Accuracy","Escape Plan","Envenom+1"],"max_hp_per_floor":[70,70,70,75,69,69,69,69,76,76,76,76,76,76,76,76,76,76,76,76,76,76,76,76],"relics":["Ring of the Snake","Torii","Golden Idol","Lantern","Strawberry","Snake Skull","Black Star","Pantograph","Meat on the Bone"],"card_choices":[{"not_picked":["Quick Slash","Dagger Spray"],"picked":"Blade Dance"},{"not_picked":["PiercingWail","Acrobatics"],"picked":"Noxious Fumes"},{"not_picked":["Prepared","Quick Slash"],"picked":"After Image"},{"not_picked":["Bane","Flying Knee"],"picked":"Accuracy"},{"not_picked":["Dodge and Roll","Masterful Stab"],"picked":"Blur"},{"not_picked":["Backflip","Dodge and Roll"],"picked":"Poisoned Stab"},{"not_picked":["A Thousand Cuts","Tools of the Trade"],"picked":"Night Terror"},{"not_picked":["Endless Agony","Well Laid Plans"],"picked":"Bane"},{"not_picked":["Deadly Poison","Crippling Poison"],"picked":"Escape Plan"},{"not_picked":["Eviscerate","Flying Knee"],"picked":"Envenom"}],"player_experience":67884,"potions_floor_usage":[7,14,16,21],"damage_taken":[{"damage":0,"enemies":"2 Louse","floor":1,"turns":3},{"damage":0,"enemies":"Small Slimes","floor":3,"turns":3},{"damage":24,"enemies":"Gremlin Nob","floor":7,"turns":4},{"damage":0,"enemies":"Jaw Worm","floor":10,"turns":4},{"damage":2,"enemies":"2 Fungi Beasts","floor":13,"turns":3},{"damage":1,"enemies":"3 Louse","floor":14,"turns":3},{"damage":9,"enemies":"The Guardian","floor":16,"turns":10},{"damage":4,"enemies":"3 Byrds","floor":18,"turns":5},{"damage":17,"enemies":"Chosen","floor":21,"turns":6},{"damage":17,"enemies":"Snake Plant","floor":22,"turns":6},{"damage":2,"enemies":"Book of Stabbing","floor":24,"turns":6},{"damage":2,"enemies":"3 Cultists","floor":24,"turns":9}],"event_choices":[{"event_name":"Big Fish","player_choice":"Donut","floor":4,"damage_taken":0},{"event_name":"Golden Idol","player_choice":"Lose Max HP","floor":5,"damage_taken":0},{"event_name":"Scrap Ooze","player_choice":"success","floor":11,"damage_taken":18},{"event_name":"The Joust","player_choice":"Bet on Owner","floor":20,"damage_taken":0}],"boss_relics":[{"not_picked":["Tiny House","Runic Pyramid"],"picked":"Black Star"}],"potions_floor_spawned":[1,7,10,18,22],"seed_played":"-3438336750267289833","killed_by":"3 Cultists","ascension_level":0,"is_trial":false}