{"path_per_floor":["M","M","$","M","?","R","E","?","T","E","R","$","R","M","R","B",null,"M","?","$","?","M","E","R","M","T","?","R","E","M","$","R"],"character_chosen":"THE_SILENT","items_purchased":["Infinite Blades","Infinite Blades","Bag of Marbles","Noxious Fumes"],"gold_per_floor":[117,127,52,67,67,67,98,98,125,151,151,74,74,89,89,191,191,207,132,97,97,111,139,139,159,182,182,182,213,225,4,4,4],"floor_reached":33,"campfire_rested":2,"playtime":1528,"current_hp_per_floor":[63,62,62,62,62,62,43,43,43,44,44,44,44,46,46,40,63,40,40,40,40,42,28,49,51,51,51,70,61,63,63,63,0],"items_purged":["Strike_G"],"gold":4,"score":393,"play_id":"3bf3cbd0-ec42-4c27-80a7-ed8e5d349a83","local_time":"20180322140529","is_prod":false,"is_daily":false,"is_ascension_mode":true,"campfire_upgraded":5,"timestamp":1521749129,"path_taken":["M","?","$","M","?","R","E","?","T","E","R","$","R","M","R","BOSS","M","?","$","?","?","E","R","M","T","?","R","E","M","$","R","BOSS"],"build_version":"2018-03-22","purchased_purges":4,"victory":false,"master_deck":["Defend_G","Defend_G","Defend_G","Defend_G","Defend_G","Strike_G","Strike_G","Strike_G","Survivor","Neutralize+1","Noxious Fumes+1","Poisoned Stab","Cloak And Dagger+1","Leg Sweep+1","Injury","Infinite Blades+1","Cloak And Dagger+1","Burst+1","Infinite Blades","Finisher","Terror+1","Backstab","Eviscerate","Noxious Fumes"],"max_hp_per_floor":[70,70,70,70,70,70,70,70,70,70,70,70,70,70,70,70,70,70,70,70,70,70,70,70,70,70,70,70,70,70,70,70,70],"relics":["Ring of the Snake","Letter Opener","Blood Vial","Ninja Scroll","White Beast Statue","Dream Catcher","Omamori","Bronze Scales","Bag of Marbles"],"card_choices":[{"not_picked":["Crippling Poison","Quick Slash"],"picked":"Noxious Fumes","floor":1},{"not_picked":["Flying Knee","All Out Attack"],"picked":"Poisoned Stab","floor":2},{"not_picked":["Poisoned Stab","Acrobatics"],"picked":"Cloak And Dagger","floor":4},{"not_picked":["Terror","Cloak And Dagger"],"picked":"Leg Sweep","floor":7},{"not_picked":["Flechettes","Underhanded Strike"],"picked":"Cloak And Dagger","floor":14},{"not_picked":["Doppelganger","Tactician"],"picked":"Burst","floor":16},{"not_picked":["Backflip","Underhanded Strike"],"picked":"Terror","floor":22},{"not_picked":["Finisher","Bane"],"picked":"Backstab","floor":23},{"not_picked":["Prepared","Deflect"],"picked":"Eviscerate","floor":28}],"player_experience":252002,"potions_floor_usage":[4,7,18,18,23,25,29,29,30,33],"damage_taken":[{"damage":0,"enemies":"Cultist","floor":1,"turns":5},{"damage":1,"enemies":"Small Slimes","floor":2,"turns":4},{"damage":0,"enemies":"2 Louse","floor":4,"turns":3},{"damage":28,"enemies":"Gremlin Nob","floor":7,"turns":5},{"damage":1,"enemies":"Lagavulin","floor":10,"turns":7},{"damage":0,"enemies":"Red Slaver","floor":14,"turns":4},{"damage":8,"enemies":"Hexaghost","floor":16,"turns":9},{"damage":25,"enemies":"2 Thieves","floor":18,"turns":4},{"damage":0,"enemies":"3 Byrds","floor":22,"turns":5},{"damage":16,"enemies":"Book of Stabbing","floor":23,"turns":6},{"damage":0,"enemies":"Snake Plant","floor":25,"turns":1},{"damage":9,"enemies":"Slavers","floor":29,"turns":5},{"damage":0,"enemies":"Cultist and Chosen","floor":30,"turns":5},{"damage":88,"enemies":"Champ","floor":33,"turns":8}],"event_choices":[{"event_name":"Upgrade Shrine","player_choice":"Upgraded","floor":5,"damage_taken":0},{"event_name":"Accursed Blacksmith","player_choice":"Forge","floor":8,"damage_taken":0},{"event_name":"Beggar","player_choice":"Gave Gold","floor":19,"damage_taken":0},{"event_name":"The Library","player_choice":"Read","floor":21,"damage_taken":0},{"event_name":"Forgotten Altar","player_choice":"Smashed Altar","floor":27,"damage_taken":0}],"boss_relics":[{"not_picked":["Pandora\u0027s Box","Snecko Eye"],"picked":"White Beast Statue"}],"potions_floor_spawned":[1,2,7,10,16,18,22,23,25,29,30],"seed_played":"4390688311842957786","killed_by":"Champ","ascension_level":7,"is_trial":false}