{"path_per_floor":["M","M","?","?","M","R","E","M","T","R","?","$","M","M","R","B",null,"M","?","?","?","M","M","E","?","T","R","M","R","M","M","R","B",null,"M","$","?","?","?","E","M","R","T","R","$","M","M","?","R","B"],"character_chosen":"THE_SILENT","items_purchased":["Panache","Anchor","Bane"],"gold_per_floor":[113,132,82,82,94,94,120,137,161,161,411,136,153,165,165,261,261,275,200,200,200,220,230,258,258,258,258,277,277,295,309,309,407,407,420,244,0,0,0,33,51,51,51,51,51,71,89,89,89,89],"floor_reached":51,"campfire_rested":5,"playtime":3700,"current_hp_per_floor":[70,69,69,69,63,63,35,30,30,51,51,51,50,49,49,45,70,64,64,64,64,63,48,1,1,1,22,22,43,27,18,39,39,70,70,70,70,70,70,51,53,53,53,53,53,44,36,59,76,4],"items_purged":["Regret"],"gold":89,"play_id":"10f85355-9dd2-4296-992c-9c121b777708","is_prod":false,"is_daily":false,"campfire_rituals":0,"campfire_upgraded":4,"is_hardmode":false,"path_taken":["M","M","?","?","M","R","E","M","T","R","?","$","M","?","R","BOSS","M","?","?","?","?","M","E","?","T","R","M","R","M","M","R","BOSS","M","$","?","?","?","E","M","R","T","R","$","?","M","?","R","BOSS"],"build_version":"2018-01-04-PROD1","purchased_purges":1,"victory":true,"master_deck":["Defend_G","Defend_G","Strike_G","Survivor","Neutralize","Bouncing Flask","Burst","Bane","Catalyst","Panache","Deadly Poison","Bullet Time","PiercingWail","Footwork","Envenom","Catalyst","Backflip","Cloak And Dagger","Blur","Bullet Time","Envenom","Bane","Bane","Riddle With Holes","Writhe"],"max_hp_per_floor":[70,70,70,70,70,70,70,70,70,70,70,70,70,70,70,70,70,70,70,70,70,70,70,70,70,70,70,70,70,70,70,70,70,70,70,70,70,70,70,70,70,70,70,70,70,70,70,76,76,76],"relics":["Ring of the Snake","Toolbox","Torii","Vajra","Astrolabe","War Paint","Unceasing Top","Black Star","Anchor","Red Mask","Blood Vial","Frozen Egg","Darkstone Periapt"],"campfire_meditates":0,"card_choices":[{"not_picked":["Reflex","Bane"],"picked":"Distraction"},{"not_picked":["Well Laid Plans","Prepared"],"picked":"Bouncing Flask"},{"not_picked":["Deadly Poison","PiercingWail"],"picked":"Burst"},{"not_picked":["Blur","Flying Knee"],"picked":"Bane"},{"not_picked":["Poisoned Stab","Distraction"],"picked":"Catalyst"},{"not_picked":["Catalyst","Dodge and Roll"],"picked":"Deadly Poison"},{"not_picked":["Envenom","Die Die Die"],"picked":"Bullet Time"},{"not_picked":["PiercingWail","Deflect"],"picked":"Catalyst"},{"not_picked":["Choke","Footwork"],"picked":"Backflip"},{"not_picked":["Outmaneuver","Eviscerate"],"picked":"Cloak And Dagger"},{"not_picked":["Calculated Gamble","Outmaneuver"],"picked":"Blur"},{"not_picked":["Deadly Poison","Poisoned Stab"],"picked":"Bullet Time"},{"not_picked":["Bullet Time","A Thousand Cuts"],"picked":"Envenom"},{"not_picked":["Predator","Outmaneuver"],"picked":"Bane"},{"not_picked":["Accuracy","Deadly Poison"],"picked":"Riddle With Holes"}],"player_experience":132509,"potions_floor_usage":[7,7,8,14,23,33,47,50],"damage_taken":[{"damage":0,"enemies":"Cultist","floor":1,"turns":4},{"damage":1,"enemies":"Jaw Worm","floor":2,"turns":8},{"damage":6,"enemies":"2 Louse","floor":5,"turns":3},{"damage":37,"enemies":"Gremlin Nob","floor":7,"turns":6},{"damage":5,"enemies":"Large Slime","floor":8,"turns":5},{"damage":1,"enemies":"Exordium Wildlife","floor":13,"turns":4},{"damage":16,"enemies":"Exordium Thugs","floor":14,"turns":7},{"damage":4,"enemies":"The Guardian","floor":16,"turns":6},{"damage":6,"enemies":"Shell Parasite","floor":18,"turns":6},{"damage":1,"enemies":"2 Thieves","floor":22,"turns":4},{"damage":15,"enemies":"Snecko","floor":23,"turns":3},{"damage":47,"enemies":"Book of Stabbing","floor":24,"turns":8},{"damage":0,"enemies":"Snake Plant","floor":28,"turns":2},{"damage":16,"enemies":"Chosen and Byrds","floor":30,"turns":6},{"damage":9,"enemies":"Centurion and Healer","floor":31,"turns":6},{"damage":0,"enemies":"Champ","floor":33,"turns":8},{"damage":0,"enemies":"3 Shapes","floor":35,"turns":7},{"damage":19,"enemies":"Nemesis","floor":40,"turns":4},{"damage":0,"enemies":"Orb Walker","floor":41,"turns":1},{"damage":11,"enemies":"Sphere and 2 Shapes","floor":46,"turns":4},{"damage":22,"enemies":"3 Darklings","floor":47,"turns":5},{"damage":72,"enemies":"Time Eater","floor":50,"turns":10}],"event_choices":[{"event_name":"The Cleric","player_choice":"Card Removal","floor":3,"damage_taken":0},{"event_name":"Big Fish","player_choice":"Box","floor":4,"damage_taken":0},{"event_name":"Golden Shrine","player_choice":"Desecrate","floor":11,"damage_taken":0},{"event_name":"Beggar","player_choice":"Gave Gold","floor":19,"damage_taken":0},{"event_name":"Purifier","player_choice":"One Purge","floor":20,"damage_taken":0},{"event_name":"Bonfire Elementals","player_choice":"SKILL","floor":21,"damage_taken":0},{"event_name":"Back to Basics","player_choice":"Simplicity","floor":25,"damage_taken":0},{"event_name":"Tomb of Lord Red Mask","player_choice":"Paid","floor":37,"damage_taken":0},{"event_name":"Purifier","player_choice":"One Purge","floor":39,"damage_taken":0},{"event_name":"Winding Halls","player_choice":"Writhe","floor":48,"damage_taken":0}],"boss_relics":[{"not_picked":["Ectoplasm","Velvet Choker"],"picked":"Astrolabe"},{"not_picked":["Orrery","Runic Dome"],"picked":"Black Star"}],"potions_floor_spawned":[1,2,7,14,24,30,35,46],"seed_played":"7483554175225113740","is_trial":false}