{"path_per_floor":["M","?","M","M","?","R","M","R","T","$","M","M","M","M","R","B",null,"M","M","?","M","M","R","?","?","T","R","T","M","R","M","R","B",null,"M","?","$","?","M","R","E","M","T","R","E","M","R","M","R","B"],"character_chosen":"IRONCLAD","items_purchased":["Regal Pillow","Self Forming Clay"],"gold_per_floor":[113,113,131,145,245,245,256,256,283,52,70,80,99,119,119,222,222,233,243,158,178,191,191,191,191,215,215,268,279,279,298,298,398,398,409,409,57,0,13,13,39,51,125,125,160,172,172,190,190,190],"floor_reached":51,"campfire_rested":5,"playtime":3162,"current_hp_per_floor":[71,53,46,45,45,45,35,58,58,58,62,57,58,59,84,67,84,78,70,70,54,49,49,32,63,63,63,63,54,54,56,93,68,93,93,93,93,93,82,82,55,43,43,87,78,73,73,74,110,26],"items_purged":["Strike_R","Defend_R"],"gold":190,"score":603,"play_id":"8dd397e8-1dbc-4202-a0a1-293ed31d4e72","is_prod":false,"is_daily":false,"is_ascension_mode":false,"campfire_upgraded":4,"path_taken":["M","?","M","M","?","R","?","R","T","$","M","M","M","M","R","BOSS","M","M","?","M","M","R","?","?","T","R","?","M","R","M","R","BOSS","M","?","$","?","M","R","E","M","T","R","E","M","R","M","R","BOSS"],"build_version":"2018-02-12-PROD1","purchased_purges":2,"victory":true,"master_deck":["Strike_R","Strike_R+1","Strike_R+1","Defend_R","Bash","Feed","Brutality+1","Cleave","Armaments+1","Whirlwind","Rupture","Metallicize","Offering+1","Feed","Armaments+1","Metallicize","Flame Barrier+1","Combust+1","Double Tap","Shrug It Off","Rupture+1","Pommel Strike+1","Heavy Blade"],"max_hp_per_floor":[75,75,75,78,78,78,78,78,78,78,81,81,81,84,84,84,84,88,88,88,88,88,88,93,93,93,93,93,93,93,93,93,93,93,93,93,93,93,93,93,93,99,99,99,99,106,106,110,110,110],"relics":["Burning Blood","Bronze Scales","Whetstone","Regal Pillow","Sozu","Girya","Happy Flower","Lantern","Mark of Pain","Self Forming Clay","Red Mask","Vajra","Meat on the Bone","Shuriken"],"card_choices":[{"not_picked":["Corruption","Sword Boomerang"],"picked":"Cleave"},{"not_picked":["Iron Wave","Twin Strike"],"picked":"Armaments"},{"not_picked":["True Grit","Second Wind"],"picked":"Whirlwind"},{"not_picked":["Flex","Cleave"],"picked":"Rupture"},{"not_picked":["Seeing Red","Clothesline"],"picked":"Metallicize"},{"not_picked":["Perfected Strike","Shrug It Off"],"picked":"Offering"},{"not_picked":["Brutality","Juggernaut"],"picked":"Feed"},{"not_picked":["Iron Wave","Searing Blow"],"picked":"Armaments"},{"not_picked":["Thunderclap","Clash"],"picked":"Metallicize"},{"not_picked":["Warcry","Shrug It Off"],"picked":"Flame Barrier"},{"not_picked":["Perfected Strike","Headbutt"],"picked":"Combust"},{"not_picked":["Limit Break","Fiend Fire"],"picked":"Double Tap"},{"not_picked":["Reckless Charge","Anger"],"picked":"Shrug It Off"},{"not_picked":["Spot Weakness","Burning Pact"],"picked":"Rupture"},{"not_picked":["Demon Form","Body Slam"],"picked":"Pommel Strike"},{"not_picked":["Blood for Blood","Anger"],"picked":"Heavy Blade"}],"player_experience":46525,"potions_floor_usage":[16,16],"damage_taken":[{"damage":10,"enemies":"Small Slimes","floor":1,"turns":3},{"damage":13,"enemies":"Jaw Worm","floor":3,"turns":3},{"damage":10,"enemies":"Blue Slaver","floor":4,"turns":3},{"damage":16,"enemies":"Large Slime","floor":7,"turns":7},{"damage":5,"enemies":"Exordium Thugs","floor":11,"turns":4},{"damage":11,"enemies":"2 Fungi Beasts","floor":12,"turns":3},{"damage":5,"enemies":"Lots of Slimes","floor":13,"turns":2},{"damage":8,"enemies":"Large Slime","floor":14,"turns":3},{"damage":23,"enemies":"The Guardian","floor":16,"turns":7},{"damage":16,"enemies":"Shell Parasite","floor":18,"turns":4},{"damage":14,"enemies":"Spheric Guardian","floor":19,"turns":4},{"damage":22,"enemies":"Snake Plant","floor":21,"turns":4},{"damage":11,"enemies":"Snecko","floor":22,"turns":4},{"damage":15,"enemies":"Centurion and Healer","floor":29,"turns":6},{"damage":4,"enemies":"3 Cultists","floor":31,"turns":3},{"damage":31,"enemies":"Collector","floor":33,"turns":7},{"damage":5,"enemies":"Orb Walker","floor":35,"turns":2},{"damage":17,"enemies":"3 Darklings","floor":39,"turns":3},{"damage":33,"enemies":"2 Orb Walkers","floor":41,"turns":3},{"damage":24,"enemies":"4 Shapes","floor":42,"turns":3},{"damage":15,"enemies":"Nemesis","floor":45,"turns":4},{"damage":18,"enemies":"Sphere and 2 Shapes","floor":46,"turns":3},{"damage":9,"enemies":"Maw","floor":48,"turns":4},{"damage":102,"enemies":"Awakened One","floor":50,"turns":8}],"event_choices":[{"event_name":"Scrap Ooze","player_choice":"success","floor":2,"damage_taken":18},{"event_name":"Golden Shrine","player_choice":"Pray","floor":5,"damage_taken":0},{"event_name":"Addict","player_choice":"Obtained Relic","floor":20,"damage_taken":0},{"event_name":"Forgotten Altar","player_choice":"Shed Blood","floor":24,"damage_taken":0},{"event_name":"The Library","player_choice":"Heal","floor":25,"damage_taken":0},{"event_name":"Tomb of Lord Red Mask","player_choice":"Paid","floor":38,"damage_taken":0}],"boss_relics":[{"not_picked":["White Beast Statue","Black Blood"],"picked":"Sozu"},{"not_picked":["Snecko Eye","Cursed Key"],"picked":"Mark of Pain"}],"potions_floor_spawned":[1,4,13,14,16,29,31,39,48],"seed_played":"7346302176772593912","ascension_level":0,"is_trial":false}