{"gold_per_floor":[360,435,22,22,39,39,100,100,100,135,145,163,12,12,12,87,87,101,77,22,38,51,51,80,106,106,106,140,140,155,155,155,231,231,241,141,158,176,191,191,191],"floor_reached":41,"playtime":1426,"items_purged":["Strike_R","Strike_R"],"score":889,"play_id":"290e3cc7-8257-431b-a98b-9b0ca0276305","local_time":"20190427022937","is_ascension_mode":true,"campfire_choices":[{"data":"Searing Blow","floor":6,"key":"SMITH"},{"data":"Searing Blow+1","floor":8,"key":"SMITH"},{"data":"Searing Blow+2","floor":15,"key":"SMITH"},{"data":"Searing Blow+3","floor":23,"key":"SMITH"},{"data":"Searing Blow+4","floor":27,"key":"SMITH"},{"data":"Searing Blow+5","floor":29,"key":"SMITH"},{"data":"Searing Blow+6","floor":32,"key":"SMITH"},{"data":"Searing Blow+7","floor":40,"key":"SMITH"}],"neow_cost":"TEN_PERCENT_HP_LOSS","seed_source_timestamp":3417887459271551,"circlet_count":0,"master_deck":["AscendersBane","Strike_R","Strike_R","Defend_R","Defend_R","Defend_R","Defend_R","Bash","Searing Blow+8","Thunderclap","Trip","Double Tap","Shrug It Off","Armaments","Shrug It Off","Dropkick","Shockwave","Seeing Red","Shrug It Off"],"relics":["Burning Blood","Champion Belt","Bottled Flame","Letter Opener","Coffee Dripper","Blood Vial","Red Mask","Paper Frog","Art of War","Eternal Feather"],"potions_floor_usage":[10,10,12,16,21,24,24,28,39],"damage_taken":[{"damage":14,"enemies":"Jaw Worm","floor":1,"turns":4},{"damage":1,"enemies":"2 Louse","floor":5,"turns":3},{"damage":25,"enemies":"3 Sentries","floor":10,"turns":9},{"damage":0,"enemies":"Cultist","floor":11,"turns":3},{"damage":0,"enemies":"3 Louse","floor":12,"turns":4},{"damage":31,"enemies":"The Guardian","floor":16,"turns":11},{"damage":7,"enemies":"Chosen","floor":18,"turns":4},{"damage":20,"enemies":"2 Thieves","floor":19,"turns":4},{"damage":18,"enemies":"Snake Plant","floor":21,"turns":2},{"damage":5,"enemies":"Snecko","floor":22,"turns":4},{"damage":4,"enemies":"Book of Stabbing","floor":24,"turns":5},{"damage":17,"enemies":"Masked Bandits","floor":25,"turns":5},{"damage":16,"enemies":"Slavers","floor":28,"turns":4},{"damage":0,"enemies":"Centurion and Healer","floor":30,"turns":4},{"damage":74,"enemies":"Automaton","floor":33,"turns":7},{"damage":0,"enemies":"Orb Walker","floor":35,"turns":1},{"damage":14,"enemies":"3 Shapes","floor":37,"turns":9},{"damage":21,"enemies":"Jaw Worm Horde","floor":38,"turns":4},{"damage":34,"enemies":"Maw","floor":39,"turns":7},{"damage":37,"enemies":"Nemesis","floor":41,"turns":4}],"seed_played":"-6776369980758003536","potions_obtained":[{"floor":1,"key":"Strength Potion"},{"floor":5,"key":"EssenceOfSteel"},{"floor":11,"key":"Poison Potion"},{"floor":12,"key":"Dexterity Potion"},{"floor":19,"key":"EssenceOfSteel"},{"floor":22,"key":"Dexterity Potion"},{"floor":24,"key":"Energy Potion"},{"floor":35,"key":"SteroidPotion"},{"floor":38,"key":"Dexterity Potion"},{"floor":39,"key":"Fire Potion"}],"is_trial":false,"path_per_floor":["M","?","$","?","M","R","?","R","T","E","M","M","$","?","R","B",null,"M","M","$","M","M","R","E","?","T","R","E","R","M","?","R","B",null,"M","$","M","M","M","R","E"],"character_chosen":"IRONCLAD","items_purchased":["Champion Belt","Thunderclap","Trip","AttackPotion"],"campfire_rested":0,"item_purchase_floors":[3,13,13,20],"current_hp_per_floor":[60,49,49,49,54,54,54,54,54,35,41,47,47,47,47,22,57,56,42,42,30,31,31,33,24,24,24,16,16,24,78,78,10,61,69,69,63,50,24,33,0],"gold":191,"neow_bonus":"TWO_FIFTY_GOLD","is_prod":false,"is_daily":false,"chose_seed":false,"campfire_upgraded":8,"win_rate":0,"timestamp":1556328577,"path_taken":["M","?","$","?","?","R","?","R","T","E","M","M","$","?","R","BOSS","M","M","$","M","M","R","E","?","T","R","E","R","M","?","R","BOSS","M","$","M","M","M","R","E"],"build_version":"2019-01-23","purchased_purges":2,"victory":false,"max_hp_per_floor":[68,68,68,68,68,68,68,68,68,68,68,68,68,68,68,68,68,68,68,68,68,68,68,68,68,68,68,68,68,68,78,78,78,78,78,78,78,78,78,78,78],"card_choices":[{"not_picked":["Fire Breathing","Havoc"],"picked":"Searing Blow","floor":1},{"not_picked":["Searing Blow","Clash","Twin Strike"],"picked":"SKIP","floor":5},{"not_picked":["Wild Strike","Entrench","Warcry"],"picked":"SKIP","floor":10},{"not_picked":["Rampage","Flex","Perfected Strike"],"picked":"SKIP","floor":11},{"not_picked":["Combust","Exhume","Havoc"],"picked":"SKIP","floor":12},{"not_picked":["Immolate","Reaper"],"picked":"Double Tap","floor":16},{"not_picked":["Thunderclap","Anger"],"picked":"Shrug It Off","floor":18},{"not_picked":["Havoc","Clash","Twin Strike"],"picked":"SKIP","floor":19},{"not_picked":["Iron Wave","Twin Strike"],"picked":"Armaments","floor":21},{"not_picked":["Warcry","Clash+1"],"picked":"Shrug It Off","floor":22},{"not_picked":["Second Wind","Hemokinesis","Sword Boomerang+1"],"picked":"SKIP","floor":24},{"not_picked":["Reckless Charge","Body Slam"],"picked":"Dropkick","floor":25},{"not_picked":["Cleave","Barricade"],"picked":"Immolate","floor":28},{"not_picked":["Sentinel","Havoc"],"picked":"Shockwave","floor":30},{"not_picked":["Infernal Blade","Corruption","Blood for Blood+1"],"picked":"SKIP","floor":35},{"not_picked":["Body Slam","Sword Boomerang+1"],"picked":"Seeing Red","floor":37},{"not_picked":["Wild Strike","Blood for Blood"],"picked":"Shrug It Off","floor":38},{"not_picked":["Metallicize","Wild Strike+1","Anger+1"],"picked":"SKIP","floor":39}],"player_experience":687184,"relics_obtained":[{"floor":9,"key":"Bottled Flame"},{"floor":10,"key":"Letter Opener"},{"floor":24,"key":"Blood Vial"},{"floor":25,"key":"Red Mask"},{"floor":26,"key":"Paper Frog"},{"floor":28,"key":"Art of War"}],"event_choices":[{"damage_healed":0,"gold_gain":75,"player_choice":"Gather Gold","damage_taken":11,"max_hp_gain":0,"max_hp_loss":0,"event_name":"World of Goop","floor":2,"gold_loss":0},{"cards_removed":["Strike_R"],"damage_healed":0,"gold_gain":0,"player_choice":"Card Removal","damage_taken":0,"max_hp_gain":0,"max_hp_loss":0,"event_name":"Wheel of Change","floor":4,"gold_loss":0},{"damage_healed":0,"gold_gain":61,"player_choice":"Gained Gold","damage_taken":0,"max_hp_gain":0,"max_hp_loss":0,"event_name":"Golden Wing","floor":7,"gold_loss":0},{"damage_healed":0,"gold_gain":0,"player_choice":"Leave","damage_taken":0,"max_hp_gain":0,"max_hp_loss":0,"event_name":"The Cleric","floor":14,"gold_loss":0},{"damage_healed":0,"gold_gain":0,"player_choice":"Fought Bandits","damage_taken":0,"max_hp_gain":0,"max_hp_loss":0,"event_name":"Masked Bandits","floor":25,"gold_loss":0},{"cards_removed":["Immolate"],"damage_healed":44,"gold_gain":0,"player_choice":"Offered Rare","damage_taken":0,"max_hp_gain":10,"max_hp_loss":0,"event_name":"Bonfire Elementals","floor":31,"gold_loss":0}],"is_beta":false,"boss_relics":[{"not_picked":["Black Star","Cursed Key"],"picked":"Coffee Dripper"},{"not_picked":["White Beast Statue","Sozu"],"picked":"Eternal Feather"}],"items_purged_floors":[3,36],"is_endless":false,"potions_floor_spawned":[1,5,11,12,19,22,24,35,38,39],"killed_by":"Nemesis","ascension_level":19}