{"path_per_floor":["M","?","$","?","M","R","M","?","T","R","E","M","R","M","R","B",null,"M","?","M","$","?"],"character_chosen":"IRONCLAD","items_purchased":["Rampage"],"gold_per_floor":[115,115,6,6,23,23,41,41,41,41,70,85,85,105,105,208,208,228,228,243,143,143],"floor_reached":23,"campfire_rested":0,"playtime":751,"current_hp_per_floor":[80,80,80,62,62,62,68,61,61,61,59,65,65,66,66,68,80,80,80,75,75,60],"items_purged":["Strike_R","Rupture"],"gold":143,"score":208,"play_id":"55ba4f12-2aba-47f4-be59-1802c1b7e11f","is_prod":false,"is_daily":false,"is_ascension_mode":true,"campfire_upgraded":4,"path_taken":["M","?","$","?","M","R","M","?","T","R","E","M","R","M","R","BOSS","M","?","M","$","?","E"],"build_version":"2018-02-08-BETA1","purchased_purges":2,"victory":false,"master_deck":["Bash+1","Clash+1","Battle Trance+1","Rampage+1","Flex+1","Headbutt","Anger","Thunderclap","Heavy Blade","Infernal Blade","Dropkick","Sword Boomerang"],"max_hp_per_floor":[80,80,80,80,80,80,80,80,80,80,80,80,80,80,80,80,80,80,80,80,80,85],"relics":["Burning Blood","Darkstone Periapt","Sundial","Bronze Scales","Pandora\u0027s Box"],"card_choices":[{"not_picked":["Hemokinesis","Havoc"],"picked":"Clash"},{"not_picked":["Anger","Spot Weakness"],"picked":"Battle Trance"},{"not_picked":["Hemokinesis","Iron Wave"],"picked":"Flex"},{"not_picked":["Battle Trance","Iron Wave"],"picked":"Headbutt"}],"player_experience":146426,"potions_floor_usage":[11,23],"damage_taken":[{"damage":3,"enemies":"2 Louse","floor":1,"turns":3},{"damage":6,"enemies":"Blue Slaver","floor":5,"turns":4},{"damage":0,"enemies":"Cultist","floor":7,"turns":2},{"damage":8,"enemies":"Lagavulin","floor":11,"turns":5},{"damage":0,"enemies":"2 Fungi Beasts","floor":12,"turns":2},{"damage":5,"enemies":"Exordium Thugs","floor":14,"turns":5},{"damage":4,"enemies":"Slime Boss","floor":16,"turns":5},{"damage":0,"enemies":"Spheric Guardian","floor":18,"turns":1},{"damage":11,"enemies":"2 Thieves","floor":20,"turns":2},{"damage":64,"enemies":"Slavers","floor":23,"turns":3}],"event_choices":[{"event_name":"Upgrade Shrine","player_choice":"Upgraded","floor":2,"damage_taken":0},{"event_name":"Scrap Ooze","player_choice":"success","floor":4,"damage_taken":18},{"event_name":"Golden Wing","player_choice":"Card Removal","floor":8,"damage_taken":0},{"event_name":"Vampires","player_choice":"Ignored","floor":19,"damage_taken":0},{"event_name":"Forgotten Altar","player_choice":"Shed Blood","floor":22,"damage_taken":0}],"boss_relics":[{"not_picked":["Eternal Feather","Philosopher\u0027s Stone"],"picked":"Pandora\u0027s Box"}],"potions_floor_spawned":[5,7,16],"seed_played":"8428115782223721059","killed_by":"Slavers","ascension_level":2,"is_trial":false}