{"path_per_floor":["M","M","$","M","$","R","M","M","T","?","M","R","?","M","R","B",null,"M","?","?","?","M","M","M","?","T","M","M","$","M","$","R","B",null,"M","?","?","M","$","R","?","R","T","M","R","M","R","$","R","B"],"character_chosen":"THE_SILENT","items_purchased":["Noxious Fumes","Acrobatics","Oddly Smooth Stone","Caltrops","Footwork","Deflect"],"gold_per_floor":[111,122,85,98,46,46,56,72,72,72,38,38,38,52,52,172,172,188,188,188,188,204,221,238,163,163,180,192,117,135,135,135,232,232,245,245,245,259,27,27,73,73,99,109,109,123,123,18,18,18],"floor_reached":51,"campfire_rested":1,"playtime":8560,"current_hp_per_floor":[66,66,66,66,66,66,61,61,61,61,61,61,61,61,61,56,65,52,52,52,52,57,35,27,27,27,44,37,37,35,35,35,21,65,65,65,57,58,58,58,37,37,42,46,46,30,30,30,49,49],"items_purged":["Defend_G"],"gold":18,"score":542,"play_id":"e1da6351-5e45-43e4-883d-c84aa28ffa71","is_prod":false,"is_daily":false,"is_ascension_mode":false,"campfire_upgraded":7,"path_taken":["M","?","?","M","$","R","M","M","T","?","?","R","?","M","R","BOSS","M","?","?","?","M","M","?","?","T","M","M","$","?","$","R","BOSS","M","?","?","M","$","R","?","R","T","M","R","M","R","?","R","BOSS"],"build_version":"2018-02-15-PROD1","purchased_purges":1,"victory":true,"master_deck":["Defend_G","Defend_G","Defend_G","Strike_G","Strike_G","Survivor","Neutralize+1","PiercingWail","Backflip","Noxious Fumes+1","PiercingWail+1","Acrobatics+1","Calculated Gamble+1","PiercingWail","Night Terror+1","Prepared+1","Leg Sweep","Deflect","Noxious Fumes+1","After Image+1","Acrobatics+1","Adrenaline","Footwork+1","Madness+1","Madness","Acrobatics+1","Caltrops+1","Prepared+1","Backflip+1","Acrobatics+1","Footwork","Deflect"],"max_hp_per_floor":[70,70,70,70,70,70,70,70,70,70,70,70,65,65,65,65,65,65,65,65,65,65,65,65,65,65,65,65,65,65,65,65,65,65,65,65,65,65,65,65,65,65,65,65,65,65,65,65,65,65],"relics":["Ring of the Snake","Peace Pipe","Bloody Idol","Question Card","Bronze Scales","Sozu","Oddly Smooth Stone","Gambling Chip","War Paint"],"card_choices":[{"not_picked":["Bouncing Flask","Dash"],"picked":"PiercingWail"},{"not_picked":["Poisoned Stab","Prepared"],"picked":"Backflip"},{"not_picked":["Eviscerate","Sucker Punch"],"picked":"PiercingWail"},{"not_picked":["Dagger Spray","Poisoned Stab"],"picked":"Calculated Gamble"},{"not_picked":["Distraction","Bouncing Flask"],"picked":"PiercingWail"},{"not_picked":["Venomology","Glass Knife"],"picked":"Night Terror"},{"not_picked":["Bane","Backflip","PiercingWail"],"picked":"Prepared"},{"not_picked":["Flying Knee","Prepared","Infinite Blades"],"picked":"Leg Sweep"},{"not_picked":["Calculated Gamble","Finisher","Prepared"],"picked":"Deflect"},{"not_picked":["Bane","PiercingWail","Dagger Spray"],"picked":"Noxious Fumes"},{"not_picked":["Deflect","Prepared","Backflip"],"picked":"After Image"},{"not_picked":["Quick Slash","Deadly Poison","Dodge and Roll"],"picked":"Acrobatics"},{"not_picked":["Die Die Die","Bullet Time","Envenom"],"picked":"Adrenaline"},{"not_picked":["Blade Dance","Deadly Poison","Prepared"],"picked":"Footwork"},{"not_picked":["Bouncing Flask","Sucker Punch","Bane"],"picked":"Acrobatics"},{"not_picked":["Skewer","Deadly Poison","Quick Slash"],"picked":"Prepared"},{"not_picked":["PiercingWail","Quick Slash","All Out Attack"],"picked":"Backflip"},{"not_picked":["A Thousand Cuts","Deadly Poison","PiercingWail"],"picked":"Acrobatics"}],"player_experience":28801,"potions_floor_usage":[16,18,24,27,33,33],"damage_taken":[{"damage":4,"enemies":"Cultist","floor":1,"turns":5},{"damage":0,"enemies":"Jaw Worm","floor":2,"turns":5},{"damage":0,"enemies":"2 Louse","floor":4,"turns":4},{"damage":5,"enemies":"Large Slime","floor":7,"turns":9},{"damage":0,"enemies":"Red Slaver","floor":8,"turns":9},{"damage":0,"enemies":"Exordium Thugs","floor":11,"turns":7},{"damage":0,"enemies":"Blue Slaver","floor":14,"turns":6},{"damage":5,"enemies":"Hexaghost","floor":16,"turns":13},{"damage":13,"enemies":"3 Byrds","floor":18,"turns":7},{"damage":0,"enemies":"Shell Parasite","floor":22,"turns":9},{"damage":27,"enemies":"Chosen and Byrds","floor":23,"turns":9},{"damage":13,"enemies":"Snecko","floor":24,"turns":11},{"damage":3,"enemies":"Centurion and Healer","floor":27,"turns":11},{"damage":12,"enemies":"Chosen and Byrds","floor":28,"turns":9},{"damage":7,"enemies":"Slaver and Parasite","floor":30,"turns":7},{"damage":19,"enemies":"Collector","floor":33,"turns":13},{"damage":2,"enemies":"Orb Walker","floor":35,"turns":5},{"damage":4,"enemies":"3 Darklings","floor":38,"turns":7},{"damage":26,"enemies":"Mysterious Sphere","floor":41,"turns":6},{"damage":1,"enemies":"Maw","floor":44,"turns":11},{"damage":21,"enemies":"Sphere and 2 Shapes","floor":46,"turns":6},{"damage":0,"enemies":"Donu and Deca","floor":50,"turns":13}],"event_choices":[{"event_name":"Transmorgrifier","player_choice":"Transform","floor":10,"damage_taken":0},{"event_name":"Golden Idol","player_choice":"Lose Max HP","floor":13,"damage_taken":0},{"event_name":"Purifier","player_choice":"One Purge","floor":19,"damage_taken":0},{"event_name":"Upgrade Shrine","player_choice":"Upgraded","floor":20,"damage_taken":0},{"event_name":"Forgotten Altar","player_choice":"Gave Idol","floor":21,"damage_taken":0},{"event_name":"Beggar","player_choice":"Gave Gold","floor":25,"damage_taken":0},{"event_name":"Tomb of Lord Red Mask","player_choice":"Ignored","floor":36,"damage_taken":0},{"event_name":"Winding Halls","player_choice":"Embrace Madness","floor":37,"damage_taken":0},{"event_name":"Mysterious Sphere","player_choice":"Fight","floor":41,"damage_taken":0}],"boss_relics":[{"not_picked":["Snecko Eye","Runic Pyramid"],"picked":"Question Card"},{"not_picked":["Velvet Choker","Philosopher\u0027s Stone"],"picked":"Sozu"}],"potions_floor_spawned":[1,7,14,23,24,28,41,46],"seed_played":"7584915729201801984","ascension_level":0,"is_trial":false}