{"gold_per_floor":[116,130,130,144,162,162,195,195,195,195,160,191,191,217,217,290,290,310,310,310,64,64,90,90,100,178,0,0,27,27,27,27,27],"floor_reached":33,"playtime":1354,"items_purged":["Zap"],"score":619,"play_id":"afcde6ae-dd9d-4813-b023-0aa87917b57a","local_time":"20190429165038","is_ascension_mode":true,"campfire_choices":[{"floor":6,"key":"REST"},{"floor":8,"key":"REST"},{"data":"Coolheaded","floor":15,"key":"SMITH"},{"floor":24,"key":"REST"},{"data":"Loop","floor":28,"key":"SMITH"},{"floor":30,"key":"REST"},{"data":"Coolheaded","floor":32,"key":"SMITH"}],"neow_cost":"TEN_PERCENT_HP_LOSS","seed_source_timestamp":3642432288997169,"circlet_count":0,"master_deck":["AscendersBane","Defend_B+1","Defend_B+1","Defend_B+1","Defend_B+1","Dualcast","Genetic Algorithm+1","Conserve Battery","Ball Lightning","Compile Driver","Steam","Coolheaded+1","Rainbow","Coolheaded+1","Loop+1","Bite","Bite","Bite","Bite","Bite","Chill","Coolheaded"],"relics":["Cracked Core","WingedGreaves","Juzu Bracelet","Mercury Hourglass","War Paint","Meat on the Bone","Philosopher\u0027s Stone","MutagenicStrength","Shuriken","Cables","Anchor"],"potions_floor_usage":[7,12,18,23,29,33],"damage_taken":[{"damage":1,"enemies":"Cultist","floor":1,"turns":3},{"damage":4,"enemies":"Small Slimes","floor":2,"turns":3},{"damage":4,"enemies":"Jaw Worm","floor":4,"turns":4},{"damage":8,"enemies":"3 Louse","floor":5,"turns":4},{"damage":43,"enemies":"3 Sentries","floor":7,"turns":8},{"damage":11,"enemies":"Lagavulin","floor":12,"turns":5},{"damage":24,"enemies":"3 Sentries","floor":14,"turns":5},{"damage":23,"enemies":"The Guardian","floor":16,"turns":15},{"damage":18,"enemies":"Chosen","floor":18,"turns":6},{"damage":33,"enemies":"Book of Stabbing","floor":23,"turns":5},{"damage":2,"enemies":"Shell Parasite","floor":25,"turns":6},{"damage":33,"enemies":"Slavers","floor":29,"turns":6},{"damage":10,"enemies":"Colosseum Slavers","floor":31,"turns":5},{"damage":126,"enemies":"Champ","floor":33,"turns":22}],"seed_played":"2589812442868810478","potions_obtained":[{"floor":1,"key":"AttackPotion"},{"floor":4,"key":"Weak Potion"},{"floor":14,"key":"Ancient Potion"},{"floor":16,"key":"Swift Potion"},{"floor":23,"key":"FocusPotion"}],"is_trial":false,"path_per_floor":["M","M","?","M","M","R","E","R","T","?","?","E","?","E","R","B",null,"M","?","?","$","?","E","R","M","T","?","R","E","R","?","R","B"],"character_chosen":"DEFECT","items_purchased":["Loop","FocusPotion"],"campfire_rested":4,"item_purchase_floors":[21,21],"current_hp_per_floor":[63,59,54,50,42,61,18,37,37,37,53,42,42,30,30,21,53,37,37,37,37,37,24,43,57,57,57,57,38,57,57,57,0],"gold":27,"neow_bonus":"ONE_RARE_RELIC","is_prod":false,"is_daily":false,"chose_seed":false,"campfire_upgraded":3,"win_rate":0,"timestamp":1556553038,"path_taken":["M","?","?","M","M","R","E","R","T","?","?","E","?","E","R","BOSS","M","?","?","$","?","E","R","M","T","?","R","E","R","?","R","BOSS"],"build_version":"2019-01-23","purchased_purges":1,"victory":false,"max_hp_per_floor":[64,64,64,64,64,64,64,64,64,64,64,64,64,64,64,64,64,64,64,64,64,64,64,64,64,64,64,64,64,64,64,64,64],"card_choices":[{"not_picked":["Fusion","Lockon"],"picked":"Genetic Algorithm","floor":1},{"not_picked":["Go for the Eyes","Stack"],"picked":"Conserve Battery","floor":2},{"not_picked":["Turbo","Conserve Battery"],"picked":"Ball Lightning","floor":4},{"not_picked":["Barrage","Conserve Battery"],"picked":"Compile Driver","floor":5},{"not_picked":["Go for the Eyes","Meteor Strike"],"picked":"Steam","floor":7},{"not_picked":["Auto Shields","Hologram","Go for the Eyes"],"picked":"SKIP","floor":12},{"not_picked":["Steam","Streamline"],"picked":"Coolheaded","floor":14},{"not_picked":["Thunder Strike","Machine Learning"],"picked":"Rainbow","floor":16},{"not_picked":["Stack","Static Discharge"],"picked":"Coolheaded","floor":18},{"not_picked":["Heatsinks","Steam"],"picked":"Chill","floor":23},{"not_picked":["Storm","Gash","Hello World"],"picked":"SKIP","floor":25},{"not_picked":["Go for the Eyes","Compile Driver"],"picked":"Coolheaded","floor":29}],"player_experience":732669,"relics_obtained":[{"floor":7,"key":"Mercury Hourglass"},{"floor":9,"key":"War Paint"},{"floor":12,"key":"Meat on the Bone"},{"floor":14,"key":"Blood Vial"},{"floor":23,"key":"Shuriken"},{"floor":26,"key":"Cables"},{"floor":29,"key":"Anchor"}],"event_choices":[{"damage_healed":0,"gold_gain":0,"player_choice":"Success","damage_taken":5,"relics_obtained":["Juzu Bracelet"],"max_hp_gain":0,"max_hp_loss":0,"event_name":"Scrap Ooze","floor":3,"gold_loss":0},{"damage_healed":0,"gold_gain":0,"player_choice":"Ignored","damage_taken":0,"max_hp_gain":0,"max_hp_loss":0,"event_name":"Golden Idol","floor":10,"gold_loss":0},{"damage_healed":16,"gold_gain":0,"player_choice":"Healed","damage_taken":0,"max_hp_gain":0,"max_hp_loss":0,"event_name":"The Cleric","floor":11,"gold_loss":35},{"damage_healed":0,"gold_gain":0,"player_choice":"Ignored","damage_taken":0,"max_hp_gain":0,"max_hp_loss":0,"event_name":"Shining Light","floor":13,"gold_loss":0},{"damage_healed":0,"gold_gain":0,"player_choice":"Simplicity","damage_taken":0,"max_hp_gain":0,"max_hp_loss":0,"event_name":"Back to Basics","floor":19,"gold_loss":0,"cards_upgraded":["Strike_B","Strike_B","Strike_B","Strike_B","Defend_B","Defend_B","Defend_B"]},{"damage_healed":0,"gold_gain":0,"player_choice":"Inject Mutagens","damage_taken":0,"relics_obtained":["MutagenicStrength"],"max_hp_gain":0,"max_hp_loss":0,"event_name":"Drug Dealer","floor":20,"gold_loss":0},{"damage_healed":0,"gold_gain":0,"player_choice":"Became a vampire (Vial)","damage_taken":0,"max_hp_gain":0,"max_hp_loss":0,"event_name":"Vampires","floor":22,"relics_lost":["Blood Vial"],"gold_loss":0,"cards_obtained":["Bite","Bite","Bite","Bite","Bite"]},{"damage_healed":0,"gold_gain":0,"player_choice":"Paid Fearfully","damage_taken":0,"max_hp_gain":0,"max_hp_loss":0,"event_name":"Masked Bandits","floor":27,"gold_loss":178},{"damage_healed":0,"gold_gain":0,"player_choice":"Fight","damage_taken":0,"max_hp_gain":0,"max_hp_loss":0,"event_name":"Colosseum","floor":31,"gold_loss":0},{"damage_healed":0,"gold_gain":0,"player_choice":"Fled From Nobs","damage_taken":0,"max_hp_gain":0,"max_hp_loss":0,"event_name":"Colosseum","floor":31,"gold_loss":0}],"is_beta":false,"boss_relics":[{"not_picked":["Velvet Choker","Cursed Key"],"picked":"Philosopher\u0027s Stone"}],"items_purged_floors":[21],"is_endless":false,"potions_floor_spawned":[1,4,14,16,23],"killed_by":"Champ","ascension_level":20}