{"gold_per_floor":[116,136,147,147,163,163,188,188,188,188,207,207,207,237,237,309,309,321,339,339,32,52,81,81,81],"floor_reached":25,"playtime":1067,"items_purged":[],"score":427,"play_id":"033808bc-90aa-446f-a343-902f2086b195","local_time":"20190202193422","is_ascension_mode":true,"campfire_choices":[{"data":"Neutralize","floor":6,"key":"SMITH"},{"data":"Noxious Fumes","floor":8,"key":"SMITH"},{"data":"Dodge and Roll","floor":10,"key":"SMITH"},{"floor":15,"key":"REST"},{"floor":24,"key":"REST"}],"neow_cost":"NONE","seed_source_timestamp":623650474482148,"circlet_count":0,"master_deck":["AscendersBane","Defend_G","Defend_G","Defend_G","Defend_G","Defend_G","Strike_G","Strike_G","Strike_G","Strike_G","Strike_G","Survivor","Neutralize+1","Backflip","Backflip","Dodge and Roll+1","Predator","Noxious Fumes+1","Caltrops","Night Terror","Footwork","Escape Plan","Backflip"],"relics":["Ring of the Snake","Potion Belt","GremlinMask","Snake Skull","PreservedInsect","Letter Opener","Unceasing Top","Runic Dome","Gremlin Horn"],"potions_floor_usage":[16,22,23,23,23,25],"damage_taken":[{"damage":1,"enemies":"Small Slimes","floor":1,"turns":6},{"damage":1,"enemies":"Cultist","floor":2,"turns":4},{"damage":1,"enemies":"2 Louse","floor":3,"turns":3},{"damage":6,"enemies":"2 Fungi Beasts","floor":5,"turns":6},{"damage":27,"enemies":"3 Sentries","floor":7,"turns":13},{"damage":7,"enemies":"Large Slime","floor":11,"turns":8},{"damage":26,"enemies":"Gremlin Nob","floor":14,"turns":5},{"damage":21,"enemies":"The Guardian","floor":16,"turns":11},{"damage":12,"enemies":"2 Thieves","floor":18,"turns":5},{"damage":3,"enemies":"Shell Parasite","floor":19,"turns":6},{"damage":29,"enemies":"Colosseum Slavers","floor":20,"turns":4},{"damage":3,"enemies":"Snake Plant","floor":22,"turns":6},{"damage":3,"enemies":"Slavers","floor":23,"turns":5},{"damage":20,"enemies":"3 Cultists","floor":25,"turns":4}],"seed_played":"2121359162111007451","potions_obtained":[{"floor":7,"key":"Swift Potion"},{"floor":11,"key":"GamblersBrew"},{"floor":16,"key":"SkillPotion"},{"floor":23,"key":"GhostInAJar"}],"is_trial":false,"path_per_floor":["M","M","M","?","M","R","E","R","T","R","M","?","?","E","R","B",null,"M","M","?","$","M","E","R","M"],"character_chosen":"THE_SILENT","items_purchased":["Footwork","GhostInAJar","Dexterity Potion","Escape Plan"],"campfire_rested":2,"item_purchase_floors":[21,21,21,21],"current_hp_per_floor":[58,57,56,56,50,50,23,23,23,23,16,38,33,7,26,5,51,39,36,7,7,4,1,20,0],"gold":81,"neow_bonus":"RANDOM_COMMON_RELIC","is_prod":false,"is_daily":false,"chose_seed":false,"campfire_upgraded":3,"win_rate":0,"timestamp":1549136062,"path_taken":["M","M","M","?","?","R","E","R","T","R","M","?","?","E","R","BOSS","M","M","?","$","M","E","R","M"],"build_version":"2019-01-23","purchased_purges":0,"victory":false,"max_hp_per_floor":[66,66,66,66,66,66,66,66,66,66,66,66,66,66,66,66,66,66,66,66,66,66,66,66,66],"card_choices":[{"not_picked":["Underhanded Strike","Finisher"],"picked":"Backflip","floor":1},{"not_picked":["Poisoned Stab","Eviscerate"],"picked":"Backflip","floor":2},{"not_picked":["Flying Knee","Prepared"],"picked":"Dodge and Roll","floor":3},{"not_picked":["Eviscerate","Outmaneuver"],"picked":"Predator","floor":5},{"not_picked":["Flying Knee","Dodge and Roll"],"picked":"Noxious Fumes","floor":7},{"not_picked":["Slice","Concentrate"],"picked":"Caltrops","floor":11},{"not_picked":["Flechettes","Escape Plan","Terror"],"picked":"SKIP","floor":14},{"not_picked":["Burst","Doppelganger"],"picked":"Night Terror","floor":16},{"not_picked":["Underhanded Strike","Quick Slash","Bane"],"picked":"SKIP","floor":18},{"not_picked":["Dodge and Roll","Cloak And Dagger","Underhanded Strike"],"picked":"SKIP","floor":19},{"not_picked":["Prepared+1","Riddle With Holes"],"picked":"Backflip","floor":22},{"not_picked":["Skewer","Deadly Poison","Flying Knee"],"picked":"SKIP","floor":23}],"player_experience":199379,"relics_obtained":[{"floor":7,"key":"Snake Skull"},{"floor":9,"key":"PreservedInsect"},{"floor":14,"key":"Unceasing Top"},{"floor":23,"key":"Gremlin Horn"}],"event_choices":[{"damage_healed":0,"gold_gain":0,"player_choice":"Trade","damage_taken":0,"relics_obtained":["GremlinMask"],"max_hp_gain":0,"max_hp_loss":0,"event_name":"FaceTrader","floor":4,"gold_loss":0},{"damage_healed":22,"gold_gain":0,"player_choice":"Banana","damage_taken":0,"max_hp_gain":0,"max_hp_loss":0,"event_name":"Big Fish","floor":12,"gold_loss":0},{"damage_healed":0,"gold_gain":0,"player_choice":"Success","damage_taken":5,"relics_obtained":["Letter Opener"],"max_hp_gain":0,"max_hp_loss":0,"event_name":"Scrap Ooze","floor":13,"gold_loss":0},{"damage_healed":0,"gold_gain":0,"player_choice":"Fight","damage_taken":0,"max_hp_gain":0,"max_hp_loss":0,"event_name":"Colosseum","floor":20,"gold_loss":0},{"damage_healed":0,"gold_gain":0,"player_choice":"Fled From Nobs","damage_taken":0,"max_hp_gain":0,"max_hp_loss":0,"event_name":"Colosseum","floor":20,"gold_loss":0}],"is_beta":false,"boss_relics":[{"not_picked":["Philosopher\u0027s Stone","Sozu"],"picked":"Runic Dome"}],"items_purged_floors":[],"is_endless":false,"potions_floor_spawned":[7,11,16,20,23],"killed_by":"3 Cultists","ascension_level":17}