{"path_per_floor":["M","$","?","?","T","E","R","E","T","R","$","E","?","$","R","B",null,"M","?","$","M","?","E","R","E","T","?","M","R","M","M","R","B",null,"M","?","?","M","?","E","R","M","T","R","E","?","M","M","R"],"character_chosen":"IRONCLAD","items_purchased":["Ice Cream","Fire Potion","Inflame"],"gold_per_floor":[113,38,4,4,304,329,329,362,388,388,48,74,74,3,3,107,107,118,118,118,131,131,164,164,191,218,133,151,151,171,188,188,290,290,302,302,302,321,321,347,347,362,362,362,387,387,401,416,416],"floor_reached":50,"campfire_rested":4,"playtime":1747,"current_hp_per_floor":[69,69,69,69,69,35,55,45,45,45,45,51,51,51,51,31,60,60,48,48,57,41,20,59,40,40,40,46,83,83,83,83,81,83,86,86,86,80,80,82,82,79,79,79,62,62,47,45,88],"items_purged":["Defend_R"],"gold":416,"score":867,"play_id":"cbec552c-9baf-4a89-8f84-be70f838a811","is_prod":false,"is_daily":false,"is_ascension_mode":true,"campfire_upgraded":5,"path_taken":["M","?","?","?","?","E","R","E","T","R","$","E","?","?","R","BOSS","M","?","$","M","?","E","R","E","T","?","?","R","M","?","R","BOSS","M","?","?","M","?","E","R","?","T","R","E","?","M","M","R","BOSS"],"build_version":"2018-02-22-PROD2","purchased_purges":3,"victory":false,"master_deck":["Strike_R","Strike_R","Strike_R","Strike_R","Strike_R","Defend_R","Bash+1","Perfected Strike+1","Perfected Strike+1","Wild Strike+1","Inflame+1","Feed","Perfected Strike+1","Pommel Strike","Offering","Twin Strike+1","Twin Strike+1","Perfected Strike"],"max_hp_per_floor":[69,69,69,69,69,69,69,69,69,69,69,69,69,69,69,69,69,69,74,74,77,77,80,80,80,80,80,83,83,83,83,83,83,83,86,86,86,86,86,86,86,89,89,89,92,92,95,95,95],"relics":["Black Blood","Old Coin","Orichalcum","Art of War","Bag of Marbles","Ice Cream","Shuriken","Velvet Choker","Enchiridion","Regal Pillow","Ancient Tea Set","Vajra","Happy Flower","Kunai","Champion Belt","Anchor"],"card_choices":[{"not_picked":["Entrench","Inflame"],"picked":"Perfected Strike"},{"not_picked":["Sword Boomerang","Rampage"],"picked":"Perfected Strike"},{"not_picked":["Seeing Red","Iron Wave"],"picked":"Wild Strike"},{"not_picked":["Exhume","Brutality"],"picked":"Feed"},{"not_picked":["Warcry","Hemokinesis"],"picked":"Perfected Strike"},{"not_picked":["Blood for Blood","Reaper"],"picked":"Pommel Strike"},{"not_picked":["Brutality","Feed"],"picked":"Offering"},{"not_picked":["Shrug It Off","Spot Weakness"],"picked":"Twin Strike"},{"not_picked":["Reckless Charge","True Grit"],"picked":"Twin Strike"},{"not_picked":["Twin Strike","Pommel Strike"],"picked":"Perfected Strike"}],"player_experience":170884,"potions_floor_usage":[8,16,16,21,23,33,50,50,50],"damage_taken":[{"damage":1,"enemies":"Cultist","floor":1,"turns":3},{"damage":40,"enemies":"Lagavulin","floor":6,"turns":6},{"damage":16,"enemies":"3 Sentries","floor":8,"turns":5},{"damage":0,"enemies":"Gremlin Nob","floor":12,"turns":2},{"damage":26,"enemies":"The Guardian","floor":16,"turns":5},{"damage":6,"enemies":"Chosen","floor":18,"turns":2},{"damage":0,"enemies":"Shell Parasite","floor":21,"turns":1},{"damage":39,"enemies":"Slavers","floor":23,"turns":4},{"damage":25,"enemies":"Book of Stabbing","floor":25,"turns":3},{"damage":3,"enemies":"Centurion and Healer","floor":28,"turns":2},{"damage":0,"enemies":"Snake Plant","floor":30,"turns":1},{"damage":0,"enemies":"Cultist and Chosen","floor":31,"turns":3},{"damage":8,"enemies":"Collector","floor":33,"turns":3},{"damage":7,"enemies":"3 Shapes","floor":35,"turns":2},{"damage":16,"enemies":"3 Darklings","floor":38,"turns":3},{"damage":8,"enemies":"Giant Head","floor":40,"turns":5},{"damage":16,"enemies":"4 Shapes","floor":42,"turns":2},{"damage":30,"enemies":"Nemesis","floor":45,"turns":3},{"damage":28,"enemies":"Maw","floor":47,"turns":4},{"damage":12,"enemies":"3 Darklings","floor":48,"turns":2},{"damage":96,"enemies":"Donu and Deca","floor":50,"turns":6}],"event_choices":[{"event_name":"World of Goop","player_choice":"Left","floor":3,"damage_taken":0},{"event_name":"Purifier","player_choice":"One Purge","floor":4,"damage_taken":0},{"event_name":"The Lab","player_choice":"Got Potions","floor":13,"damage_taken":0},{"event_name":"Forgotten Altar","player_choice":"Shed Blood","floor":19,"damage_taken":0},{"event_name":"Cursed Tome","player_choice":"Obtained Book","floor":22,"damage_taken":0},{"event_name":"Addict","player_choice":"Obtained Relic","floor":27,"damage_taken":0},{"event_name":"Tomb of Lord Red Mask","player_choice":"Ignored","floor":36,"damage_taken":0},{"event_name":"Winding Halls","player_choice":"Writhe","floor":37,"damage_taken":0},{"event_name":"Purifier","player_choice":"One Purge","floor":39,"damage_taken":0},{"event_name":"Upgrade Shrine","player_choice":"Upgraded","floor":46,"damage_taken":0}],"boss_relics":[{"not_picked":["Runic Pyramid","White Beast Statue"],"picked":"Velvet Choker"},{"not_picked":["Black Star","Orrery"],"picked":"Black Blood"}],"potions_floor_spawned":[6,8,18,28,31,38,45,47,48],"seed_played":"348722882411444484","killed_by":"Donu and Deca","ascension_level":10,"is_trial":false}