{"gold_per_floor":[110,110,120,137,156,156,220,220,246,246,246,57,90,101,101,179,179,198,248,165,165,65,65,78,104,157,157,183,183,203,221,221,221],"floor_reached":33,"playtime":1140,"items_purged":["Defend_G","Strike_G"],"score":500,"play_id":"1498821e-ae3f-4190-83f6-76c679d866d4","local_time":"20190426182348","is_ascension_mode":true,"campfire_choices":[{"data":"Skewer","floor":6,"key":"SMITH"},{"data":"Cloak And Dagger","floor":8,"key":"SMITH"},{"data":"Neutralize","floor":10,"key":"SMITH"},{"data":"Terror","floor":15,"key":"SMITH"},{"data":"Setup","floor":23,"key":"SMITH"},{"floor":32,"key":"REST"}],"neow_cost":"NONE","seed_source_timestamp":3389024635517655,"circlet_count":0,"master_deck":["AscendersBane","Defend_G","Defend_G","Defend_G","Defend_G","Strike_G","Strike_G","Strike_G","Survivor","Neutralize+1","Backflip","Backflip","Cloak And Dagger+1","Skewer+1","Backflip","Quick Slash","Terror+1","Grand Finale","Deflect","Setup+1","Masterful Stab+1","Footwork"],"relics":["Ring of the Snake","NeowsBlessing","Ancient Tea Set","Juzu Bracelet","Blood Vial","Sozu","Matryoshka","Strawberry","Bag of Marbles","Tiny Chest","Oddly Smooth Stone","Orichalcum"],"potions_floor_usage":[5,7,13,25,25],"damage_taken":[{"damage":0,"enemies":"2 Louse","floor":1,"turns":1},{"damage":0,"enemies":"Cultist","floor":3,"turns":1},{"damage":0,"enemies":"Small Slimes","floor":4,"turns":1},{"damage":1,"enemies":"Looter","floor":5,"turns":4},{"damage":14,"enemies":"3 Sentries","floor":7,"turns":10},{"damage":1,"enemies":"Lagavulin","floor":13,"turns":3},{"damage":13,"enemies":"Exordium Wildlife","floor":14,"turns":5},{"damage":9,"enemies":"The Guardian","floor":16,"turns":13},{"damage":21,"enemies":"3 Byrds","floor":18,"turns":8},{"damage":4,"enemies":"Chosen","floor":24,"turns":4},{"damage":29,"enemies":"Gremlin Leader","floor":25,"turns":7},{"damage":1,"enemies":"Snecko","floor":30,"turns":3},{"damage":0,"enemies":"Snake Plant","floor":31,"turns":1},{"damage":70,"enemies":"Champ","floor":33,"turns":10}],"seed_played":"-2989848718596751989","potions_obtained":[{"floor":3,"key":"SkillPotion"},{"floor":4,"key":"Fire Potion"},{"floor":13,"key":"LiquidBronze"}],"is_trial":false,"path_per_floor":["M","?","M","M","M","R","?","R","T","R","?","$","E","M","R","B",null,"M","?","$","?","$","R","M","E","T","?","T","?","M","M","R","B"],"character_chosen":"THE_SILENT","items_purchased":["Weak Potion","FearPotion","Setup"],"campfire_rested":1,"item_purchase_floors":[12,12,20],"current_hp_per_floor":[59,59,59,59,58,58,44,44,44,44,44,44,43,32,32,25,56,37,37,37,37,37,37,35,15,15,15,15,30,31,33,54,0],"gold":221,"neow_bonus":"THREE_ENEMY_KILL","is_prod":false,"is_daily":false,"chose_seed":false,"campfire_upgraded":5,"win_rate":0,"timestamp":1556299428,"path_taken":["M","?","?","?","M","R","?","R","T","R","?","?","E","M","R","BOSS","M","?","$","?","$","R","M","E","T","?","?","?","M","M","R","BOSS"],"build_version":"2019-01-23","purchased_purges":2,"victory":false,"max_hp_per_floor":[66,66,66,66,66,66,66,66,66,66,66,66,66,66,66,66,66,66,66,66,66,66,66,66,73,73,73,73,73,73,73,73,73],"card_choices":[{"not_picked":["Endless Agony","Catalyst"],"picked":"Backflip","floor":1},{"not_picked":["Deadly Poison","Envenom"],"picked":"Backflip","floor":3},{"not_picked":["Riddle With Holes","Slice"],"picked":"Cloak And Dagger","floor":4},{"not_picked":["Quick Slash","Prepared"],"picked":"Skewer","floor":5},{"not_picked":["Underhanded Strike","Deadly Poison"],"picked":"Backflip","floor":7},{"not_picked":["Expertise","Dagger Spray"],"picked":"Quick Slash","floor":13},{"not_picked":["Predator","Slice"],"picked":"Terror","floor":14},{"not_picked":["Malaise","Wraith Form v2"],"picked":"Grand Finale","floor":16},{"not_picked":["PiercingWail","Infinite Blades"],"picked":"Deflect","floor":18},{"not_picked":["Infinite Blades","Deflect","Sucker Punch"],"picked":"SKIP","floor":24},{"not_picked":["Malaise","Flying Knee","Bane"],"picked":"SKIP","floor":25},{"not_picked":["PiercingWail","Flechettes"],"picked":"Masterful Stab+1","floor":30},{"not_picked":["Escape Plan","Quick Slash"],"picked":"Footwork","floor":31}],"player_experience":670793,"relics_obtained":[{"floor":7,"key":"Ancient Tea Set"},{"floor":9,"key":"Juzu Bracelet"},{"floor":13,"key":"Blood Vial"},{"floor":21,"key":"Matryoshka"},{"floor":25,"key":"Strawberry"},{"floor":26,"key":"Bag of Marbles"},{"floor":26,"key":"Tiny Chest"},{"floor":28,"key":"Oddly Smooth Stone"},{"floor":28,"key":"Orichalcum"}],"event_choices":[{"cards_removed":["Strike_G"],"damage_healed":0,"gold_gain":0,"player_choice":"Purged","damage_taken":0,"max_hp_gain":0,"max_hp_loss":0,"event_name":"Purifier","floor":2,"gold_loss":0},{"damage_healed":0,"gold_gain":30,"player_choice":"Searched \u00273\u0027 times","damage_taken":0,"max_hp_gain":0,"max_hp_loss":0,"event_name":"Dead Adventurer","floor":7,"gold_loss":0},{"damage_healed":0,"gold_gain":0,"player_choice":"Fled","damage_taken":0,"max_hp_gain":0,"max_hp_loss":0,"event_name":"Scrap Ooze","floor":11,"gold_loss":0},{"damage_healed":0,"gold_gain":50,"player_choice":"Stole From Cult","damage_taken":0,"max_hp_gain":0,"max_hp_loss":0,"event_name":"Nest","floor":19,"gold_loss":0},{"damage_healed":0,"gold_gain":0,"player_choice":"Relic","damage_taken":0,"max_hp_gain":0,"max_hp_loss":0,"event_name":"Wheel of Change","floor":21,"gold_loss":0},{"damage_healed":0,"gold_gain":0,"player_choice":"Ignored","damage_taken":0,"max_hp_gain":0,"max_hp_loss":0,"event_name":"Beggar","floor":27,"gold_loss":0},{"damage_healed":15,"gold_gain":0,"player_choice":"Heal","damage_taken":0,"max_hp_gain":0,"max_hp_loss":0,"event_name":"The Library","floor":29,"gold_loss":0}],"is_beta":false,"boss_relics":[{"not_picked":["Busted Crown","White Beast Statue"],"picked":"Sozu"}],"items_purged_floors":[12,22],"is_endless":false,"potions_floor_spawned":[3,4,13,24,30],"killed_by":"Champ","ascension_level":18}