{"gold_per_floor":[119,119,134,59,77,42,42,77,129,154,165,179,195,245,245,347,347,367,400,126,140,15,48,48,65,116,128,165,196,208,181,181,286,286,305,265,3,23,23,23],"floor_reached":40,"playtime":2614,"items_purged":["Strike_G","Concentrate+1","Defend_G"],"score":629,"play_id":"88949551-3f75-447c-8bad-3601d3beae8e","local_time":"20190418112338","is_ascension_mode":true,"campfire_choices":[{"data":"Neutralize","floor":7.0,"key":"SMITH"},{"floor":15.0,"key":"REST"},{"floor":24.0,"key":"REST"},{"floor":27.0,"key":"REST"},{"floor":32.0,"key":"REST"}],"neow_cost":"NONE","seed_source_timestamp":0,"circlet_count":0,"master_deck":["Defend_G","Defend_G+1","Defend_G+1","Defend_G","Strike_G+1","Survivor","Neutralize+1","Dagger Spray","PiercingWail","Sucker Punch","Quick Slash+1","Skewer","Cloak And Dagger","Malaise","Flechettes+1","Glass Knife+1","Leg Sweep","Crippling Poison","Noxious Fumes","Corpse Explosion","Cloak And Dagger+1","PiercingWail"],"special_seed":0,"relics":["Cursed Key","Omamori","Boot","Whetstone","Astrolabe","Red Mask","Unceasing Top","MawBank","Vajra","Runic Pyramid","Ornamental Fan"],"potions_floor_usage":[40,40],"damage_taken":[{"damage":4.0,"enemies":"Small Slimes","floor":1.0,"turns":4.0},{"damage":2.0,"enemies":"Jaw Worm","floor":3.0,"turns":5.0},{"damage":0.0,"enemies":"2 Louse","floor":5.0,"turns":3.0},{"damage":34.0,"enemies":"3 Sentries","floor":8.0,"turns":12.0},{"damage":15.0,"enemies":"Lagavulin","floor":10.0,"turns":9.0},{"damage":0.0,"enemies":"Blue Slaver","floor":11.0,"turns":3.0},{"damage":1.0,"enemies":"Exordium Thugs","floor":12.0,"turns":4.0},{"damage":1.0,"enemies":"2 Fungi Beasts","floor":13.0,"turns":3.0},{"damage":28.0,"enemies":"Slime Boss","floor":16.0,"turns":14.0},{"damage":8.0,"enemies":"Spheric Guardian","floor":18.0,"turns":3.0},{"damage":0.0,"enemies":"Masked Bandits","floor":19.0,"turns":3.0},{"damage":7.0,"enemies":"Chosen","floor":21.0,"turns":5.0},{"damage":20.0,"enemies":"Slavers","floor":23.0,"turns":3.0},{"damage":20.0,"enemies":"Snecko","floor":25.0,"turns":6.0},{"damage":24.0,"enemies":"Book of Stabbing","floor":28.0,"turns":8.0},{"damage":6.0,"enemies":"Snake Plant","floor":29.0,"turns":6.0},{"damage":53.0,"enemies":"Collector","floor":33.0,"turns":12.0},{"damage":27,"enemies":"3 Shapes","floor":35,"turns":3},{"damage":0,"enemies":"3 Darklings","floor":38,"turns":5},{"damage":44,"enemies":"Giant Head","floor":40,"turns":7}],"seed_played":"6508917182124645270","potions_obtained":[{"floor":3.0,"key":"SneckoOil"},{"floor":5.0,"key":"Dexterity Potion"},{"floor":12.0,"key":"Strength Potion"},{"floor":13.0,"key":"Poison Potion"},{"floor":16.0,"key":"SkillPotion"},{"floor":23.0,"key":"AttackPotion"},{"floor":29.0,"key":"PowerPotion"},{"floor":33.0,"key":"EssenceOfSteel"},{"floor":36,"key":"Strength Potion"},{"floor":36,"key":"Fire Potion"},{"floor":36,"key":"Regen Potion"}],"is_trial":false,"path_per_floor":["M","?","M","$","M","?","R","E","T","E","M","M","M","?","R","B",null,"M","?","$","M","$","E","R","M","T","R","E","M","?","$","R","B",null,"M","?","$","M","?","E"],"character_chosen":"THE_SILENT","items_purchased":["Noxious Fumes","Corpse Explosion","Heel Hook","Ornamental Fan"],"campfire_rested":4,"item_purchase_floors":[20,20,31,37],"current_hp_per_floor":[59,45,43,43,43,60,60,26,26,11,11,10,9,9,30,2,53,45,45,45,38,38,18,39,19,19,40,16,10,33,33,54,1,53,26,26,26,26,26,0],"gold":23,"neow_bonus":"BOSS_RELIC","is_prod":false,"is_daily":false,"chose_seed":false,"campfire_upgraded":1,"win_rate":0,"timestamp":1555604618,"path_taken":["M","?","M","$","M","?","R","E","T","E","M","M","M","?","R","BOSS","M","?","$","M","?","E","R","M","T","R","E","M","?","$","R","BOSS","M","?","$","?","?","E"],"build_version":"2019-01-23","purchased_purges":3,"victory":false,"max_hp_per_floor":[70,70,70,70,70,70,70,70,70,70,70,70,70,70,70,70,70,70,70,70,70,70,70,70,70,70,70,70,70,70,70,70,70,70,70,70,70,70,70,70],"card_choices":[{"not_picked":["Backflip","Underhanded Strike"],"picked":"Dagger Spray","floor":1.0},{"not_picked":["Backflip","Outmaneuver"],"picked":"PiercingWail","floor":3.0},{"not_picked":["Acrobatics","Outmaneuver"],"picked":"Sucker Punch","floor":5.0},{"not_picked":["Outmaneuver","A Thousand Cuts"],"picked":"Quick Slash","floor":8.0},{"not_picked":["Flying Knee","Terror","Slice"],"picked":"SKIP","floor":10.0},{"not_picked":["Bouncing Flask","Underhanded Strike"],"picked":"Skewer","floor":11.0},{"not_picked":["Accuracy","Slice","Blur"],"picked":"SKIP","floor":12.0},{"not_picked":["Flechettes","Deflect"],"picked":"Cloak And Dagger","floor":13.0},{"not_picked":["Corpse Explosion","Glass Knife"],"picked":"Malaise","floor":16.0},{"not_picked":["Sucker Punch+1","Predator"],"picked":"Leg Sweep","floor":18.0},{"not_picked":["Dagger Spray+1","Prepared"],"picked":"Crippling Poison","floor":19.0},{"not_picked":["Deadly Poison","Deflect+1","Leg Sweep"],"picked":"SKIP","floor":21.0},{"not_picked":["Bane","Noxious Fumes","Prepared"],"picked":"SKIP","floor":23.0},{"not_picked":["Finisher+1","Poisoned Stab+1","Blade Dance"],"picked":"SKIP","floor":25.0},{"not_picked":["Skewer","Distraction","Acrobatics+1"],"picked":"SKIP","floor":28.0},{"not_picked":["Envenom","Blur"],"picked":"Cloak And Dagger+1","floor":29.0},{"not_picked":["Underhanded Strike","Riddle With Holes+1"],"picked":"PiercingWail","floor":35},{"not_picked":["All Out Attack","Prepared+1","Setup"],"picked":"SKIP","floor":38}],"player_experience":601122,"relics_obtained":[{"floor":8.0,"key":"Omamori"},{"floor":9.0,"key":"Boot"},{"floor":10.0,"key":"Whetstone"},{"floor":19.0,"key":"Red Mask"},{"floor":23.0,"key":"Unceasing Top"},{"floor":26.0,"key":"MawBank"},{"floor":28.0,"key":"Vajra"}],"event_choices":[{"damage_healed":0.0,"max_hp_gain":0.0,"max_hp_loss":0.0,"gold_gain":0.0,"event_name":"Shining Light","player_choice":"Entered Light","floor":2.0,"gold_loss":0.0,"damage_taken":14.0,"cards_upgraded":["Defend_G","Defend_G"]},{"damage_healed":17.0,"max_hp_gain":0.0,"max_hp_loss":0.0,"gold_gain":0.0,"event_name":"The Cleric","player_choice":"Healed","floor":6.0,"gold_loss":35.0,"damage_taken":0.0},{"damage_healed":0.0,"max_hp_gain":0.0,"max_hp_loss":0.0,"gold_gain":50.0,"event_name":"Golden Wing","player_choice":"Gained Gold","floor":14.0,"gold_loss":0.0,"damage_taken":0.0},{"damage_healed":0.0,"max_hp_gain":0.0,"max_hp_loss":0.0,"gold_gain":0.0,"event_name":"Masked Bandits","player_choice":"Fought Bandits","floor":19.0,"gold_loss":0.0,"damage_taken":0.0},{"damage_healed":23.0,"max_hp_gain":0.0,"max_hp_loss":0.0,"gold_gain":0.0,"event_name":"The Library","player_choice":"Heal","floor":30.0,"gold_loss":0.0,"damage_taken":0.0},{"damage_healed":0,"gold_gain":0,"player_choice":"Bought 3 Potions","damage_taken":0,"max_hp_gain":0,"max_hp_loss":0,"event_name":"The Woman in Blue","floor":36,"gold_loss":0},{"cards_removed":["Heel Hook"],"damage_healed":0,"gold_gain":0,"player_choice":"Removed Attack","damage_taken":0,"max_hp_gain":0,"max_hp_loss":0,"event_name":"Falling","floor":39,"gold_loss":0}],"is_beta":false,"boss_relics":[{"not_picked":["Velvet Choker","Philosopher\u0027s Stone"],"picked":"Astrolabe"},{"not_picked":["Busted Crown","Calling Bell"],"picked":"Runic Pyramid"}],"items_purged_floors":[4,20,22],"is_endless":false,"potions_floor_spawned":[3,5,12,13,16,23,29,33,35,38],"killed_by":"Giant Head","ascension_level":9}