{"gold_per_floor":[360,360,360,360,163,163,194,214,214,226,260,260,291,303,303,399,399,417,73,73,273,288,288,320,320,320,35,81,81,81,92,92,194,194,210,256,274,274,286,286,305,305,305,4,4,0,11,30,30,30],"floor_reached":51,"playtime":1823,"items_purged":[],"score":1153,"play_id":"7f0e2f39-1c06-46f5-ae50-ecdae97ff7fb","local_time":"20190116003034","is_ascension_mode":true,"campfire_choices":[{"data":"Bash","floor":6,"key":"SMITH"},{"floor":12,"key":"REST"},{"data":"Armaments","floor":15,"key":"SMITH"},{"floor":23,"key":"REST"},{"floor":32,"key":"REST"},{"floor":40,"key":"DIG"},{"floor":42,"key":"REST"},{"floor":49,"key":"REST"}],"neow_cost":"TEN_PERCENT_HP_LOSS","seed_source_timestamp":1839098785615199,"circlet_count":0,"master_deck":["AscendersBane","Strike_R","Strike_R","Strike_R","Strike_R+1","Strike_R","Defend_R+1","Defend_R+1","Defend_R","Defend_R+1","Rampage+1","Armaments+1","Pommel Strike","Clash","Twin Strike","True Grit+1","Shrug It Off","RitualDagger","Pommel Strike+1","Pommel Strike+1","Battle Trance+1"],"relics":["Burning Blood","Smiling Mask","Lee\u0027s Waffle","Prayer Wheel","Self Forming Clay","Pen Nib","PreservedInsect","Fusion Hammer","Brimstone","War Paint","MutagenicStrength","Oddly Smooth Stone","Bag of Preparation","Singing Bowl","Lantern","Runic Cube","Shovel","Orichalcum","Frozen Egg 2","Red Skull","Ancient Tea Set","Red Mask"],"potions_floor_usage":[11,16,37,50,50],"damage_taken":[{"damage":13,"enemies":"Jaw Worm","floor":1,"turns":4},{"damage":49,"enemies":"Lagavulin","floor":7,"turns":6},{"damage":0,"enemies":"2 Louse","floor":8,"turns":3},{"damage":1,"enemies":"Small Slimes","floor":10,"turns":3},{"damage":21,"enemies":"Gremlin Nob","floor":11,"turns":4},{"damage":37,"enemies":"Lagavulin","floor":13,"turns":5},{"damage":1,"enemies":"Red Slaver","floor":14,"turns":2},{"damage":21,"enemies":"Hexaghost","floor":16,"turns":9},{"damage":12,"enemies":"Chosen","floor":18,"turns":4},{"damage":17,"enemies":"3 Byrds","floor":22,"turns":4},{"damage":9,"enemies":"Slavers","floor":24,"turns":4},{"damage":4,"enemies":"3 Cultists","floor":31,"turns":4},{"damage":79,"enemies":"Collector","floor":33,"turns":7},{"damage":0,"enemies":"Orb Walker","floor":35,"turns":2},{"damage":16,"enemies":"2 Orb Walkers","floor":36,"turns":3},{"damage":12,"enemies":"3 Shapes","floor":37,"turns":4},{"damage":16,"enemies":"Sphere and 2 Shapes","floor":39,"turns":5},{"damage":20,"enemies":"Transient","floor":41,"turns":5},{"damage":0,"enemies":"4 Shapes","floor":47,"turns":6},{"damage":24,"enemies":"Spire Growth","floor":48,"turns":3},{"damage":86,"enemies":"Donu and Deca","floor":50,"turns":7}],"seed_played":"2795283330111336948","potions_obtained":[{"floor":1,"key":"Dexterity Potion"},{"floor":10,"key":"SteroidPotion"},{"floor":13,"key":"Dexterity Potion"},{"floor":22,"key":"Dexterity Potion"},{"floor":41,"key":"Strength Potion"}],"is_trial":false,"path_per_floor":["M","?","?","?","$","R","E","M","T","M","E","R","E","M","R","B",null,"M","$","?","?","M","R","E","$","T","$","T","?","?","M","R","B",null,"M","?","M","?","M","R","M","R","T","$","?","?","M","M","R","B",null],"character_chosen":"IRONCLAD","items_purchased":["Lee\u0027s Waffle","Brimstone","War Paint","Shrug It Off","Singing Bowl","Red Skull","Ancient Tea Set"],"campfire_rested":5,"item_purchase_floors":[5,19,19,27,27,44,44],"current_hp_per_floor":[65,62,62,48,79,79,36,42,42,47,32,55,24,29,29,14,63,57,57,57,57,46,69,66,66,66,66,66,66,60,66,83,12,67,75,67,65,65,59,59,49,79,79,79,79,79,87,71,100,20],"gold":30,"neow_bonus":"TWO_FIFTY_GOLD","is_prod":false,"is_daily":false,"chose_seed":false,"campfire_upgraded":2,"win_rate":0,"timestamp":1547598634,"path_taken":["M","?","?","?","$","R","E","M","T","M","E","R","E","M","R","BOSS","M","$","?","?","?","R","E","?","T","$","?","?","?","M","R","BOSS","M","?","M","?","M","R","M","R","T","$","?","?","M","?","R","BOSS"],"build_version":"2019-01-10","purchased_purges":0,"victory":true,"max_hp_per_floor":[72,72,72,72,79,79,79,79,79,79,79,79,79,79,79,79,79,79,79,79,79,79,79,79,79,79,79,79,79,79,83,83,85,85,87,89,93,93,97,97,101,101,101,101,96,96,98,100,100,100],"card_choices":[{"not_picked":["Pummel","Body Slam"],"picked":"Rampage","floor":1},{"not_picked":["Anger","Iron Wave"],"picked":"Armaments","floor":7},{"not_picked":["Heavy Blade","Feel No Pain","Havoc"],"picked":"SKIP","floor":8},{"not_picked":["Entrench","Power Through","Clothesline"],"picked":"SKIP","floor":8},{"not_picked":["Perfected Strike","Iron Wave","Body Slam"],"picked":"SKIP","floor":10},{"not_picked":["Flex","Heavy Blade","Havoc"],"picked":"SKIP","floor":10},{"not_picked":["Brutality","Clothesline"],"picked":"Pommel Strike","floor":11},{"not_picked":["Clothesline","Sword Boomerang"],"picked":"Clash","floor":13},{"not_picked":["Inflame","Body Slam","Anger"],"picked":"SKIP","floor":14},{"not_picked":["Entrench","Inflame","Wild Strike"],"picked":"SKIP","floor":14},{"not_picked":["Second Wind+1","Feel No Pain","Twin Strike"],"picked":"SKIP","floor":18},{"not_picked":["Rupture","Entrench","Infernal Blade"],"picked":"SKIP","floor":18},{"not_picked":["Warcry","Searing Blow"],"picked":"Twin Strike","floor":22},{"not_picked":["Pommel Strike","Body Slam+1"],"picked":"True Grit+1","floor":22},{"not_picked":["Iron Wave","Warcry","Evolve+1"],"picked":"SKIP","floor":24},{"not_picked":["Intimidate","Iron Wave","Thunderclap"],"picked":"Singing Bowl","floor":31},{"not_picked":["Perfected Strike","Flex","Twin Strike"],"picked":"Singing Bowl","floor":31},{"not_picked":["Demon Form","Exhume","Impervious"],"picked":"Singing Bowl","floor":33},{"not_picked":["Bloodletting","Sever Soul+1"],"picked":"Pommel Strike+1","floor":35},{"not_picked":["Heavy Blade","Sword Boomerang+1","Cleave+1"],"picked":"Singing Bowl","floor":35},{"not_picked":["Corruption+1","Iron Wave","True Grit"],"picked":"Singing Bowl","floor":36},{"not_picked":["Flex+1","Shrug It Off","Infernal Blade"],"picked":"Singing Bowl","floor":37},{"not_picked":["Cleave+1","Disarm+1","Shrug It Off"],"picked":"Singing Bowl","floor":37},{"not_picked":["Demon Form","Havoc","Headbutt"],"picked":"Singing Bowl","floor":39},{"not_picked":["True Grit+1","Body Slam","Warcry"],"picked":"Singing Bowl","floor":39},{"not_picked":["Pummel+1","Sword Boomerang+1","Flex+1"],"picked":"Singing Bowl","floor":41},{"not_picked":["Headbutt+1","Combust","Ghostly Armor+1"],"picked":"Singing Bowl","floor":41},{"not_picked":["Warcry","Ghostly Armor","Headbutt"],"picked":"Singing Bowl","floor":47},{"not_picked":["Seeing Red","Wild Strike+1"],"picked":"Pommel Strike+1","floor":47},{"not_picked":["Dual Wield+1","Entrench+1"],"picked":"Battle Trance+1","floor":48},{"not_picked":["Brutality+1","Disarm+1","Cleave"],"picked":"Singing Bowl","floor":48}],"player_experience":352478,"relics_obtained":[{"floor":7,"key":"Prayer Wheel"},{"floor":9,"key":"Self Forming Clay"},{"floor":11,"key":"Pen Nib"},{"floor":13,"key":"PreservedInsect"},{"floor":24,"key":"Oddly Smooth Stone"},{"floor":26,"key":"Bag of Preparation"},{"floor":28,"key":"Lantern"},{"floor":36,"key":"Shovel"},{"floor":40,"key":"Orichalcum"},{"floor":43,"key":"Frozen Egg 2"}],"event_choices":[{"damage_healed":0,"gold_gain":0,"player_choice":"Success","damage_taken":3,"relics_obtained":["Smiling Mask"],"max_hp_gain":0,"max_hp_loss":0,"event_name":"Scrap Ooze","floor":2,"gold_loss":0},{"damage_healed":0,"gold_gain":0,"player_choice":"Grow","damage_taken":0,"max_hp_gain":0,"max_hp_loss":0,"event_name":"Living Wall","floor":3,"gold_loss":0,"cards_upgraded":["Rampage"]},{"damage_healed":0,"gold_gain":0,"player_choice":"Entered Light","damage_taken":14,"max_hp_gain":0,"max_hp_loss":0,"event_name":"Shining Light","floor":4,"gold_loss":0,"cards_upgraded":["Strike_R","Defend_R"]},{"damage_healed":0,"gold_gain":0,"player_choice":"Inject Mutagens","damage_taken":0,"relics_obtained":["MutagenicStrength"],"max_hp_gain":0,"max_hp_loss":0,"event_name":"Drug Dealer","floor":20,"gold_loss":0},{"damage_healed":0,"gold_gain":250,"player_choice":"Bet on Owner","damage_taken":0,"max_hp_gain":0,"max_hp_loss":0,"event_name":"The Joust","floor":21,"gold_loss":50},{"damage_healed":0,"gold_gain":0,"player_choice":"Joined the Cult","damage_taken":6,"max_hp_gain":0,"max_hp_loss":0,"event_name":"Nest","floor":30,"gold_loss":0,"cards_obtained":["RitualDagger"]},{"damage_healed":0,"gold_gain":0,"player_choice":"Fight","damage_taken":0,"max_hp_gain":0,"max_hp_loss":0,"event_name":"Mysterious Sphere","floor":36,"gold_loss":0},{"cards_removed":["Bash"],"damage_healed":0,"gold_gain":0,"player_choice":"Removed Attack","damage_taken":0,"max_hp_gain":0,"max_hp_loss":0,"event_name":"Falling","floor":38,"gold_loss":0},{"damage_healed":0,"gold_gain":0,"player_choice":"Max HP","damage_taken":0,"max_hp_gain":0,"max_hp_loss":5,"event_name":"Winding Halls","floor":45,"gold_loss":0},{"damage_healed":0,"gold_gain":0,"player_choice":"Paid","damage_taken":0,"relics_obtained":["Red Mask"],"max_hp_gain":0,"max_hp_loss":0,"event_name":"Tomb of Lord Red Mask","floor":46,"gold_loss":4}],"is_beta":false,"boss_relics":[{"not_picked":["Sozu","Lizard Tail"],"picked":"Fusion Hammer"},{"not_picked":["Empty Cage","Astrolabe"],"picked":"Runic Cube"}],"items_purged_floors":[],"is_endless":false,"potions_floor_spawned":[1,10,13,22,33,41,47],"ascension_level":11}