{"gold_per_floor":[109,109,123,144,144,54,54,98,98,122,122,122,122,137,137,258,321,334,259,27,126,126,126,147,162,231,231,249,270,270,29,29,158,158,172,172,172,197,221,221,88,108,159,134,178,178,191,191,191,191],"floor_reached":50,"playtime":2068,"items_purged":[],"score":520,"play_id":"cc4873ac-73b5-4eae-b644-7340b816794a","local_time":"20190420181436","is_ascension_mode":false,"campfire_choices":[{"data":"Reflex","floor":7,"key":"SMITH"},{"floor":12,"key":"REST"},{"floor":15,"key":"REST"},{"data":"Envenom","floor":23,"key":"SMITH"},{"floor":30,"key":"REST"},{"floor":32,"key":"REST"},{"floor":40,"key":"RECALL"},{"data":"Cloak And Dagger","floor":49,"key":"SMITH"}],"neow_cost":"NONE","seed_source_timestamp":2869122109664698,"circlet_count":0,"master_deck":["Survivor+1","Neutralize+1","Bane","Noxious Fumes","Corpse Explosion","Underhanded Strike","Crippling Poison+1","Reflex+1","Terror+1","Dagger Throw","Dagger Throw","Backflip+1","Poisoned Stab+1","Footwork","Dash","Envenom+1","Cloak And Dagger+1","Cloak And Dagger+1","Footwork","Catalyst+1","Tactician+1","Backflip","Leg Sweep+1","Deflect","Footwork","Cloak And Dagger+1","Doubt"],"relics":["Pandora\u0027s Box","Golden Idol","Singing Bowl","Centennial Puzzle","Tiny House","DollysMirror","Ninja Scroll","War Paint","WristBlade","Dodecahedron"],"potions_floor_usage":[16,45,45],"damage_taken":[{"damage":7,"enemies":"Small Slimes","floor":1,"turns":3},{"damage":0,"enemies":"2 Louse","floor":3,"turns":1},{"damage":0,"enemies":"Cultist","floor":4,"turns":3},{"damage":20,"enemies":"3 Sentries","floor":8,"turns":5},{"damage":10,"enemies":"Looter","floor":10,"turns":3},{"damage":0,"enemies":"2 Fungi Beasts","floor":14,"turns":3},{"damage":16,"enemies":"The Guardian","floor":16,"turns":9},{"damage":0,"enemies":"Chosen","floor":18,"turns":4},{"damage":23,"enemies":"Colosseum Slavers","floor":22,"turns":3},{"damage":12,"enemies":"2 Thieves","floor":24,"turns":4},{"damage":17,"enemies":"Shelled Parasite and Fungi","floor":25,"turns":7},{"damage":15,"enemies":"Snake Plant","floor":28,"turns":4},{"damage":2,"enemies":"Cultist and Chosen","floor":29,"turns":4},{"damage":47,"enemies":"Automaton","floor":33,"turns":8},{"damage":4,"enemies":"3 Shapes","floor":35,"turns":6},{"damage":7,"enemies":"Orb Walker","floor":38,"turns":3},{"damage":20,"enemies":"Sphere and 2 Shapes","floor":39,"turns":6},{"damage":14,"enemies":"Jaw Worm Horde","floor":42,"turns":2},{"damage":37,"enemies":"Reptomancer","floor":45,"turns":10},{"damage":10,"enemies":"Writhing Mass","floor":47,"turns":8},{"damage":101,"enemies":"Awakened One","floor":50,"turns":18}],"seed_played":"-1585828684600744484","potions_obtained":[{"floor":4,"key":"FearPotion"},{"floor":10,"key":"Strength Potion"},{"floor":13,"key":"FairyPotion"},{"floor":16,"key":"Poison Potion"},{"floor":25,"key":"SteroidPotion"},{"floor":45,"key":"FearPotion"}],"is_trial":false,"path_per_floor":["M","?","M","M","?","$","R","E","T","M","?","R","?","M","R","B",null,"M","?","$","?","?","R","M","M","T","?","M","M","R","$","R","B",null,"M","?","$","M","M","R","$","M","T","$","E","?","M","?","R","B"],"character_chosen":"THE_SILENT","items_purchased":["Footwork","Dexterity Potion","DollysMirror","Footwork","Backflip","War Paint","GhostInAJar","Deflect","Footwork","Cloak And Dagger"],"campfire_rested":4,"item_purchase_floors":[6,6,20,20,31,31,31,41,41,44],"current_hp_per_floor":[63,46,46,46,46,46,46,28,28,18,4,25,25,27,49,33,81,81,81,81,81,58,58,46,31,31,31,16,16,41,41,66,21,87,83,83,83,78,60,60,60,48,48,48,11,11,3,95,95,0],"gold":191,"neow_bonus":"BOSS_RELIC","is_prod":false,"is_daily":false,"chose_seed":false,"campfire_upgraded":3,"win_rate":0,"timestamp":1555780476,"path_taken":["M","?","M","M","?","$","R","E","T","?","?","R","?","?","R","BOSS","M","?","$","?","?","R","M","M","T","?","?","M","R","$","R","BOSS","M","?","$","M","?","R","?","M","T","$","E","?","M","?","R","BOSS"],"build_version":"2019-01-23","purchased_purges":0,"victory":false,"max_hp_per_floor":[70,70,70,70,70,70,70,72,72,72,72,72,72,74,74,74,81,81,81,81,81,81,81,81,83,83,83,83,85,85,85,85,87,87,87,87,87,89,91,91,91,93,93,93,93,93,95,95,95,95],"card_choices":[{"not_picked":["Predator","Slice"],"picked":"Dagger Throw","floor":1},{"not_picked":["Cloak And Dagger","Flying Knee"],"picked":"Backflip","floor":3},{"not_picked":["Prepared","Flying Knee"],"picked":"Poisoned Stab","floor":4},{"not_picked":["Bane","Caltrops","Flying Knee"],"picked":"Singing Bowl","floor":8},{"not_picked":["Bane","Acrobatics"],"picked":"Dash","floor":10},{"not_picked":["Eviscerate","Infinite Blades","Accuracy"],"picked":"Singing Bowl","floor":14},{"not_picked":["A Thousand Cuts","Corpse Explosion"],"picked":"Envenom","floor":16},{"not_picked":["Slice","Flying Knee","Infinite Blades"],"picked":"Singing Bowl","floor":17},{"not_picked":["Dagger Throw","Accuracy"],"picked":"Cloak And Dagger+1","floor":18},{"not_picked":["Distraction+1","Dagger Spray"],"picked":"Catalyst","floor":24},{"not_picked":["Skewer+1","Slice","Flying Knee"],"picked":"Singing Bowl","floor":25},{"not_picked":["Poisoned Stab","Riddle With Holes"],"picked":"Tactician+1","floor":28},{"not_picked":["Outmaneuver+1","Flying Knee","Cloak And Dagger"],"picked":"Singing Bowl","floor":29},{"not_picked":["Phantasmal Killer","Envenom","Night Terror"],"picked":"Singing Bowl","floor":33},{"not_picked":["Distraction+1","Dagger Spray+1"],"picked":"Leg Sweep+1","floor":35},{"not_picked":["Flechettes","Dodge and Roll+1","Poisoned Stab+1"],"picked":"Singing Bowl","floor":38},{"not_picked":["Well Laid Plans","Acrobatics","Dagger Throw"],"picked":"Singing Bowl","floor":39},{"not_picked":["Dodge and Roll","Endless Agony+1","Dagger Throw+1"],"picked":"Singing Bowl","floor":42},{"not_picked":["Accuracy+1","Terror"],"picked":"Masterful Stab+1","floor":45},{"not_picked":["Dagger Throw","Infinite Blades","Deadly Poison"],"picked":"Singing Bowl","floor":47}],"player_experience":616490,"relics_obtained":[{"floor":8,"key":"Singing Bowl"},{"floor":9,"key":"Centennial Puzzle"},{"floor":26,"key":"Ninja Scroll"},{"floor":45,"key":"Dodecahedron"}],"event_choices":[{"damage_healed":0,"gold_gain":0,"player_choice":"Take Damage","damage_taken":17,"relics_obtained":["Golden Idol"],"max_hp_gain":0,"max_hp_loss":0,"event_name":"Golden Idol","floor":2,"gold_loss":0},{"cards_removed":["Grand Finale"],"damage_healed":0,"gold_gain":0,"player_choice":"Purged","damage_taken":0,"max_hp_gain":0,"max_hp_loss":0,"event_name":"Purifier","floor":5,"gold_loss":0},{"damage_healed":0,"gold_gain":0,"player_choice":"Entered Light","damage_taken":14,"max_hp_gain":0,"max_hp_loss":0,"event_name":"Shining Light","floor":11,"gold_loss":0,"cards_upgraded":["Poisoned Stab","Neutralize"]},{"damage_healed":0,"gold_gain":0,"player_choice":"Got Potions","damage_taken":0,"max_hp_gain":0,"max_hp_loss":0,"event_name":"Lab","floor":13,"gold_loss":0},{"cards_removed":["Calculated Gamble"],"damage_healed":0,"gold_gain":0,"player_choice":"Gave Gold","damage_taken":0,"max_hp_gain":0,"max_hp_loss":0,"event_name":"Beggar","floor":19,"gold_loss":75},{"damage_healed":0,"gold_gain":99,"player_choice":"Stole From Cult","damage_taken":0,"max_hp_gain":0,"max_hp_loss":0,"event_name":"Nest","floor":21,"gold_loss":0},{"damage_healed":0,"gold_gain":0,"player_choice":"Fight","damage_taken":0,"max_hp_gain":0,"max_hp_loss":0,"event_name":"Colosseum","floor":22,"gold_loss":0},{"damage_healed":0,"gold_gain":0,"player_choice":"Fled From Nobs","damage_taken":0,"max_hp_gain":0,"max_hp_loss":0,"event_name":"Colosseum","floor":22,"gold_loss":0},{"damage_healed":0,"gold_gain":0,"player_choice":"Upgraded","damage_taken":0,"max_hp_gain":0,"max_hp_loss":0,"event_name":"Upgrade Shrine","floor":27,"gold_loss":0,"cards_upgraded":["Catalyst"]},{"damage_healed":0,"gold_gain":0,"player_choice":"Forge","damage_taken":0,"max_hp_gain":0,"max_hp_loss":0,"event_name":"Accursed Blacksmith","floor":36,"gold_loss":0,"cards_upgraded":["Terror"]},{"cards_removed":["Masterful Stab"],"damage_healed":0,"gold_gain":0,"player_choice":"Removed Attack","damage_taken":0,"max_hp_gain":0,"max_hp_loss":0,"event_name":"Falling","floor":46,"gold_loss":0},{"damage_healed":92,"gold_gain":0,"player_choice":"Heal","damage_taken":0,"max_hp_gain":0,"max_hp_loss":0,"event_name":"MindBloom","floor":48,"gold_loss":0,"cards_obtained":["Doubt"]}],"is_beta":false,"boss_relics":[{"not_picked":["Runic Dome","Velvet Choker"],"picked":"Tiny House"},{"not_picked":["Empty Cage","Lizard Tail"],"picked":"WristBlade"}],"items_purged_floors":[],"is_endless":false,"potions_floor_spawned":[4,10,16,25,33,39,42,45],"killed_by":"Awakened One","ascension_level":0}