{"path_per_floor":["M","$","?","M","?","?","?","R","T","R","T","M","M","E","R","B",null,"M","M","$","T","T","E","R","E","T","R","M","?","E","M","R","B",null,"M","M","M","$","?","R","M","$","T","?","R","?","M","M","R","B"],"character_chosen":"DEFECT","items_purchased":["Pantograph","Omamori","Shuriken"],"gold_per_floor":[117,117,67,87,164,164,164,164,194,194,263,281,293,328,328,425,425,443,457,63,139,219,250,250,282,282,282,301,216,246,257,257,357,357,370,386,400,140,140,140,151,151,198,198,198,198,213,224,224,224],"floor_reached":51,"campfire_rested":5,"playtime":3282,"item_purchase_floors":[20,20,38],"current_hp_per_floor":[58,58,58,52,52,37,37,59,59,59,59,59,48,41,41,27,75,67,62,62,62,62,34,56,38,38,38,38,38,20,20,42,67,75,62,48,48,48,38,60,60,60,60,60,60,60,57,57,57,38],"items_purged":[],"gold":224,"score":858,"play_id":"8a8ddfef-eeca-436c-a31e-a7fdf23baa31","local_time":"20180609162242","is_prod":false,"is_daily":false,"chose_seed":false,"is_ascension_mode":true,"campfire_upgraded":4,"win_rate":0,"timestamp":1528557762,"campfire_choices":[{"floor":8,"key":"REST"},{"data":"Streamline","floor":10,"key":"SMITH"},{"data":"White Noise","floor":15,"key":"SMITH"},{"floor":24,"key":"REST"},{"data":"Zap","floor":27,"key":"SMITH"},{"floor":32,"key":"REST"},{"floor":40,"key":"REST"},{"data":"Echo Form","floor":45,"key":"SMITH"},{"floor":49,"key":"REST"}],"path_taken":["M","$","?","M","?","?","?","R","T","R","?","?","M","E","R","BOSS","M","M","$","?","?","E","R","E","T","R","M","?","E","?","R","BOSS","M","M","M","$","?","R","M","$","T","?","R","?","?","?","R","BOSS"],"build_version":"2018-06-07v3","seed_source_timestamp":161281839869740,"purchased_purges":0,"victory":true,"master_deck":["Zap+1","Dualcast+1","White Noise+1","Go for the Eyes+1","Capacitor+1","Beam Cell+1","Cold Snap+1","Genetic Algorithm+1","Turbo+1","Coolheaded+1","Streamline+1","Rip and Tear+1","Echo Form+1","Sweeping Beam+1","Gash+1","Reinforced Body+1","Redo+1","Go for the Eyes+1","Chaos+1","All For One+1","Cold Snap+1","Streamline+1","Force Field+1","Enlightenment+1","Dramatic Entrance+1","Secret Weapon+1","Hologram+1","Blizzard+1"],"max_hp_per_floor":[75,75,75,75,75,75,75,75,75,75,75,75,75,75,75,75,75,75,75,75,75,75,75,75,75,75,75,75,75,75,75,75,75,75,75,75,75,75,75,75,75,75,75,75,75,75,75,75,75,75],"relics":["Pandora\u0027s Box","Tiny Chest","Centennial Puzzle","Pen Nib","Runic Pyramid","Pantograph","Omamori","Dodecahedron","Darkstone Periapt","Gremlin Horn","Bag of Preparation","Smiling Mask","Molten Egg 2","Blue Candle","Philosopher\u0027s Stone","Shuriken","Lantern","Gambling Chip","Mark of the Bloom"],"card_choices":[{"not_picked":["Hologram","Compile Driver"],"picked":"Coolheaded","floor":1},{"not_picked":["Steam","Creative AI"],"picked":"Streamline","floor":4},{"not_picked":["Streamline","Steam","Go for the Eyes"],"picked":"SKIP","floor":12},{"not_picked":["Hello World","Rebound","Leap"],"picked":"SKIP","floor":13},{"not_picked":["Genetic Algorithm","Go for the Eyes"],"picked":"Rip and Tear","floor":14},{"not_picked":["Meteor Strike","Thunder Strike"],"picked":"Echo Form","floor":16},{"not_picked":["Gash","Stack"],"picked":"Sweeping Beam","floor":18},{"not_picked":["Hologram","Conserve Battery"],"picked":"Gash","floor":19},{"not_picked":["Rebound","Leap+1","Lockon+1"],"picked":"SKIP","floor":23},{"not_picked":["Undo","Lockon+1"],"picked":"Reinforced Body","floor":25},{"not_picked":["Double Energy","All For One"],"picked":"Redo+1","floor":28},{"not_picked":["Glacier","Turbo+1"],"picked":"Go for the Eyes+1","floor":30},{"not_picked":["Doom and Gloom+1","Undo"],"picked":"Chaos","floor":31},{"not_picked":["Multi-Cast","Hyperbeam+1"],"picked":"All For One+1","floor":33},{"not_picked":["Sweeping Beam+1","Leap+1"],"picked":"Cold Snap+1","floor":35},{"not_picked":["Stack","Turbo+1"],"picked":"Streamline+1","floor":36},{"not_picked":["Rip and Tear+1","Rebound+1"],"picked":"Force Field+1","floor":37},{"not_picked":["Secret Weapon","Master of Strategy"],"picked":"Enlightenment","floor":39},{"not_picked":["Purity","Transmutation"],"picked":"Dramatic Entrance+1","floor":39},{"not_picked":["Dramatic Entrance+1","Bandage Up"],"picked":"Secret Weapon","floor":39},{"not_picked":["Cold Snap+1","BootSequence"],"picked":"Hologram+1","floor":41},{"not_picked":["Conserve Battery","Cold Snap+1"],"picked":"Blizzard+1","floor":47},{"not_picked":["Beam Cell+1","Turbo+1","Sunder+1"],"picked":"SKIP","floor":48}],"player_experience":284412,"potions_floor_usage":[23,25,30,33,33,50,50,50],"damage_taken":[{"damage":17,"enemies":"Small Slimes","floor":1,"turns":2},{"damage":6,"enemies":"Jaw Worm","floor":4,"turns":3},{"damage":0,"enemies":"2 Louse","floor":12,"turns":2},{"damage":11,"enemies":"Exordium Wildlife","floor":13,"turns":3},{"damage":7,"enemies":"3 Sentries","floor":14,"turns":6},{"damage":14,"enemies":"The Guardian","floor":16,"turns":7},{"damage":8,"enemies":"Spheric Guardian","floor":18,"turns":4},{"damage":12,"enemies":"Shell Parasite","floor":19,"turns":3},{"damage":28,"enemies":"Slavers","floor":23,"turns":5},{"damage":18,"enemies":"Book of Stabbing","floor":25,"turns":4},{"damage":0,"enemies":"Sentry and Sphere","floor":28,"turns":3},{"damage":25,"enemies":"Slavers","floor":30,"turns":4},{"damage":0,"enemies":"Snake Plant","floor":31,"turns":4},{"damage":0,"enemies":"Champ","floor":33,"turns":10},{"damage":13,"enemies":"Orb Walker","floor":35,"turns":2},{"damage":14,"enemies":"3 Shapes","floor":36,"turns":3},{"damage":0,"enemies":"Maw","floor":37,"turns":5},{"damage":0,"enemies":"Sphere and 2 Shapes","floor":41,"turns":3},{"damage":3,"enemies":"3 Darklings","floor":47,"turns":3},{"damage":0,"enemies":"Maw","floor":48,"turns":3},{"damage":19,"enemies":"Donu and Deca","floor":50,"turns":6}],"relics_obtained":[{"floor":9,"key":"Tiny Chest"},{"floor":11,"key":"Centennial Puzzle"},{"floor":14,"key":"Pen Nib"},{"floor":21,"key":"Dodecahedron"},{"floor":22,"key":"Darkstone Periapt"},{"floor":23,"key":"Gremlin Horn"},{"floor":25,"key":"Bag of Preparation"},{"floor":26,"key":"Smiling Mask"},{"floor":30,"key":"Blue Candle"},{"floor":43,"key":"Lantern"}],"event_choices":[{"event_name":"The Cleric","player_choice":"Card Removal","floor":3,"damage_taken":0},{"event_name":"Golden Wing","player_choice":"Gained Gold","floor":5,"damage_taken":0},{"event_name":"Shining Light","player_choice":"Entered Light","floor":6,"damage_taken":0},{"event_name":"The Woman in Blue","player_choice":"Bought 0 Potions","floor":7,"damage_taken":0},{"event_name":"Addict","player_choice":"Obtained Relic","floor":29,"damage_taken":0},{"event_name":"SensoryStone","player_choice":"Memory 3","floor":39,"damage_taken":0},{"event_name":"Accursed Blacksmith","player_choice":"Rummage","floor":44,"damage_taken":0},{"event_name":"MindBloom","player_choice":"Upgrade","floor":46,"damage_taken":0}],"boss_relics":[{"not_picked":["Lizard Tail","Cursed Key"],"picked":"Runic Pyramid"},{"not_picked":["Busted Crown","Velvet Choker"],"picked":"Philosopher\u0027s Stone"}],"items_purged_floors":[],"potions_floor_spawned":[1,13,14,16,23,25,30,35,36,41],"seed_played":"-8820971722912587274","ascension_level":3,"potions_obtained":[{"floor":1,"key":"PowerPotion"},{"floor":13,"key":"Block Potion"},{"floor":14,"key":"LiquidBronze"},{"floor":23,"key":"EssenceOfSteel"},{"floor":25,"key":"Ancient Potion"},{"floor":30,"key":"Explosive Potion"},{"floor":35,"key":"FocusPotion"},{"floor":36,"key":"FearPotion"},{"floor":41,"key":"Poison Potion"}],"is_trial":false}