{"gold_per_floor":[129,90,165,213,60,60,162,162,234,282,152,254,314,389,389,605,605,605],"floor_reached":18,"playtime":377,"items_purged":[],"score":1081,"play_id":"8335ec57-fb1a-4be4-9d95-6b5fa98e68cb","local_time":"20190417205228","daily_mods":["SealedDeck","Hoarder","Insanity","Chimera","Specialized","Vintage","ControlledChaos","Allstar","Red Cards","Green Cards","Blue Cards","Colorless Cards","Heirloom","Time Dilation","Flight","DeadlyEvents","Binary","Cursed Run","Elite Swarm","Lethality","Midas","Night Terrors","Terminal","Uncertain Future","Binary"],"is_ascension_mode":true,"campfire_choices":[{"data":"1","floor":6,"key":"LIFT"},{"data":"2","floor":8,"key":"LIFT"},{"data":"3","floor":15,"key":"LIFT"}],"neow_cost":"","seed_source_timestamp":0,"circlet_count":0,"master_deck":["Demon Form","Wraith Form v2","Echo Form","AscendersBane","Bash","Survivor","Zap","Strike_R","Strike_G","Strike_B","Defend_R","Defend_G","Defend_B","Hologram","Pummel","Slice","Leap","Combust","Choke","Seeing Red","Twin Strike","Bane","Turbo","Ball Lightning","Deep Breath","Thunderclap","Fire Breathing","Blur","Quick Slash","PiercingWail","Gash","Steam","Armaments","Setup","Havoc","Clothesline","Rip and Tear","Beam Cell","Twin Strike","Streamline","Beam Cell","Steam Power","Clothesline","Anger","Ghostly Armor","Pummel","Stack","Heavy Blade","Dodge and Roll","Rebound","Flying Knee","Acrobatics","Cloak And Dagger","Body Slam","Caltrops","Stack","Sucker Punch","Concentrate","Body Slam","Dagger Spray","Tactician","Body Slam","Hologram","Thunderclap","Thunderclap","Thunderclap","Thunderclap","Thunderclap","Thunderclap","Thunderclap","Thunderclap","Thunderclap","Thunderclap","Thunderclap","Thunderclap","Thunderclap","Thunderclap","Thunderclap","True Grit","True Grit","True Grit","True Grit","True Grit","True Grit","Dodge and Roll","Dodge and Roll","Dodge and Roll","Flame Barrier","Flame Barrier","Flame Barrier","Acrobatics","Acrobatics","Acrobatics","Slice","Slice","Slice","Finesse","Finesse","Finesse","Backflip","Backflip","Backflip","Corruption","Corruption","Corruption","Finesse","Finesse","Finesse","Flash of Steel","Flash of Steel","Flash of Steel","Dodge and Roll","Dodge and Roll","Dodge and Roll","Sentinel","Sentinel","Sentinel","Hologram","Hologram","Hologram","Pain"],"relics":["Snecko Eye","Unceasing Top","Busted Crown","Girya","Anchor","Ancient Tea Set","Shuriken","Pantograph","Torii","Dead Branch","Blood Vial","Vajra","Empty Cage"],"potions_floor_usage":[18],"damage_taken":[{"damage":0,"enemies":"Jaw Worm","floor":1,"turns":1},{"damage":0,"enemies":"Small Slimes","floor":4,"turns":2},{"damage":0,"enemies":"Gremlin Nob","floor":7,"turns":2},{"damage":0,"enemies":"2 Louse","floor":10,"turns":2},{"damage":0,"enemies":"3 Sentries","floor":12,"turns":2},{"damage":0,"enemies":"2 Fungi Beasts","floor":13,"turns":1},{"damage":0,"enemies":"Gremlin Nob","floor":14,"turns":1},{"damage":0,"enemies":"Slime Boss","floor":16,"turns":1},{"damage":1,"enemies":"Shell Parasite","floor":18,"turns":1}],"seed_played":"-8484609563918955043","potions_obtained":[{"floor":4,"key":"PowerPotion"},{"floor":7,"key":"SteroidPotion"}],"is_trial":true,"path_per_floor":["M","?","?","M","$","R","E","R","T","M","$","E","M","E","R","B",null,"M"],"character_chosen":"DEFECT","items_purchased":["Flash of Steel","Dodge and Roll","Sentinel","Hologram"],"campfire_rested":0,"item_purchase_floors":[5,5,11,11],"current_hp_per_floor":[1,1,1,1,1,1,1,1,1,1,1,1,1,1,1,1,1,0],"gold":605,"neow_bonus":"","is_prod":false,"is_daily":false,"chose_seed":true,"campfire_upgraded":0,"win_rate":0,"timestamp":1555530748,"path_taken":["M","?","?","M","$","R","E","R","T","M","?","E","M","E","R","BOSS","M"],"build_version":"2019-01-23","purchased_purges":0,"victory":false,"max_hp_per_floor":[1,1,1,1,1,1,1,1,1,1,1,1,1,1,1,1,1,1],"card_choices":[],"player_experience":594180,"relics_obtained":[{"floor":1,"key":"Anchor"},{"floor":4,"key":"Ancient Tea Set"},{"floor":7,"key":"Shuriken"},{"floor":9,"key":"Pantograph"},{"floor":10,"key":"Torii"},{"floor":12,"key":"Dead Branch"},{"floor":13,"key":"Blood Vial"},{"floor":14,"key":"Vajra"}],"event_choices":[{"damage_healed":0,"gold_gain":0,"player_choice":"Left Gold","damage_taken":0,"max_hp_gain":0,"max_hp_loss":0,"event_name":"World of Goop","floor":2,"gold_loss":39},{"damage_healed":0,"gold_gain":75,"player_choice":"Gained Gold","damage_taken":0,"max_hp_gain":0,"max_hp_loss":0,"event_name":"Golden Wing","floor":3,"gold_loss":0}],"is_beta":false,"boss_relics":[{"not_picked":["Runic Dome","Black Star"],"picked":"Empty Cage"}],"items_purged_floors":[],"is_endless":true,"potions_floor_spawned":[4,7,14],"killed_by":"Shell Parasite","ascension_level":20}