{"gold_per_floor":[114,14,14,26,201,227,227,227,252,65,75,75,75,95,95,193,193,206,206,37,37,28,28,48,66,90,65,76,76,96,107,107,107],"floor_reached":33,"playtime":1922,"items_purged":["Strike_G"],"score":408,"play_id":"dc412520-99b7-4cb0-bea2-21c36d0c6633","local_time":"20190115180453","is_ascension_mode":true,"campfire_choices":[{"data":"Leg Sweep","floor":8,"key":"SMITH"},{"data":"Deflect","floor":12,"key":"SMITH"},{"data":"Deadly Poison","floor":15,"key":"SMITH"},{"data":"Distraction","floor":23,"key":"SMITH"},{"floor":32,"key":"REST"}],"neow_cost":"NONE","seed_source_timestamp":1815876896438389,"circlet_count":0,"master_deck":["AscendersBane","Defend_G","Defend_G","Defend_G","Defend_G","Defend_G","Survivor","Neutralize","Leg Sweep+1","Deadly Poison+1","Slice","Deflect+1","Backflip","Predator","Poisoned Stab","Flying Knee","Unload","Expertise+1","Flash of Steel","Dash","Distraction+1","Heel Hook+1","Dagger Throw+1","Backflip","Dodge and Roll","Die Die Die"],"relics":["Ring of the Snake","NeowsBlessing","Incense Burner","Regal Pillow","Anchor","Empty Cage","Oddly Smooth Stone"],"potions_floor_usage":[28,31,33,33],"damage_taken":[{"damage":0,"enemies":"2 Louse","floor":1,"turns":2},{"damage":0,"enemies":"Jaw Worm","floor":4,"turns":1},{"damage":0,"enemies":"Lagavulin","floor":6,"turns":1},{"damage":0,"enemies":"Small Slimes","floor":11,"turns":3},{"damage":7,"enemies":"Blue Slaver","floor":14,"turns":7},{"damage":27,"enemies":"Hexaghost","floor":16,"turns":10},{"damage":22,"enemies":"3 Byrds","floor":18,"turns":7},{"damage":9,"enemies":"2 Thieves","floor":22,"turns":4},{"damage":20,"enemies":"Cultist and Chosen","floor":24,"turns":7},{"damage":10,"enemies":"Snake Plant","floor":25,"turns":7},{"damage":3,"enemies":"Shelled Parasite and Fungi","floor":28,"turns":15},{"damage":0,"enemies":"Colosseum Slavers","floor":29,"turns":6},{"damage":11,"enemies":"Centurion and Healer","floor":30,"turns":8},{"damage":0,"enemies":"Cultist and Chosen","floor":31,"turns":8},{"damage":76,"enemies":"Champ","floor":33,"turns":11}],"seed_played":"-2632865466665459604","potions_obtained":[{"floor":6,"key":"Strength Potion"},{"floor":11,"key":"EssenceOfSteel"},{"floor":22,"key":"FairyPotion"},{"floor":30,"key":"Explosive Potion"},{"floor":31,"key":"FearPotion"}],"is_trial":false,"path_per_floor":["M","$","?","M","?","E","?","R","T","$","M","R","?","M","R","B",null,"M","?","$","?","M","R","M","M","T","$","M","?","M","M","R","B"],"character_chosen":"THE_SILENT","items_purchased":["Deadly Poison","Slice","Anchor","Predator","Flash of Steel","Backflip"],"campfire_rested":1,"item_purchase_floors":[2,2,10,10,20,27],"current_hp_per_floor":[63,63,63,63,63,63,63,63,63,63,63,63,68,61,61,34,65,43,43,43,43,34,34,14,4,4,4,1,1,7,7,44,0],"gold":107,"neow_bonus":"THREE_ENEMY_KILL","is_prod":false,"is_daily":false,"chose_seed":false,"campfire_upgraded":4,"win_rate":0,"timestamp":1547575493,"path_taken":["M","$","?","M","?","E","?","R","T","$","M","R","?","M","R","BOSS","M","?","$","?","M","R","M","M","T","?","M","?","M","M","R","BOSS"],"build_version":"2019-01-10","purchased_purges":1,"victory":false,"max_hp_per_floor":[70,70,70,70,70,70,70,70,70,70,70,70,75,75,75,75,75,75,75,75,75,75,75,75,75,75,75,75,75,75,75,75,75],"card_choices":[{"not_picked":["Flying Knee","Outmaneuver"],"picked":"Leg Sweep","floor":1},{"not_picked":["Acrobatics","Leg Sweep"],"picked":"Deflect","floor":4},{"not_picked":["Deflect","Bullet Time"],"picked":"Backflip","floor":6},{"not_picked":["Accuracy","Cloak And Dagger"],"picked":"Poisoned Stab","floor":11},{"not_picked":["Outmaneuver","Storm of Steel"],"picked":"Flying Knee","floor":14},{"not_picked":["Grand Finale","Storm of Steel"],"picked":"Unload","floor":16},{"not_picked":["Dagger Throw","Dagger Spray"],"picked":"Expertise+1","floor":18},{"not_picked":["Dodge and Roll","Underhanded Strike+1","Grand Finale"],"picked":"SKIP","floor":22},{"not_picked":["Outmaneuver","Backstab"],"picked":"Heel Hook+1","floor":24},{"not_picked":["Dagger Spray+1","Prepared"],"picked":"Dagger Throw+1","floor":25},{"not_picked":["Deflect","Backflip"],"picked":"Dodge and Roll","floor":28},{"not_picked":["Accuracy","Underhanded Strike"],"picked":"Die Die Die","floor":30},{"not_picked":["Flying Knee","Masterful Stab","Outmaneuver"],"picked":"SKIP","floor":31}],"player_experience":332071,"relics_obtained":[{"floor":6,"key":"Incense Burner"},{"floor":9,"key":"Regal Pillow"},{"floor":26,"key":"Oddly Smooth Stone"}],"event_choices":[{"damage_healed":0,"gold_gain":0,"player_choice":"Leave","damage_taken":0,"max_hp_gain":0,"max_hp_loss":0,"event_name":"The Cleric","floor":3,"gold_loss":0},{"damage_healed":0,"gold_gain":175,"player_choice":"AGREE","damage_taken":0,"max_hp_gain":0,"max_hp_loss":0,"event_name":"Liars Game","floor":5,"gold_loss":0,"cards_obtained":["Doubt"]},{"cards_removed":["Doubt"],"damage_healed":0,"gold_gain":0,"player_choice":"Forget","damage_taken":0,"max_hp_gain":0,"max_hp_loss":0,"event_name":"Living Wall","floor":7,"gold_loss":0},{"damage_healed":0,"gold_gain":0,"player_choice":"Donut","damage_taken":0,"max_hp_gain":5,"max_hp_loss":0,"event_name":"Big Fish","floor":13,"gold_loss":0},{"damage_healed":0,"gold_gain":0,"player_choice":"Ignored","damage_taken":0,"max_hp_gain":0,"max_hp_loss":0,"event_name":"Vampires","floor":19,"gold_loss":0},{"damage_healed":0,"gold_gain":0,"cards_transformed":["Strike_G","Strike_G"],"player_choice":"Became Test Subject","damage_taken":0,"max_hp_gain":0,"max_hp_loss":0,"event_name":"Drug Dealer","floor":21,"gold_loss":0,"cards_obtained":["Dash","Distraction"]},{"damage_healed":0,"gold_gain":0,"player_choice":"Fight","damage_taken":0,"max_hp_gain":0,"max_hp_loss":0,"event_name":"Colosseum","floor":29,"gold_loss":0},{"damage_healed":0,"gold_gain":0,"player_choice":"Fled From Nobs","damage_taken":0,"max_hp_gain":0,"max_hp_loss":0,"event_name":"Colosseum","floor":29,"gold_loss":0}],"is_beta":false,"boss_relics":[{"not_picked":["Calling Bell","Tiny House"],"picked":"Empty Cage"}],"items_purged_floors":[20],"is_endless":false,"potions_floor_spawned":[6,11,22,29,30,31],"killed_by":"Champ","ascension_level":10}