{"gold_per_floor":[117,20,35,35,35,35,55,55,80,105,105,125,125,143,143,220,220,232,6,6,6,6,6,39,39,119,119,119,119,144,161,161,238,238,254,266,285,1,0,31,31,31,80,80,98,24,36,36,36,36],"floor_reached":50,"playtime":2581,"items_purged":[],"score":932,"play_id":"210febfa-be1a-4ff9-a5eb-526f131c6538","local_time":"20190423134228","is_ascension_mode":true,"campfire_choices":[{"data":"Rainbow","floor":6,"key":"SMITH"},{"data":"Defragment","floor":13,"key":"SMITH"},{"floor":15,"key":"REST"},{"data":"Stack","floor":23,"key":"SMITH"},{"floor":25,"key":"REST"},{"data":"Electrodynamics","floor":27,"key":"SMITH"},{"floor":29,"key":"REST"},{"floor":32,"key":"REST"},{"data":"Seek","floor":41,"key":"SMITH"},{"data":"Echo Form","floor":44,"key":"SMITH"},{"floor":49,"key":"REST"}],"neow_cost":"TEN_PERCENT_HP_LOSS","seed_source_timestamp":3111491091131265,"circlet_count":0,"master_deck":["AscendersBane","Strike_B+1","Strike_B+1","Strike_B+1","Strike_B+1","Defend_B+1","Defend_B+1","Defend_B+1","Defend_B+1","Zap","Dualcast","Rainbow+1","Gash","Mind Blast+1","Go for the Eyes","Gash","Electrodynamics+1","Defragment+1","Rebound","Echo Form+1","Compile Driver","Stack+1","Machine Learning","Conserve Battery","Doom and Gloom","Seek+1","Sweeping Beam","BootSequence","Coolheaded","Stack","Turbo","Finesse","Sweeping Beam+1","Panache"],"relics":["Cracked Core","Happy Flower","Ancient Tea Set","Nuclear Battery","Membership Card","Bottled Lightning","Bottled Tornado","Mercury Hourglass","Centennial Puzzle","Eternal Feather","Molten Egg 2","Sundial","Red Mask","Bag of Preparation","Oddly Smooth Stone"],"potions_floor_usage":[10,12,18,33,33,35,40,47,47],"damage_taken":[{"damage":9,"enemies":"2 Louse","floor":1,"turns":2},{"damage":12,"enemies":"Small Slimes","floor":3,"turns":2},{"damage":2,"enemies":"Jaw Worm","floor":7,"turns":3},{"damage":18,"enemies":"3 Sentries","floor":10,"turns":8},{"damage":1,"enemies":"Large Slime","floor":12,"turns":4},{"damage":11,"enemies":"Blue Slaver","floor":14,"turns":2},{"damage":2,"enemies":"Slime Boss","floor":16,"turns":6},{"damage":25,"enemies":"Shell Parasite","floor":18,"turns":5},{"damage":23,"enemies":"Gremlin Leader","floor":24,"turns":6},{"damage":19,"enemies":"Slavers","floor":30,"turns":2},{"damage":0,"enemies":"3 Byrds","floor":31,"turns":1},{"damage":55,"enemies":"Collector","floor":33,"turns":10},{"damage":0,"enemies":"3 Darklings","floor":35,"turns":2},{"damage":0,"enemies":"3 Shapes","floor":36,"turns":2},{"damage":3,"enemies":"Sphere and 2 Shapes","floor":37,"turns":4},{"damage":28,"enemies":"Nemesis","floor":40,"turns":7},{"damage":35,"enemies":"Maw","floor":45,"turns":8},{"damage":16,"enemies":"Spire Growth","floor":47,"turns":5},{"damage":58,"enemies":"Donu and Deca","floor":50,"turns":6}],"seed_played":"-7297319521683297956","potions_obtained":[{"floor":1,"key":"Block Potion"},{"floor":7,"key":"Block Potion"},{"floor":14,"key":"Weak Potion"},{"floor":16,"key":"FairyPotion"},{"floor":18,"key":"LiquidBronze"},{"floor":31,"key":"EssenceOfSteel"},{"floor":33,"key":"FearPotion"},{"floor":35,"key":"Dexterity Potion"},{"floor":36,"key":"GamblersBrew"}],"is_trial":false,"path_per_floor":["M","$","M","?","$","R","M","?","T","E","?","M","R","M","R","B",null,"M","$","?","?","T","R","E","R","T","R","?","R","E","M","R","B",null,"M","M","M","$","?","E","R","?","T","R","M","$","M","?","R","B"],"character_chosen":"DEFECT","items_purchased":["Mind Blast","Membership Card","Stack","Molten Egg 2","Sundial","Coolheaded","Finesse","Block Potion"],"campfire_rested":5,"item_purchase_floors":[2,19,19,38,38,38,46,46],"current_hp_per_floor":[55,55,43,43,43,43,41,41,41,23,23,22,22,11,30,28,55,30,30,30,30,30,30,7,26,26,26,39,58,39,39,58,3,49,49,49,46,46,46,18,36,36,36,54,19,19,3,3,39,0],"gold":36,"neow_bonus":"THREE_RARE_CARDS","is_prod":false,"is_daily":false,"chose_seed":false,"campfire_upgraded":6,"win_rate":0,"timestamp":1556023348,"path_taken":["M","$","M","?","$","R","M","?","T","E","?","M","R","M","R","BOSS","M","$","?","?","?","R","E","R","T","R","?","R","E","?","R","BOSS","M","M","M","$","?","E","R","?","T","R","M","$","M","?","R","BOSS"],"build_version":"2019-01-23","purchased_purges":0,"victory":false,"max_hp_per_floor":[64,64,64,64,64,64,64,64,64,64,64,64,64,64,64,64,64,64,64,64,64,64,64,64,64,64,64,64,64,64,64,64,64,64,64,64,64,64,64,64,64,61,61,61,61,61,61,61,61,61],"card_choices":[{"not_picked":["Meteor Strike","Buffer"],"picked":"Rainbow","floor":0},{"not_picked":["Tempest","Heatsinks"],"picked":"Gash","floor":1},{"not_picked":["Go for the Eyes","Reprogram","Self Repair"],"picked":"SKIP","floor":3},{"not_picked":["Reprogram","Self Repair"],"picked":"Go for the Eyes","floor":3},{"not_picked":["Tempest","Ball Lightning"],"picked":"Gash","floor":7},{"not_picked":["Lockon","Turbo"],"picked":"Electrodynamics","floor":10},{"not_picked":["Loop","Leap"],"picked":"Defragment","floor":12},{"not_picked":["Aggregate","Ball Lightning"],"picked":"Rebound","floor":14},{"not_picked":["All For One","Creative AI"],"picked":"Echo Form","floor":16},{"not_picked":["Chill+1","Turbo"],"picked":"Compile Driver","floor":18},{"not_picked":["Redo","Sweeping Beam"],"picked":"Machine Learning","floor":24},{"not_picked":["Steam","Rebound"],"picked":"Conserve Battery","floor":30},{"not_picked":["Go for the Eyes","Cold Snap"],"picked":"Doom and Gloom","floor":31},{"not_picked":["Hyperbeam","All For One"],"picked":"Seek","floor":33},{"not_picked":["Storm","Leap+1"],"picked":"Sweeping Beam","floor":35},{"not_picked":["Coolheaded","Redo"],"picked":"BootSequence","floor":36},{"not_picked":["Barrage","Leap","Heatsinks"],"picked":"SKIP","floor":37},{"not_picked":["Coolheaded","Leap"],"picked":"Stack","floor":40},{"not_picked":["Hyperbeam+1","Hello World"],"picked":"Turbo","floor":45},{"not_picked":["Blizzard+1","Tempest"],"picked":"Sweeping Beam+1","floor":47},{"not_picked":["Purity","Thinking Ahead"],"picked":"Panache","floor":48}],"player_experience":630851,"relics_obtained":[{"floor":9,"key":"Happy Flower"},{"floor":10,"key":"Ancient Tea Set"},{"floor":22,"key":"Bottled Lightning"},{"floor":24,"key":"Bottled Tornado"},{"floor":26,"key":"Mercury Hourglass"},{"floor":30,"key":"Centennial Puzzle"},{"floor":40,"key":"Bag of Preparation"},{"floor":43,"key":"Oddly Smooth Stone"}],"event_choices":[{"damage_healed":0,"gold_gain":0,"player_choice":"Grow","damage_taken":0,"max_hp_gain":0,"max_hp_loss":0,"event_name":"Living Wall","floor":4,"gold_loss":0,"cards_upgraded":["Mind Blast"]},{"damage_healed":0,"gold_gain":0,"player_choice":"Ignored","damage_taken":0,"max_hp_gain":0,"max_hp_loss":0,"event_name":"Golden Wing","floor":8,"gold_loss":0},{"damage_healed":0,"gold_gain":0,"player_choice":"Fled","damage_taken":0,"max_hp_gain":0,"max_hp_loss":0,"event_name":"Scrap Ooze","floor":11,"gold_loss":0},{"damage_healed":0,"gold_gain":0,"player_choice":"Simplicity","damage_taken":0,"max_hp_gain":0,"max_hp_loss":0,"event_name":"Back to Basics","floor":20,"gold_loss":0,"cards_upgraded":["Strike_B","Strike_B","Strike_B","Strike_B","Defend_B","Defend_B","Defend_B","Defend_B"]},{"damage_healed":0,"gold_gain":0,"player_choice":"Ignored","damage_taken":0,"max_hp_gain":0,"max_hp_loss":0,"event_name":"Beggar","floor":21,"gold_loss":0},{"damage_healed":13,"gold_gain":0,"player_choice":"Heal","damage_taken":0,"max_hp_gain":0,"max_hp_loss":0,"event_name":"The Library","floor":28,"gold_loss":0},{"damage_healed":0,"gold_gain":0,"player_choice":"Paid","damage_taken":0,"relics_obtained":["Red Mask"],"max_hp_gain":0,"max_hp_loss":0,"event_name":"Tomb of Lord Red Mask","floor":39,"gold_loss":1},{"damage_healed":0,"gold_gain":0,"player_choice":"Max HP","damage_taken":0,"max_hp_gain":0,"max_hp_loss":3,"event_name":"Winding Halls","floor":42,"gold_loss":0},{"damage_healed":0,"gold_gain":0,"player_choice":"Memory 1","damage_taken":0,"max_hp_gain":0,"max_hp_loss":0,"event_name":"SensoryStone","floor":48,"gold_loss":0}],"is_beta":false,"boss_relics":[{"not_picked":["Runic Pyramid","Astrolabe"],"picked":"Nuclear Battery"},{"not_picked":["Coffee Dripper","Snecko Eye"],"picked":"Eternal Feather"}],"items_purged_floors":[],"is_endless":false,"potions_floor_spawned":[1,7,14,16,18,31,33,35,36,37],"killed_by":"Donu and Deca","ascension_level":17}