{"gold_per_floor":[119,134,134,152,168,168,178,234,234,184,213,213,213,228,228,327,327,340,440,235,235,254,286,286,304,329,364,57,87,87,87,87,186,186,204,204,58,58,70,100,110,140,163,163,181,181,181,197,197,197],"floor_reached":51,"playtime":2550,"items_purged":["Strike_R","Clumsy"],"score":773,"play_id":"7bd11516-a7b5-420b-88d4-32b0ecb1f8df","local_time":"20190430025225","is_ascension_mode":false,"campfire_choices":[{"data":"Whirlwind","floor":6.0,"key":"SMITH"},{"data":"Armaments","floor":12.0,"key":"SMITH"},{"data":"Spot Weakness","floor":15.0,"key":"SMITH"},{"data":"Immolate","floor":24.0,"key":"SMITH"},{"data":"1","floor":30,"key":"LIFT"},{"data":"2","floor":32,"key":"LIFT"},{"data":"3","floor":44,"key":"LIFT"},{"data":"Clothesline","floor":46,"key":"SMITH"},{"floor":49,"key":"DIG"}],"neow_cost":"PERCENT_DAMAGE","seed_source_timestamp":1524924121605700,"circlet_count":0,"master_deck":["Strike_R","Strike_R","Defend_R","Defend_R","Defend_R","Bash+1","Second Wind","Wild Strike","Shrug It Off","Armaments+1","Whirlwind+1","Rampage","Impervious","Spot Weakness+1","Feel No Pain","Immolate+1","Headbutt","True Grit+1","Shrug It Off","Feel No Pain","Spot Weakness+1","Metallicize","Feel No Pain","Corruption","Clothesline+1","Exhume+1","True Grit+1","Apotheosis+1","Enlightenment+1","Shrug It Off+1","Spot Weakness+1","Clothesline+1","Uppercut+1","Ghostly Armor+1"],"special_seed":0,"relics":["Burning Blood","Tiny Chest","Sundial","Dodecahedron","Snecko Eye","Unceasing Top","Meat on the Bone","Self Forming Clay","Omamori","Girya","Toxic Egg 2","Bottled Flame","Dream Catcher","Calling Bell","Happy Flower","Mummified Hand","Bird Faced Urn","Lantern","Shovel","Ancient Tea Set","Bronze Scales"],"potions_floor_usage":[48,50,50,50],"damage_taken":[{"damage":1.0,"enemies":"Cultist","floor":1.0,"turns":3.0},{"damage":1.0,"enemies":"Jaw Worm","floor":2.0,"turns":3.0},{"damage":0.0,"enemies":"2 Louse","floor":4.0,"turns":3.0},{"damage":0.0,"enemies":"Blue Slaver","floor":5.0,"turns":5.0},{"damage":1.0,"enemies":"2 Fungi Beasts","floor":7.0,"turns":3.0},{"damage":6.0,"enemies":"Gremlin Nob","floor":8.0,"turns":3.0},{"damage":5.0,"enemies":"Lagavulin","floor":11.0,"turns":7.0},{"damage":0.0,"enemies":"Exordium Wildlife","floor":14.0,"turns":2.0},{"damage":55.0,"enemies":"Hexaghost","floor":16.0,"turns":10.0},{"damage":0.0,"enemies":"3 Byrds","floor":18.0,"turns":2.0},{"damage":0.0,"enemies":"Colosseum Slavers","floor":19.0,"turns":3.0},{"damage":7.0,"enemies":"Colosseum Nobs","floor":19.0,"turns":4.0},{"damage":14.0,"enemies":"Spheric Guardian","floor":22.0,"turns":4.0},{"damage":9.0,"enemies":"Slavers","floor":23.0,"turns":3.0},{"damage":5.0,"enemies":"Chosen and Byrds","floor":25.0,"turns":3.0},{"damage":30.0,"enemies":"Book of Stabbing","floor":27.0,"turns":6.0},{"damage":20.0,"enemies":"Slavers","floor":29.0,"turns":6.0},{"damage":18,"enemies":"Champ","floor":33,"turns":12},{"damage":0,"enemies":"3 Shapes","floor":35,"turns":1},{"damage":0,"enemies":"Orb Walker","floor":39,"turns":5},{"damage":6,"enemies":"Reptomancer","floor":40,"turns":5},{"damage":0,"enemies":"3 Darklings","floor":41,"turns":1},{"damage":9,"enemies":"Nemesis","floor":42,"turns":5},{"damage":11,"enemies":"Maw","floor":45,"turns":7},{"damage":16,"enemies":"Writhing Mass","floor":48,"turns":5},{"damage":14,"enemies":"Awakened One","floor":50,"turns":9}],"seed_played":"3931220084518302770","potions_obtained":[{"floor":4.0,"key":"Block Potion"},{"floor":5.0,"key":"LiquidBronze"},{"floor":7.0,"key":"AttackPotion"},{"floor":14.0,"key":"Block Potion"},{"floor":18.0,"key":"Fire Potion"},{"floor":22.0,"key":"Regen Potion"},{"floor":25.0,"key":"Fire Potion"},{"floor":33,"key":"BloodPotion"},{"floor":35,"key":"BloodPotion"},{"floor":38,"key":"FearPotion"},{"floor":40,"key":"EntropicBrew"},{"floor":41,"key":"Energy Potion"}],"is_trial":false,"path_per_floor":["M","M","?","M","M","R","M","E","T","?","E","R","?","M","R","B",null,"M","?","$","?","M","E","R","M","T","E","$","E","R","T","R","B",null,"M","?","$","?","M","E","M","E","T","R","M","R","?","M","R","B",null],"character_chosen":"IRONCLAD","items_purchased":["Shrug It Off","Feel No Pain","Corruption","Toxic Egg 2","Shrug It Off+1"],"campfire_rested":0,"item_purchase_floors":[20,20,28,28,37],"current_hp_per_floor":[61,66,66,72,78,78,80,80,80,80,80,80,80,80,80,31,80,80,79,79,79,71,68,68,69,69,57,57,55,55,55,55,55,80,80,70,70,70,80,80,80,80,80,80,79,79,79,79,79,80],"gold":197,"neow_bonus":"TRANSFORM_TWO_CARDS","is_prod":false,"is_daily":false,"chose_seed":false,"campfire_upgraded":5,"win_rate":1,"timestamp":1556617945,"path_taken":["M","?","?","?","M","R","M","E","T","?","E","R","?","M","R","BOSS","M","?","$","?","M","E","R","M","T","E","$","E","R","?","R","BOSS","M","?","$","?","M","E","M","E","T","R","?","R","?","M","R","BOSS"],"build_version":"2019-01-23","purchased_purges":2,"victory":true,"max_hp_per_floor":[80,80,80,80,80,80,80,80,80,80,80,80,80,80,80,80,80,80,80,80,80,80,80,80,80,80,80,80,80,80,80,80,80,80,80,80,80,80,80,80,80,80,80,80,80,80,80,80,80,80],"card_choices":[{"not_picked":["Perfected Strike","Clash"],"picked":"Wild Strike","floor":1.0},{"not_picked":["Twin Strike","Sword Boomerang"],"picked":"Shrug It Off","floor":2.0},{"not_picked":["Iron Wave","Wild Strike"],"picked":"Armaments","floor":4.0},{"not_picked":["Feel No Pain","Dual Wield"],"picked":"Whirlwind","floor":5.0},{"not_picked":["Twin Strike","Armaments"],"picked":"Rampage","floor":7.0},{"not_picked":["Hemokinesis","Heavy Blade"],"picked":"Impervious","floor":8.0},{"not_picked":["Body Slam","Dropkick"],"picked":"Spot Weakness","floor":11.0},{"not_picked":["Warcry","Feel No Pain","Pommel Strike"],"picked":"SKIP","floor":14.0},{"not_picked":["Warcry","Pommel Strike"],"picked":"Feel No Pain","floor":14.0},{"not_picked":["Impervious","Double Tap"],"picked":"Immolate","floor":16.0},{"not_picked":["Clash","Body Slam"],"picked":"Headbutt","floor":18.0},{"not_picked":["Perfected Strike","Heavy Blade+1"],"picked":"True Grit","floor":19.0},{"not_picked":["Rupture","Sword Boomerang+1"],"picked":"Spot Weakness+1","floor":22.0},{"not_picked":["Anger+1","Rampage"],"picked":"Metallicize","floor":23.0},{"not_picked":["Pommel Strike","Body Slam","Fire Breathing"],"picked":"SKIP","floor":25.0},{"not_picked":["Thunderclap","Dropkick"],"picked":"Feel No Pain","floor":27.0},{"not_picked":["Pommel Strike","Battle Trance+1"],"picked":"Clothesline+1","floor":29},{"not_picked":["Offering+1","Juggernaut"],"picked":"Exhume+1","floor":33},{"not_picked":["Thunderclap","Flex+1"],"picked":"True Grit+1","floor":35},{"not_picked":["Flash of Steel","Secret Technique+1"],"picked":"Apotheosis+1","floor":36},{"not_picked":["Apotheosis+1","Finesse+1"],"picked":"Enlightenment+1","floor":36},{"not_picked":["Clash","Heavy Blade"],"picked":"Spot Weakness+1","floor":39},{"not_picked":["Twin Strike","Body Slam+1"],"picked":"Clothesline","floor":40},{"not_picked":["Carnage+1","Twin Strike+1","Wild Strike"],"picked":"SKIP","floor":41},{"not_picked":["Bloodletting+1","Sever Soul+1","Thunderclap"],"picked":"SKIP","floor":42},{"not_picked":["Perfected Strike","Havoc+1"],"picked":"Uppercut+1","floor":45},{"not_picked":["Clash","Hemokinesis"],"picked":"Ghostly Armor+1","floor":48}],"player_experience":674568,"relics_obtained":[{"floor":8.0,"key":"Tiny Chest"},{"floor":9.0,"key":"Sundial"},{"floor":11.0,"key":"Dodecahedron"},{"floor":19.0,"key":"Unceasing Top"},{"floor":19.0,"key":"Meat on the Bone"},{"floor":23.0,"key":"Self Forming Clay"},{"floor":26.0,"key":"Omamori"},{"floor":27.0,"key":"Girya"},{"floor":29,"key":"Bottled Flame"},{"floor":31,"key":"Dream Catcher"},{"floor":34,"key":"Happy Flower"},{"floor":34,"key":"Mummified Hand"},{"floor":34,"key":"Bird Faced Urn"},{"floor":40,"key":"Lantern"},{"floor":42,"key":"Shovel"},{"floor":43,"key":"Ancient Tea Set"},{"floor":49,"key":"Bronze Scales"}],"event_choices":[{"cards_removed":["Dual Wield"],"damage_healed":0.0,"max_hp_gain":0.0,"max_hp_loss":0.0,"gold_gain":0.0,"event_name":"Purifier","player_choice":"Purged","floor":3.0,"gold_loss":0.0,"damage_taken":0.0},{"cards_removed":["Strike_R"],"damage_healed":0.0,"max_hp_gain":0.0,"max_hp_loss":0.0,"gold_gain":0.0,"event_name":"The Cleric","player_choice":"Card Removal","floor":10.0,"gold_loss":50.0,"damage_taken":0.0},{"damage_healed":0.0,"max_hp_gain":0.0,"max_hp_loss":0.0,"gold_gain":0.0,"event_name":"Living Wall","player_choice":"Grow","floor":13.0,"gold_loss":0.0,"damage_taken":0.0,"cards_upgraded":["Bash"]},{"damage_healed":0.0,"max_hp_gain":0.0,"max_hp_loss":0.0,"gold_gain":0.0,"event_name":"Colosseum","player_choice":"Fight","floor":19.0,"gold_loss":0.0,"damage_taken":0.0},{"damage_healed":0.0,"max_hp_gain":0.0,"max_hp_loss":0.0,"gold_gain":0.0,"event_name":"Colosseum","player_choice":"Fought Nobs","floor":19.0,"gold_loss":0.0,"damage_taken":0.0},{"damage_healed":0.0,"max_hp_gain":0.0,"max_hp_loss":0.0,"gold_gain":0.0,"event_name":"Ghosts","player_choice":"Ignored","floor":21.0,"gold_loss":0.0,"damage_taken":0.0},{"damage_healed":0,"gold_gain":0,"player_choice":"Memory 3","damage_taken":10,"max_hp_gain":0,"max_hp_loss":0,"event_name":"SensoryStone","floor":36,"gold_loss":0},{"damage_healed":0,"gold_gain":0,"player_choice":"Got Potions","damage_taken":0,"max_hp_gain":0,"max_hp_loss":0,"event_name":"Lab","floor":38,"gold_loss":0},{"damage_healed":0,"gold_gain":0,"player_choice":"Forge","damage_taken":0,"max_hp_gain":0,"max_hp_loss":0,"event_name":"Accursed Blacksmith","floor":47,"gold_loss":0,"cards_upgraded":["True Grit"]}],"is_beta":false,"boss_relics":[{"not_picked":["Eternal Feather","Orrery"],"picked":"Snecko Eye"},{"not_picked":["Black Star","Empty Cage"],"picked":"Calling Bell"}],"items_purged_floors":[20,37],"is_endless":false,"potions_floor_spawned":[4,5,7,14,18,19,22,25,33,35,40,41,42],"ascension_level":0}