{"gold_per_floor":[16,28,43,43,43,43,68,68,68,93,111,166,241,241,241,366,366,390,489,504,91,114,148,148,148],"floor_reached":25,"playtime":2392,"items_purged":[],"score":312,"play_id":"770d855c-0c34-42bf-b7ce-fdc2642fe2b3","local_time":"20190110171754","is_ascension_mode":true,"campfire_choices":[{"data":"Feed","floor":6,"key":"SMITH"},{"floor":8,"key":"REST"},{"floor":15,"key":"REST"},{"floor":24,"key":"REST"}],"neow_cost":"NO_GOLD","seed_source_timestamp":1380567949193785,"circlet_count":0,"master_deck":["Strike_R+1","Strike_R","Strike_R","Strike_R","Strike_R","Defend_R","Defend_R","Defend_R","Defend_R","Bash+1","Feed+1","Pommel Strike","Flame Barrier","Impervious","Perfected Strike","Seeing Red","True Grit+1","Anger","Flex","Dual Wield","True Grit+1"],"relics":["Burning Blood","Dodecahedron","Lantern","Pantograph","Tiny Chest","Golden Idol","Runic Pyramid","Whetstone","ClockworkSouvenir","Ornamental Fan"],"potions_floor_usage":[16,23,23,23],"damage_taken":[{"damage":7,"enemies":"Small Slimes","floor":1,"turns":4},{"damage":1,"enemies":"Cultist","floor":2,"turns":3},{"damage":9,"enemies":"Jaw Worm","floor":3,"turns":4},{"damage":18,"enemies":"Gremlin Nob","floor":7,"turns":5},{"damage":40,"enemies":"Lagavulin","floor":10,"turns":8},{"damage":0,"enemies":"Looter","floor":11,"turns":3},{"damage":25,"enemies":"3 Sentries","floor":12,"turns":9},{"damage":90,"enemies":"The Guardian","floor":16,"turns":12},{"damage":45,"enemies":"Spheric Guardian","floor":18,"turns":8},{"damage":2,"enemies":"Chosen","floor":20,"turns":6},{"damage":28,"enemies":"Shelled Parasite and Fungi","floor":22,"turns":7},{"damage":31,"enemies":"Slavers","floor":23,"turns":6},{"damage":56,"enemies":"Gremlin Leader","floor":25,"turns":6}],"seed_played":"6140979349943348005","potions_obtained":[{"floor":1,"key":"Ancient Potion"},{"floor":10,"key":"Poison Potion"},{"floor":16,"key":"Dexterity Potion"},{"floor":20,"key":"EssenceOfSteel"},{"floor":22,"key":"PowerPotion"}],"is_trial":false,"path_per_floor":["M","M","M","?","?","R","E","R","T","E","M","E","?","?","R","B",null,"M","?","M","$","M","E","R","E"],"character_chosen":"IRONCLAD","items_purchased":["Anger","Whetstone","ClockworkSouvenir","Flex"],"campfire_rested":3,"item_purchase_floors":[21,21,21,21],"current_hp_per_floor":[82,86,86,74,74,74,62,88,88,58,68,53,42,42,69,9,93,54,54,62,62,44,23,54,0],"gold":148,"neow_bonus":"THREE_RARE_CARDS","is_prod":false,"is_daily":false,"chose_seed":false,"campfire_upgraded":1,"win_rate":0,"timestamp":1547140674,"path_taken":["M","M","M","?","?","R","E","R","T","E","?","E","?","?","R","BOSS","M","?","M","$","M","E","R","E"],"build_version":"2019-01-03v4","purchased_purges":0,"victory":false,"max_hp_per_floor":[83,86,89,89,89,89,89,89,89,93,97,101,101,93,93,93,93,93,93,97,97,101,105,105,105],"card_choices":[{"not_picked":["Offering","Bludgeon"],"picked":"Feed","floor":0},{"not_picked":["Pummel","Headbutt"],"picked":"Pommel Strike","floor":1},{"not_picked":["Armaments","Uppercut","Headbutt"],"picked":"SKIP","floor":2},{"not_picked":["Iron Wave","Flex"],"picked":"Flame Barrier","floor":3},{"not_picked":["Entrench","True Grit"],"picked":"Perfected Strike","floor":7},{"not_picked":["Reckless Charge","Sword Boomerang","Clash"],"picked":"SKIP","floor":10},{"not_picked":["Havoc","Searing Blow","Evolve"],"picked":"SKIP","floor":11},{"not_picked":["Clothesline","Carnage","Havoc"],"picked":"SKIP","floor":12},{"not_picked":["Heavy Blade+1","Shrug It Off"],"picked":"Seeing Red","floor":18},{"not_picked":["Clothesline","Inflame"],"picked":"True Grit+1","floor":20},{"not_picked":["Body Slam","Shrug It Off"],"picked":"Dual Wield","floor":22},{"not_picked":["Offering","Havoc"],"picked":"True Grit+1","floor":23}],"player_experience":154717,"relics_obtained":[{"floor":7,"key":"Lantern"},{"floor":9,"key":"Pantograph"},{"floor":12,"key":"Tiny Chest"},{"floor":23,"key":"Ornamental Fan"}],"event_choices":[{"damage_healed":0,"gold_gain":0,"player_choice":"Success","damage_taken":12,"relics_obtained":["Dodecahedron"],"max_hp_gain":0,"max_hp_loss":0,"event_name":"Scrap Ooze","floor":4,"gold_loss":0},{"damage_healed":0,"gold_gain":0,"player_choice":"1 cards matched","damage_taken":0,"max_hp_gain":0,"max_hp_loss":0,"event_name":"Match and Keep!","floor":5,"gold_loss":0,"cards_obtained":["Impervious"]},{"damage_healed":0,"gold_gain":75,"player_choice":"Gather Gold","damage_taken":11,"max_hp_gain":0,"max_hp_loss":0,"event_name":"World of Goop","floor":13,"gold_loss":0},{"damage_healed":0,"gold_gain":0,"player_choice":"Lose Max HP","damage_taken":0,"relics_obtained":["Golden Idol"],"max_hp_gain":0,"max_hp_loss":8,"event_name":"Golden Idol","floor":14,"gold_loss":0},{"damage_healed":0,"gold_gain":99,"player_choice":"Stole From Cult","damage_taken":0,"max_hp_gain":0,"max_hp_loss":0,"event_name":"Nest","floor":19,"gold_loss":0}],"is_beta":false,"boss_relics":[{"not_picked":["Velvet Choker","Philosopher\u0027s Stone"],"picked":"Runic Pyramid"}],"items_purged_floors":[],"is_endless":false,"potions_floor_spawned":[1,10,16,20,22],"killed_by":"Gremlin Leader","ascension_level":4}