{"path_per_floor":["M","?","?","$","M","R","E","R","T","?","M","M","R","M","R","B",null,"M","?","M","$","?","R","M","R","T","R","?","$","M","T","R","B",null,"M","$"],"character_chosen":"IRONCLAD","items_purchased":["Combust","Apotheosis","Double Tap","Metallicize"],"gold_per_floor":[113,113,113,39,57,57,88,88,160,335,360,378,378,394,394,518,518,537,537,553,152,152,152,176,176,176,176,91,91,106,106,106,231,231,251,151],"floor_reached":37,"campfire_rested":1,"playtime":2438,"current_hp_per_floor":[80,60,60,60,63,63,47,47,47,47,39,37,37,41,41,30,80,52,52,37,37,37,61,68,68,68,68,68,68,70,70,70,26,80,34,34],"items_purged":["Strike_R","Strike_R"],"gold":151,"play_id":"6addb694-fff0-433e-873e-d903166ddcd1","is_prod":false,"is_daily":false,"campfire_rituals":0,"campfire_upgraded":7,"is_hardmode":false,"path_taken":["M","?","?","$","M","R","E","R","T","?","?","M","R","M","R","BOSS","M","?","M","$","?","R","?","R","T","R","?","?","?","?","R","BOSS","M","$","?"],"build_version":"2018-01-11-PROD2","purchased_purges":2,"victory":false,"master_deck":["Strike_R","Strike_R","Defend_R","Defend_R","Defend_R","Defend_R","Bash","Rupture","Combust","Hemokinesis","Rupture","Pummel","Bloodletting","Shrug It Off","Reaper","Blood for Blood","Dual Wield","Apotheosis","Double Tap","Metallicize","Injury","Blood for Blood","Hemokinesis","Twin Strike"],"max_hp_per_floor":[80,80,80,80,80,80,80,80,80,80,80,80,80,80,80,80,80,80,80,80,80,80,80,80,80,80,80,80,80,80,80,80,80,80,80,80],"relics":["Burning Blood","Golden Idol","Omamori","Dodecahedron","White Beast Statue","Mercury Hourglass","Orichalcum","Ginger","Question Card"],"campfire_meditates":0,"card_choices":[{"not_picked":["Flex","Anger"],"picked":"Hemokinesis"},{"not_picked":["Burning Pact","Power Through"],"picked":"Rupture"},{"not_picked":["Barricade","Twin Strike"],"picked":"Pummel"},{"not_picked":["Clash","Flex"],"picked":"Bloodletting"},{"not_picked":["Iron Wave","Pommel Strike"],"picked":"Shrug It Off"},{"not_picked":["Berserk","Feed"],"picked":"Reaper"},{"not_picked":["Body Slam","Wild Strike"],"picked":"Blood for Blood"},{"not_picked":["Intimidate","Pommel Strike"],"picked":"Dual Wield"},{"not_picked":["Clash","Warcry"],"picked":"Blood for Blood"},{"not_picked":["Shrug It Off","Armaments"],"picked":"Hemokinesis"},{"not_picked":["Wild Strike","Thunderclap","Clothesline"],"picked":"Twin Strike"}],"player_experience":231231,"potions_floor_usage":[7,14,16,20,24,33,33],"damage_taken":[{"damage":0,"enemies":"Small Slimes","floor":1,"turns":3},{"damage":3,"enemies":"2 Louse","floor":5,"turns":3},{"damage":22,"enemies":"Lagavulin","floor":7,"turns":5},{"damage":14,"enemies":"Jaw Worm","floor":11,"turns":4},{"damage":8,"enemies":"Looter","floor":12,"turns":3},{"damage":2,"enemies":"2 Fungi Beasts","floor":14,"turns":2},{"damage":17,"enemies":"The Guardian","floor":16,"turns":7},{"damage":34,"enemies":"Shell Parasite","floor":18,"turns":5},{"damage":30,"enemies":"3 Byrds","floor":20,"turns":5},{"damage":11,"enemies":"Centurion and Healer","floor":24,"turns":6},{"damage":16,"enemies":"Chosen and Byrds","floor":30,"turns":6},{"damage":66,"enemies":"Collector","floor":33,"turns":9},{"damage":65,"enemies":"3 Darklings","floor":35,"turns":5}],"event_choices":[{"event_name":"Golden Idol","player_choice":"Take Damage","floor":2,"damage_taken":0},{"event_name":"Living Wall","player_choice":"Change","floor":3,"damage_taken":0},{"event_name":"Liars Game","player_choice":"agreed","floor":10,"damage_taken":0},{"event_name":"Wheel of Change","player_choice":"Curse","floor":19,"damage_taken":0},{"event_name":"Accursed Blacksmith","player_choice":"Forge","floor":22,"damage_taken":0},{"event_name":"Addict","player_choice":"Obtained Relic","floor":28,"damage_taken":0}],"boss_relics":[{"not_picked":["Astrolabe","Orrery"],"picked":"White Beast Statue"},{"not_picked":["Mark of Pain","Runic Dome"],"picked":"Question Card"}],"potions_floor_spawned":[5,7,11,18,20,24,30,33,35],"seed_played":"-2570045529094376727","killed_by":"3 Shapes","is_trial":false}