{"path_per_floor":["M","M","$","?","M","R","E","M","T","R","E","?","M","M","R","B",null,"M","$","M","?","M","R","E","R","T","R","$","?","?","M","R","B",null,"M","$","?","M","?","R","E","R","T","R","M","M","M","$","R","B"],"character_chosen":"IRONCLAD","items_purchased":["Apotheosis","Metallicize"],"gold_per_floor":[116,130,55,5,20,20,49,68,68,68,102,102,121,133,133,238,238,250,150,168,168,186,186,214,214,214,214,39,39,39,57,57,162,162,172,47,47,59,59,59,89,89,142,142,161,179,190,66,66,66],"floor_reached":51,"campfire_rested":1,"playtime":3742,"current_hp_per_floor":[73,76,76,76,80,80,69,77,77,77,63,51,61,67,67,33,80,69,69,49,49,56,56,40,40,40,40,40,40,24,27,51,59,80,77,77,77,80,70,70,80,80,80,80,82,81,82,82,82,64],"items_purged":["Strike_R","Defend_R","Strike_R","Madness"],"gold":66,"play_id":"74cf7411-0681-4c09-8e07-77099f629623","is_prod":false,"is_daily":false,"campfire_rituals":0,"campfire_upgraded":2,"is_hardmode":false,"path_taken":["M","?","$","?","M","R","E","M","T","R","E","?","M","M","R","BOSS","M","?","M","?","M","R","E","R","T","R","$","?","?","M","R","BOSS","M","$","?","M","?","R","E","R","T","R","M","M","M","?","R","BOSS"],"build_version":"2018-01-04-PROD1","purchased_purges":5,"victory":true,"master_deck":["Strike_R","Strike_R","Defend_R","Defend_R","Bash","Reaper","Dual Wield","Seeing Red","Armaments","Shrug It Off","Body Slam","Rampage","Body Slam","Double Tap","Shrug It Off","Disarm","Battle Trance","Apotheosis","Shrug It Off","Barricade","Entrench","Headbutt","Madness","Disarm","Metallicize"],"max_hp_per_floor":[80,80,80,80,80,80,80,80,80,80,80,80,80,80,80,80,80,80,80,80,80,80,80,80,80,80,80,80,80,80,80,80,80,80,80,80,80,80,80,80,80,80,80,80,82,84,84,84,84,84],"relics":["Black Blood","Centennial Puzzle","Sundial","Ginger","Shovel","Anchor","Sozu","Juzu Bracelet","Art of War","Ornamental Fan","Bronze Scales","Champion Belt","Ice Cream","Enchiridion","Smiling Mask","Bottled Flame","Happy Flower","Lantern","Singing Bowl","Frozen Egg"],"campfire_meditates":0,"card_choices":[{"not_picked":["Iron Wave","Warcry"],"picked":"Dual Wield"},{"not_picked":["True Grit","Brutality"],"picked":"Seeing Red"},{"not_picked":["Twin Strike","Heavy Blade"],"picked":"Armaments"},{"not_picked":["Feel No Pain","Flex"],"picked":"Shrug It Off"},{"not_picked":["Heavy Blade","True Grit"],"picked":"Body Slam"},{"not_picked":["Exhume","Twin Strike"],"picked":"Rampage"},{"not_picked":["Twin Strike","Clothesline"],"picked":"Body Slam"},{"not_picked":["Dark Embrace","Brutality"],"picked":"Double Tap"},{"not_picked":["Heavy Blade","Blood for Blood"],"picked":"Shrug It Off"},{"not_picked":["Twin Strike","True Grit"],"picked":"Disarm"},{"not_picked":["Cleave","Feed"],"picked":"Battle Trance"},{"not_picked":["Warcry","Spot Weakness"],"picked":"Shrug It Off"},{"not_picked":["Immolate","Demon Form"],"picked":"Barricade"},{"not_picked":["Clothesline","Heavy Blade"],"picked":"Entrench"},{"not_picked":["Perfected Strike","Thunderclap"],"picked":"Headbutt"},{"not_picked":["Uppercut","Wild Strike"],"picked":"Disarm"}],"player_experience":138942,"potions_floor_usage":[7,16],"damage_taken":[{"damage":13,"enemies":"Blue Slaver","floor":1,"turns":6},{"damage":3,"enemies":"Cultist","floor":2,"turns":5},{"damage":5,"enemies":"Jaw Worm","floor":5,"turns":5},{"damage":17,"enemies":"Gremlin Nob","floor":7,"turns":5},{"damage":8,"enemies":"2 Fungi Beasts","floor":8,"turns":4},{"damage":20,"enemies":"Lagavulin","floor":11,"turns":7},{"damage":0,"enemies":"Large Slime","floor":13,"turns":7},{"damage":0,"enemies":"Looter","floor":14,"turns":3},{"damage":40,"enemies":"The Guardian","floor":16,"turns":10},{"damage":17,"enemies":"Spheric Guardian","floor":18,"turns":4},{"damage":26,"enemies":"3 Byrds","floor":20,"turns":7},{"damage":7,"enemies":"Centurion and Healer","floor":22,"turns":5},{"damage":22,"enemies":"Book of Stabbing","floor":24,"turns":7},{"damage":3,"enemies":"Slaver and Parasite","floor":31,"turns":5},{"damage":27,"enemies":"Automaton","floor":33,"turns":7},{"damage":13,"enemies":"Orb Walker","floor":35,"turns":4},{"damage":1,"enemies":"3 Shapes","floor":38,"turns":5},{"damage":0,"enemies":"Giant Head","floor":41,"turns":6},{"damage":0,"enemies":"Sphere and 2 Shapes","floor":45,"turns":5},{"damage":24,"enemies":"3 Darklings","floor":46,"turns":15},{"damage":12,"enemies":"4 Shapes","floor":47,"turns":4},{"damage":28,"enemies":"Time Eater","floor":50,"turns":6}],"event_choices":[{"event_name":"The Cleric","player_choice":"Card Removal","floor":4,"damage_taken":0},{"event_name":"Scrap Ooze","player_choice":"success","floor":12,"damage_taken":12},{"event_name":"The Mausoleum","player_choice":"Yes","floor":21,"damage_taken":0},{"event_name":"Vampires","player_choice":"Ignored","floor":29,"damage_taken":0},{"event_name":"Cursed Tome","player_choice":"Obtained Book","floor":30,"damage_taken":0},{"event_name":"Purifier","player_choice":"One Purge","floor":37,"damage_taken":0},{"event_name":"Winding Halls","player_choice":"Embrace Madness","floor":39,"damage_taken":0}],"boss_relics":[{"not_picked":["Calling Bell","Lizard Tail"],"picked":"Sozu"},{"not_picked":["Velvet Choker","Pandora\u0027s Box"],"picked":"Black Blood"}],"potions_floor_spawned":[5,11,14,16,31,33,35,46],"seed_played":"2299391003281577141","is_trial":false}