{"path_per_floor":["M","$","?","?","M","?","E","R","T","?","M","?","R","M","R"],"character_chosen":"DEFECT","items_purchased":[],"gold_per_floor":[111,36,36,36,60,235,296,296,296,330,354,354,354,377,377,377],"floor_reached":16,"campfire_rested":3,"playtime":609,"current_hp_per_floor":[32,32,57,39,32,32,6,28,28,11,11,11,33,32,54,0],"items_purged":["Strike_B"],"gold":377,"score":98,"play_id":"f1793c1f-9704-4d6b-9a5e-dea0e5a425fb","local_time":"20180428111103","is_prod":false,"is_daily":false,"chose_seed":false,"is_ascension_mode":false,"campfire_upgraded":0,"timestamp":1524935463,"path_taken":["M","$","?","?","?","?","E","R","T","?","?","?","R","M","R","BOSS"],"build_version":"2018-04-27v3","seed_source_timestamp":228429300730853,"purchased_purges":1,"victory":false,"master_deck":["Strike_B","Strike_B","Strike_B","Defend_B","Defend_B","Defend_B","Defend_B","Zap","Dualcast","Sweeping Beam","Ball Lightning","Doubt","Fission","Go for the Eyes","Ball Lightning"],"max_hp_per_floor":[75,75,75,75,75,75,75,75,75,75,75,75,75,75,75,75],"relics":["Cracked Core","Girya","Golden Idol","Tiny Chest","Question Card","Odd Mushroom"],"card_choices":[{"not_picked":["Stack","Skim"],"picked":"Sweeping Beam","floor":1},{"not_picked":["Skim","Cold Snap"],"picked":"Ball Lightning","floor":5},{"not_picked":["Rebound","Stack"],"picked":"Fission","floor":7},{"not_picked":["Buffer","Blizzard","Coolheaded"],"picked":"Go for the Eyes","floor":11},{"not_picked":["Axe Kick","Rebound","Turbo"],"picked":"Ball Lightning","floor":14}],"player_experience":355549,"potions_floor_usage":[16,16],"damage_taken":[{"damage":6,"enemies":"Jaw Worm","floor":1,"turns":3},{"damage":7,"enemies":"2 Louse","floor":5,"turns":2},{"damage":26,"enemies":"Lagavulin","floor":7,"turns":5},{"damage":17,"enemies":"The Mushroom Lair","floor":10,"turns":4},{"damage":0,"enemies":"Small Slimes","floor":11,"turns":3},{"damage":1,"enemies":"3 Louse","floor":14,"turns":3},{"damage":59,"enemies":"Hexaghost","floor":16,"turns":12}],"event_choices":[{"event_name":"Big Fish","player_choice":"Banana","floor":3,"damage_taken":0},{"event_name":"Golden Idol","player_choice":"Take Damage","floor":4,"damage_taken":0},{"event_name":"Liars Game","player_choice":"agreed","floor":6,"damage_taken":0},{"event_name":"Mushrooms","player_choice":"Fought Mushrooms","floor":10,"damage_taken":0},{"event_name":"The Lab","player_choice":"Got Potions","floor":12,"damage_taken":0}],"boss_relics":[],"potions_floor_spawned":[7,14],"seed_played":"3138318761296871673","killed_by":"Hexaghost","ascension_level":0,"is_trial":false}