{"gold_per_floor":[114,114,114,114,126,160,15,15,86,100,111,121,138,38,38,140,140,150,150,25,37,51,51,77,97,97,127,144,163,163,174,174,271,271,291,304,320,337,187,213,213,242,242,242],"floor_reached":44,"playtime":4113,"items_purged":["Regret","Strike_B","Strike_B","Defend_B"],"score":642,"play_id":"8de31d2b-f497-49c7-9318-22e9feb80208","local_time":"20190110163738","is_ascension_mode":true,"campfire_choices":[{"floor":8,"key":"REST"},{"floor":15,"key":"REST"},{"data":"Lockon","floor":23,"key":"SMITH"},{"floor":30,"key":"REST"},{"floor":32,"key":"REST"},{"floor":41,"key":"REST"}],"neow_cost":"NONE","seed_source_timestamp":1376425545597303,"circlet_count":0,"master_deck":["Strike_B","Defend_B+1","Defend_B","Defend_B","Zap+1","Dualcast","Ball Lightning","FTL","Lockon+1","Ball Lightning","Doom and Gloom","Gash","Compile Driver","Conserve Battery","Sweeping Beam","Electrodynamics","Conserve Battery","Leap","Leap+1","Sweeping Beam","Gash","Thunder Strike","Leap+1","Ball Lightning+1","Conserve Battery+1","Auto Shields+1"],"relics":["Velvet Choker","Blue Candle","Dream Catcher","Singing Bowl","Sozu","Unceasing Top","Regal Pillow","Bag of Preparation","Lizard Tail","Ornamental Fan","Orichalcum","Potion Belt"],"potions_floor_usage":[18,21,21],"damage_taken":[{"damage":0,"enemies":"Cultist","floor":1,"turns":3},{"damage":1,"enemies":"Jaw Worm","floor":5,"turns":2},{"damage":37,"enemies":"3 Sentries","floor":6,"turns":7},{"damage":0,"enemies":"2 Louse","floor":10,"turns":1},{"damage":8,"enemies":"Blue Slaver","floor":11,"turns":2},{"damage":4,"enemies":"Exordium Thugs","floor":12,"turns":2},{"damage":7,"enemies":"Red Slaver","floor":13,"turns":2},{"damage":11,"enemies":"Slime Boss","floor":16,"turns":6},{"damage":7,"enemies":"Shell Parasite","floor":18,"turns":3},{"damage":15,"enemies":"2 Thieves","floor":21,"turns":3},{"damage":0,"enemies":"Chosen and Byrds","floor":22,"turns":4},{"damage":21,"enemies":"Gremlin Leader","floor":24,"turns":4},{"damage":14,"enemies":"Centurion and Healer","floor":25,"turns":4},{"damage":16,"enemies":"Slavers","floor":27,"turns":3},{"damage":15,"enemies":"Snake Plant","floor":28,"turns":4},{"damage":0,"enemies":"Chosen and Byrds","floor":29,"turns":3},{"damage":12,"enemies":"Shelled Parasite and Fungi","floor":31,"turns":3},{"damage":60,"enemies":"Collector","floor":33,"turns":8},{"damage":16,"enemies":"3 Darklings","floor":35,"turns":4},{"damage":0,"enemies":"Orb Walker","floor":36,"turns":3},{"damage":20,"enemies":"Transient","floor":37,"turns":5},{"damage":13,"enemies":"Sphere and 2 Shapes","floor":38,"turns":4},{"damage":43,"enemies":"Reptomancer","floor":40,"turns":5},{"damage":57,"enemies":"Giant Head","floor":42,"turns":8},{"damage":49,"enemies":"Writhing Mass","floor":44,"turns":4}],"seed_played":"-2260664825028352632","potions_obtained":[{"floor":6,"key":"EntropicBrew"},{"floor":10,"key":"Ancient Potion"},{"floor":13,"key":"Regen Potion"}],"is_trial":false,"path_per_floor":["M","?","?","?","M","E","$","R","T","M","M","M","M","$","R","B",null,"M","?","$","M","M","R","E","M","T","E","M","M","R","M","R","B",null,"M","M","M","M","$","E","R","E","T","M"],"character_chosen":"DEFECT","items_purchased":["Doom and Gloom"],"campfire_rested":5,"item_purchase_floors":[7],"current_hp_per_floor":[75,75,60,60,59,22,22,44,44,44,38,34,29,29,52,41,79,76,76,76,63,65,65,46,34,34,18,5,7,49,37,79,19,91,75,75,55,44,44,1,45,49,49,0],"gold":242,"neow_bonus":"BOSS_RELIC","is_prod":false,"is_daily":false,"chose_seed":false,"campfire_upgraded":1,"win_rate":0,"timestamp":1547138258,"path_taken":["M","?","?","?","M","E","$","R","T","M","M","M","M","?","R","BOSS","M","?","?","?","M","R","E","M","T","E","M","M","R","M","R","BOSS","M","?","M","M","$","E","R","E","T","M"],"build_version":"2019-01-03v4","purchased_purges":4,"victory":false,"max_hp_per_floor":[75,75,75,75,75,75,75,75,75,75,77,77,79,79,79,79,79,79,79,79,81,83,83,85,87,87,87,89,91,91,91,91,91,91,91,91,91,93,93,93,95,97,97,97],"card_choices":[{"not_picked":["Redo","Skim"],"picked":"Ball Lightning","floor":1},{"not_picked":["Compile Driver","Cold Snap"],"picked":"Lockon","floor":5},{"not_picked":["Beam Cell","Redo"],"picked":"Ball Lightning","floor":6},{"not_picked":["Steam","Leap"],"picked":"Gash","floor":8},{"not_picked":["Turbo","Lockon"],"picked":"Compile Driver","floor":10},{"not_picked":["Chaos","Echo Form","Capacitor"],"picked":"Singing Bowl","floor":11},{"not_picked":["Stack","Streamline"],"picked":"Conserve Battery","floor":12},{"not_picked":["Hologram","Barrage","Compile Driver"],"picked":"Singing Bowl","floor":13},{"not_picked":["Go for the Eyes","Darkness"],"picked":"Sweeping Beam","floor":15},{"not_picked":["Thunder Strike","Biased Cognition"],"picked":"Electrodynamics","floor":16},{"not_picked":["Steam","BootSequence"],"picked":"Conserve Battery","floor":18},{"not_picked":["Steam+1","Heatsinks+1","Barrage"],"picked":"Singing Bowl","floor":21},{"not_picked":["Leap","Rebound","Rip and Tear"],"picked":"Singing Bowl","floor":22},{"not_picked":["Double Energy","Undo","Loop"],"picked":"Singing Bowl","floor":24},{"not_picked":["Streamline+1","Sweeping Beam","Redo+1"],"picked":"Singing Bowl","floor":25},{"not_picked":["Undo","Melter+1"],"picked":"Leap","floor":27},{"not_picked":["Melter+1","Go for the Eyes","Reboot"],"picked":"Singing Bowl","floor":28},{"not_picked":["Stack","Sweeping Beam","Coolheaded"],"picked":"Singing Bowl","floor":29},{"not_picked":["Storm+1","Cold Snap+1"],"picked":"Leap+1","floor":30},{"not_picked":["Aggregate","Hologram"],"picked":"Sweeping Beam","floor":31},{"not_picked":["Stack","Streamline"],"picked":"Gash","floor":32},{"not_picked":["Seek","Amplify"],"picked":"Thunder Strike","floor":33},{"not_picked":["Streamline","Steam Power"],"picked":"Leap+1","floor":35},{"not_picked":["Coolheaded","Steam+1"],"picked":"Ball Lightning+1","floor":36},{"not_picked":["Steam","Coolheaded"],"picked":"Conserve Battery+1","floor":37},{"not_picked":["Cold Snap","Ball Lightning","White Noise"],"picked":"Singing Bowl","floor":38},{"not_picked":["Coolheaded","Turbo+1"],"picked":"Auto Shields+1","floor":40},{"not_picked":["Coolheaded+1","Static Discharge+1","Skim"],"picked":"Singing Bowl","floor":41},{"not_picked":["Hello World","Fusion","Hyperbeam"],"picked":"Singing Bowl","floor":42}],"player_experience":150604,"relics_obtained":[{"floor":6,"key":"Dream Catcher"},{"floor":9,"key":"Singing Bowl"},{"floor":24,"key":"Unceasing Top"},{"floor":26,"key":"Regal Pillow"},{"floor":27,"key":"Bag of Preparation"},{"floor":40,"key":"Ornamental Fan"},{"floor":42,"key":"Orichalcum"},{"floor":43,"key":"Potion Belt"}],"event_choices":[{"damage_healed":0,"gold_gain":0,"cards_transformed":["Strike_B"],"player_choice":"Change","damage_taken":0,"max_hp_gain":0,"max_hp_loss":0,"event_name":"Living Wall","floor":2,"gold_loss":0,"cards_obtained":["FTL"]},{"damage_healed":0,"gold_gain":0,"player_choice":"Entered Light","damage_taken":15,"max_hp_gain":0,"max_hp_loss":0,"event_name":"Shining Light","floor":3,"gold_loss":0,"cards_upgraded":["Zap","Defend_B"]},{"damage_healed":0,"gold_gain":0,"player_choice":"Box","damage_taken":0,"relics_obtained":["Blue Candle"],"max_hp_gain":0,"max_hp_loss":0,"event_name":"Big Fish","floor":4,"gold_loss":0,"cards_obtained":["Regret"]},{"damage_healed":0,"gold_gain":0,"player_choice":"Ignored","damage_taken":0,"max_hp_gain":0,"max_hp_loss":0,"event_name":"Ghosts","floor":19,"gold_loss":0}],"is_beta":false,"boss_relics":[{"not_picked":["Fusion Hammer","Cursed Key"],"picked":"Sozu"},{"not_picked":["Busted Crown","Nuclear Battery"],"picked":"Lizard Tail"}],"items_purged_floors":[7,14,20,39],"is_endless":false,"potions_floor_spawned":[6,10,13,21,22,29,36,37,38,40],"killed_by":"Writhing Mass","ascension_level":4}