{"path_per_floor":["M","$","?","$","?","E","?","R","T","M","?","?","M","$","R","B",null,"M","T","?","?","$","R","M","R","T","R","M","R","M","M","R"],"character_chosen":"IRONCLAD","items_purchased":["Flex","Whirlwind"],"gold_per_floor":[117,15,15,15,90,120,120,120,120,139,139,314,324,189,189,265,265,280,334,249,249,124,124,136,136,136,136,146,146,159,176,176,176],"floor_reached":33,"campfire_rested":1,"playtime":1320,"current_hp_per_floor":[71,71,71,71,60,39,39,39,39,49,49,49,49,49,49,48,72,76,76,76,76,76,76,70,70,70,70,54,54,38,25,49,0],"items_purged":["Strike_R","Doubt","Strike_R"],"gold":176,"score":398,"play_id":"793a7f73-a5ef-413c-b385-5c9af5f7d224","local_time":"20180508182847","is_prod":false,"is_daily":false,"chose_seed":false,"is_ascension_mode":true,"campfire_upgraded":1,"timestamp":1525800527,"path_taken":["M","$","?","?","?","E","?","R","T","M","?","?","M","?","R","BOSS","M","?","?","?","$","R","?","R","T","R","M","R","M","?","R","BOSS"],"build_version":"2018-05-03","seed_source_timestamp":242937866265090,"purchased_purges":4,"victory":false,"master_deck":["Strike_R","Strike_R","Defend_R","Defend_R","Defend_R","Defend_R","Bash+1","AscendersBane","Shrug It Off","Flex","Bash","Bandage Up","Dropkick","Whirlwind+1","Bludgeon","Whirlwind+1","Flex","Armaments+1"],"max_hp_per_floor":[80,80,80,80,80,80,80,80,80,80,80,80,80,80,80,80,80,80,80,80,80,80,80,80,80,80,80,80,80,80,80,80,80],"relics":["Burning Blood","Pen Nib","Shovel","Pantograph","Happy Flower","Black Star","Bag of Preparation","Meat on the Bone","Bronze Scales","Bird Faced Urn","The Courier","Prayer Wheel","Mercury Hourglass"],"card_choices":[{"not_picked":["Cleave","Evolve"],"picked":"Shrug It Off","floor":1},{"not_picked":["Body Slam","Flex"],"picked":"Dropkick","floor":10},{"not_picked":["Berserk","Exhume"],"picked":"Bludgeon","floor":16},{"not_picked":["Warcry","Blood for Blood"],"picked":"Flex","floor":28},{"not_picked":["Blood for Blood","Heavy Blade"],"picked":"Armaments","floor":30}],"player_experience":240522,"potions_floor_usage":[30,31,33,33],"damage_taken":[{"damage":7,"enemies":"Jaw Worm","floor":1,"turns":4},{"damage":27,"enemies":"Lagavulin","floor":6,"turns":5},{"damage":0,"enemies":"Cultist","floor":10,"turns":3},{"damage":10,"enemies":"Small Slimes","floor":13,"turns":4},{"damage":36,"enemies":"Slime Boss","floor":16,"turns":9},{"damage":6,"enemies":"3 Byrds","floor":18,"turns":5},{"damage":16,"enemies":"Shell Parasite","floor":24,"turns":3},{"damage":26,"enemies":"Snake Plant","floor":28,"turns":3},{"damage":50,"enemies":"Slaver and Parasite","floor":30,"turns":4},{"damage":35,"enemies":"Cultist and Chosen","floor":31,"turns":4},{"damage":82,"enemies":"Champ","floor":33,"turns":8}],"event_choices":[{"event_name":"Upgrade Shrine","player_choice":"Upgraded","floor":3,"damage_taken":0},{"event_name":"World of Goop","player_choice":"Gather Gold","floor":5,"damage_taken":0},{"event_name":"Match and Keep!","player_choice":"2 cards matched","floor":7,"damage_taken":0},{"event_name":"Living Wall","player_choice":"Forget","floor":11,"damage_taken":0},{"event_name":"Liars Game","player_choice":"agreed","floor":12,"damage_taken":0},{"event_name":"Addict","player_choice":"Obtained Relic","floor":20,"damage_taken":0},{"event_name":"Duplicator","player_choice":"One dupe","floor":21,"damage_taken":0}],"boss_relics":[{"not_picked":["Lizard Tail","Pandora\u0027s Box"],"picked":"Black Star"}],"potions_floor_spawned":[10,13,16,18,30],"seed_played":"475898525868835466","killed_by":"Champ","ascension_level":13,"is_trial":false}