{"gold_per_floor":[112,187,362,362,31,59,59,100,179,217,236,257,70,134,134,260,260,280,280,298,196,196,196,237,237,237,253,291,94,94],"floor_reached":30,"playtime":1209,"items_purged":["Doubt"],"score":432,"play_id":"bfa738c9-1f7e-45bf-a18b-6fc0695b6832","local_time":"20180818200904","is_ascension_mode":true,"campfire_choices":[{"floor":15,"key":"REST"},{"data":"Machine Learning","floor":23,"key":"SMITH"},{"floor":25,"key":"REST"}],"neow_cost":"NONE","seed_source_timestamp":185006816837389,"circlet_count":0,"master_deck":["Strike_B+1","Strike_B+1","Strike_B+1","Strike_B+1","Defend_B+1","Defend_B+1","Defend_B+1","Defend_B+1","Zap","Dualcast","Ball Lightning","Reinforced Body","All For One","Machine Learning+1","Redo+1","White Noise+1","Defragment","Turbo+1","Bandage Up+1","Steam+1","Echo Form","Redo+1","Go for the Eyes","Go for the Eyes","Capacitor","Necronomicurse","Heatsinks","Defragment","Apotheosis+1"],"relics":["Cracked Core","NeowsBlessing","Blue Candle","Mummified Hand","Thread and Needle","Golden Idol","Potion Belt","Toxic Egg 2","Ornamental Fan","Cables","Snecko Eye","Necronomicon","Girya","Kunai","Symbiotic Virus"],"potions_floor_usage":[14,14,20,24,27],"damage_taken":[{"damage":0,"enemies":"2 Louse","floor":1,"turns":1},{"damage":0,"enemies":"Gremlin Nob","floor":6,"turns":1},{"damage":0,"enemies":"Lagavulin","floor":8,"turns":1},{"damage":27,"enemies":"3 Sentries","floor":10,"turns":7},{"damage":0,"enemies":"Jaw Worm","floor":11,"turns":2},{"damage":0,"enemies":"Small Slimes","floor":12,"turns":2},{"damage":23,"enemies":"3 Sentries","floor":14,"turns":7},{"damage":21,"enemies":"The Guardian","floor":16,"turns":9},{"damage":4,"enemies":"Chosen","floor":18,"turns":4},{"damage":0,"enemies":"Shell Parasite","floor":20,"turns":3},{"damage":32,"enemies":"Slavers","floor":24,"turns":6},{"damage":12,"enemies":"Shelled Parasite and Fungi","floor":27,"turns":6},{"damage":46,"enemies":"Book of Stabbing","floor":28,"turns":6},{"damage":25,"enemies":"Slavers","floor":30,"turns":2}],"seed_played":"-7414687481461507227","potions_obtained":[{"floor":10,"key":"GamblersBrew"},{"floor":11,"key":"Fruit Juice"},{"floor":14,"key":"Energy Potion"},{"floor":20,"key":"Block Potion"},{"floor":24,"key":"Explosive Potion"}],"is_trial":false,"path_per_floor":["M","?","?","T","$","E","?","E","T","E","M","M","$","?","R","B",null,"M","?","M","$","?","R","E","R","T","M","E","$"],"character_chosen":"DEFECT","items_purchased":["Mummified Hand","Defragment","Turbo+1","Bandage Up+1","Go for the Eyes","Capacitor","Apotheosis+1"],"campfire_rested":2,"item_purchase_floors":[5,13,13,13,21,21,29],"current_hp_per_floor":[68,57,57,57,57,57,57,57,57,30,30,30,30,25,47,32,64,66,66,72,72,56,56,36,58,58,52,19,19,0],"gold":94,"neow_bonus":"THREE_ENEMY_KILL","is_prod":false,"is_daily":false,"chose_seed":false,"campfire_upgraded":1,"win_rate":0,"timestamp":1534644544,"path_taken":["M","?","?","?","$","E","?","E","T","E","M","?","$","?","R","BOSS","M","?","M","$","?","R","E","R","T","?","E","$","E"],"build_version":"2018-08-16","purchased_purges":1,"victory":false,"max_hp_per_floor":[75,75,75,75,75,75,69,69,69,69,69,69,69,74,74,74,74,74,74,74,74,74,74,74,74,74,74,74,74,74],"card_choices":[{"not_picked":["Compile Driver","Turbo"],"picked":"Ball Lightning","floor":1},{"not_picked":["Coolheaded","Compile Driver"],"picked":"Reinforced Body","floor":6},{"not_picked":["Glacier","Redo"],"picked":"All For One","floor":8},{"not_picked":["Chaos+1","Capacitor"],"picked":"Machine Learning","floor":10},{"not_picked":["Streamline","Cold Snap"],"picked":"Redo+1","floor":11},{"not_picked":["Leap+1","Turbo+1"],"picked":"White Noise+1","floor":12},{"not_picked":["Undo+1","Turbo+1"],"picked":"Steam+1","floor":14},{"not_picked":["Seek+1","Reboot+1"],"picked":"Echo Form","floor":16},{"not_picked":["Turbo+1","Sweeping Beam"],"picked":"Redo+1","floor":18},{"not_picked":["Ball Lightning","Gash"],"picked":"Go for the Eyes","floor":20},{"not_picked":["Multi-Cast+1","Hyperbeam"],"picked":"Heatsinks","floor":24},{"not_picked":["Gash","Barrage","Loop"],"picked":"SKIP","floor":27},{"not_picked":["Skim+1","Hello World"],"picked":"Defragment","floor":28}],"player_experience":487145,"relics_obtained":[{"floor":4,"key":"Blue Candle"},{"floor":6,"key":"Thread and Needle"},{"floor":8,"key":"Potion Belt"},{"floor":9,"key":"Toxic Egg 2"},{"floor":10,"key":"Ornamental Fan"},{"floor":14,"key":"Cables"},{"floor":22,"key":"Necronomicon"},{"floor":24,"key":"Girya"},{"floor":26,"key":"Kunai"},{"floor":28,"key":"Symbiotic Virus"}],"event_choices":[{"event_name":"World of Goop","player_choice":"Gather Gold","floor":2,"damage_taken":0},{"event_name":"Liars Game","player_choice":"agreed","floor":3,"damage_taken":0},{"event_name":"Golden Idol","player_choice":"Lose Max HP","floor":7,"damage_taken":0},{"event_name":"Dead Adventurer","player_choice":"Searched \u00273\u0027 times","floor":14,"damage_taken":0},{"event_name":"Back to Basics","player_choice":"Simplicity","floor":19,"damage_taken":0},{"event_name":"Cursed Tome","player_choice":"Obtained Book","floor":22,"damage_taken":0}],"is_beta":true,"boss_relics":[{"not_picked":["Eternal Feather","Coffee Dripper"],"picked":"Snecko Eye"}],"items_purged_floors":[5],"is_endless":false,"potions_floor_spawned":[10,11,14,20,24],"killed_by":"Slavers","ascension_level":6}