{"gold_per_floor":[115,128,128,128,145,145,176,194,220,251,251,283,301,334,334,435,435,446,361,361,120,138,173,192,220,220,231,231,241,274,294,294,392,392,410,423,66,85,96,127,127,127,151,176,187,187,207,226,226,226],"floor_reached":50,"playtime":2879,"items_purged":[],"score":889,"play_id":"82455147-91d7-4856-ab88-3ef4dc2c6bf2","local_time":"20190112021013","is_ascension_mode":true,"campfire_choices":[{"data":"Redo","floor":6,"key":"SMITH"},{"data":"Conserve Battery","floor":11,"key":"SMITH"},{"floor":15,"key":"REST"},{"data":"Reboot","floor":28,"key":"SMITH"},{"floor":32,"key":"REST"},{"floor":42,"key":"REST"},{"floor":46,"key":"REST"},{"floor":49,"key":"REST"}],"neow_cost":"NONE","seed_source_timestamp":1498420795953875,"circlet_count":0,"master_deck":["Strike_B+1","Strike_B+1","Strike_B+1","Defend_B+1","Defend_B+1","Defend_B+1","Defend_B+1","Zap","Dualcast","Reboot+1","Redo+1","Ball Lightning+1","Conserve Battery+1","Auto Shields","Undo","Hologram","Hologram","Conserve Battery","BootSequence","Go for the Eyes+1","Rebound","Steam","Auto Shields+1","Lockon+1","Leap+1","Rip and Tear+1","Conserve Battery+1","Ball Lightning+1","Reboot+1","Beam Cell+1","Seek+1","Stack+1","Zap+1","Hologram+1","Leap+1","Consume+1","Redo+1"],"relics":["Cracked Core","DataDisk","PreservedInsect","Orichalcum","Darkstone Periapt","Whetstone","Sozu","Strawberry","Cables","WingedGreaves","Pantograph","Mercury Hourglass","Toxic Egg 2","Black Star","Anchor","Turnip","Blood Vial","Dream Catcher","Pear","Molten Egg 2"],"potions_floor_usage":[25,50],"damage_taken":[{"damage":7,"enemies":"Jaw Worm","floor":1,"turns":3},{"damage":9,"enemies":"2 Louse","floor":2,"turns":2},{"damage":0,"enemies":"Cultist","floor":5,"turns":2},{"damage":18,"enemies":"3 Sentries","floor":7,"turns":7},{"damage":0,"enemies":"Looter","floor":8,"turns":2},{"damage":4,"enemies":"Lagavulin","floor":10,"turns":4},{"damage":0,"enemies":"Gremlin Nob","floor":12,"turns":3},{"damage":0,"enemies":"2 Fungi Beasts","floor":13,"turns":2},{"damage":0,"enemies":"Lagavulin","floor":14,"turns":5},{"damage":25,"enemies":"Slime Boss","floor":16,"turns":9},{"damage":2,"enemies":"Shell Parasite","floor":18,"turns":5},{"damage":0,"enemies":"2 Thieves","floor":22,"turns":3},{"damage":13,"enemies":"Book of Stabbing","floor":23,"turns":4},{"damage":0,"enemies":"Chosen and Byrds","floor":24,"turns":4},{"damage":16,"enemies":"Gremlin Leader","floor":25,"turns":10},{"damage":5,"enemies":"Snake Plant","floor":27,"turns":3},{"damage":0,"enemies":"Centurion and Healer","floor":29,"turns":5},{"damage":0,"enemies":"Book of Stabbing","floor":30,"turns":3},{"damage":0,"enemies":"Cultist and Chosen","floor":31,"turns":4},{"damage":54,"enemies":"Collector","floor":33,"turns":12},{"damage":7,"enemies":"3 Darklings","floor":35,"turns":4},{"damage":0,"enemies":"3 Shapes","floor":36,"turns":3},{"damage":16,"enemies":"Sphere and 2 Shapes","floor":38,"turns":6},{"damage":15,"enemies":"Writhing Mass","floor":39,"turns":5},{"damage":20,"enemies":"Reptomancer","floor":40,"turns":7},{"damage":20,"enemies":"Giant Head","floor":44,"turns":8},{"damage":0,"enemies":"Maw","floor":45,"turns":6},{"damage":0,"enemies":"4 Shapes","floor":47,"turns":5},{"damage":13,"enemies":"Jaw Worm Horde","floor":48,"turns":4},{"damage":123,"enemies":"Time Eater","floor":50,"turns":12}],"seed_played":"4658883065626112925","potions_obtained":[{"floor":2,"key":"FairyPotion"},{"floor":7,"key":"SkillPotion"},{"floor":10,"key":"EssenceOfSteel"}],"is_trial":false,"path_per_floor":["M","M","?","?","M","R","E","M","T","E","R","E","M","E","R","B",null,"M","?","?","$","M","E","M","E","T","M","R","M","E","M","R","B",null,"M","M","$","M","M","E","?","R","T","E","M","R","M","M","R","B"],"character_chosen":"DEFECT","items_purchased":["Cables","Anchor","Seek+1","Stack+1"],"campfire_rested":5,"item_purchase_floors":[21,37,37,37],"current_hp_per_floor":[68,59,44,44,44,44,26,26,26,22,22,22,22,22,44,19,61,59,66,66,66,66,53,53,37,37,32,32,32,32,32,56,27,68,61,61,61,45,30,10,10,34,34,26,28,55,57,46,73,0],"gold":226,"neow_bonus":"ONE_RANDOM_RARE_CARD","is_prod":false,"is_daily":false,"chose_seed":false,"campfire_upgraded":3,"win_rate":0,"timestamp":1547259013,"path_taken":["M","M","?","?","M","R","E","M","T","E","R","E","M","E","R","BOSS","M","?","?","$","M","E","M","E","T","M","R","M","E","M","R","BOSS","M","M","$","M","M","E","?","R","T","E","?","R","M","M","R","BOSS"],"build_version":"2019-01-10","purchased_purges":0,"victory":false,"max_hp_per_floor":[75,75,75,75,75,75,75,75,75,75,75,75,75,75,75,75,75,75,82,82,82,82,82,82,82,82,82,82,82,82,82,82,82,82,82,82,82,82,82,82,82,82,82,92,92,92,92,92,92,92],"card_choices":[{"not_picked":["Turbo","Go for the Eyes"],"picked":"Redo","floor":1},{"not_picked":["Stack","Sweeping Beam"],"picked":"Ball Lightning","floor":2},{"not_picked":["Compile Driver","Barrage"],"picked":"Conserve Battery","floor":5},{"not_picked":["Darkness","Fusion"],"picked":"Auto Shields","floor":7},{"not_picked":["Steam","Gash"],"picked":"Undo","floor":8},{"not_picked":["Beam Cell","Undo"],"picked":"Hologram","floor":10},{"not_picked":["Glacier","Chaos"],"picked":"Hologram","floor":12},{"not_picked":["Hologram","Core Surge"],"picked":"Conserve Battery","floor":13},{"not_picked":["Stack","Coolheaded"],"picked":"BootSequence","floor":14},{"not_picked":["Static Discharge","Cold Snap+1"],"picked":"Go for the Eyes+1","floor":18},{"not_picked":["Hologram","Gash+1"],"picked":"Rebound","floor":22},{"not_picked":["Glacier","Rebound"],"picked":"Steam","floor":23},{"not_picked":["Recycle","BootSequence"],"picked":"Auto Shields+1","floor":24},{"not_picked":["Auto Shields","Leap+1"],"picked":"Lockon+1","floor":25},{"not_picked":["Biased Cognition","Heatsinks"],"picked":"Leap+1","floor":27},{"not_picked":["Cold Snap","Capacitor+1"],"picked":"Rip and Tear+1","floor":29},{"not_picked":["Consume","Hyperbeam"],"picked":"Conserve Battery","floor":30},{"not_picked":["Turbo+1","Blizzard"],"picked":"Ball Lightning+1","floor":31},{"not_picked":["Biased Cognition","Amplify+1"],"picked":"Reboot+1","floor":33},{"not_picked":["Turbo+1","Coolheaded+1"],"picked":"Beam Cell+1","floor":35},{"not_picked":["Rebound","Streamline+1","Genetic Algorithm+1"],"picked":"SKIP","floor":36},{"not_picked":["Rip and Tear+1","Streamline","Fusion+1"],"picked":"SKIP","floor":38},{"not_picked":["Self Repair","Go for the Eyes+1","Scrape"],"picked":"SKIP","floor":39},{"not_picked":["Biased Cognition","Turbo+1","Gash"],"picked":"SKIP","floor":40},{"not_picked":["Go for the Eyes+1","Darkness+1"],"picked":"Hologram+1","floor":44},{"not_picked":["Coolheaded+1","Barrage+1"],"picked":"Leap+1","floor":45},{"not_picked":["Steam+1","Beam Cell+1"],"picked":"Consume+1","floor":46},{"not_picked":["Glacier+1","Gash+1","Streamline+1"],"picked":"SKIP","floor":47},{"not_picked":["Sweeping Beam+1","Gash+1","Cold Snap+1"],"picked":"SKIP","floor":48},{"not_picked":["Core Surge+1","Gash+1"],"picked":"Redo+1","floor":49}],"player_experience":194650,"relics_obtained":[{"floor":7,"key":"DataDisk"},{"floor":9,"key":"PreservedInsect"},{"floor":10,"key":"Orichalcum"},{"floor":12,"key":"Darkstone Periapt"},{"floor":14,"key":"Whetstone"},{"floor":23,"key":"WingedGreaves"},{"floor":25,"key":"Pantograph"},{"floor":26,"key":"Mercury Hourglass"},{"floor":30,"key":"Toxic Egg 2"},{"floor":40,"key":"Turnip"},{"floor":40,"key":"Blood Vial"},{"floor":43,"key":"Dream Catcher"},{"floor":44,"key":"Pear"},{"floor":44,"key":"Molten Egg 2"}],"event_choices":[{"damage_healed":0,"gold_gain":0,"player_choice":"Entered Light","damage_taken":15,"max_hp_gain":0,"max_hp_loss":0,"event_name":"Shining Light","floor":3,"gold_loss":0,"cards_upgraded":["Strike_B","Defend_B"]},{"cards_removed":["Strike_B"],"damage_healed":0,"gold_gain":0,"player_choice":"Purged","damage_taken":0,"max_hp_gain":0,"max_hp_loss":0,"event_name":"Purifier","floor":4,"gold_loss":0},{"damage_healed":0,"gold_gain":0,"player_choice":"Obtained Relic","damage_taken":0,"relics_obtained":["Strawberry"],"max_hp_gain":0,"max_hp_loss":0,"event_name":"Addict","floor":19,"gold_loss":85},{"damage_healed":0,"gold_gain":0,"player_choice":"Simplicity","damage_taken":0,"max_hp_gain":0,"max_hp_loss":0,"event_name":"Back to Basics","floor":20,"gold_loss":0,"cards_upgraded":["Strike_B","Defend_B","Defend_B","Defend_B"]},{"damage_healed":0,"gold_gain":0,"player_choice":"1 cards matched","damage_taken":0,"max_hp_gain":0,"max_hp_loss":0,"event_name":"Match and Keep!","floor":41,"gold_loss":0,"cards_obtained":["Zap"]}],"is_beta":false,"boss_relics":[{"not_picked":["Inserter","Empty Cage"],"picked":"Sozu"},{"not_picked":["White Beast Statue","Nuclear Battery"],"picked":"Black Star"}],"items_purged_floors":[],"is_endless":false,"potions_floor_spawned":[2,7,10,14,16,23,27,29,31,44,45,48],"killed_by":"Time Eater","ascension_level":5}