{"gold_per_floor":[114,189,189,239,16,44,44,73,123,134,144,144,169,199,211,318,330,355,380,411,523,551,563,588,631,643,655],"floor_reached":27,"playtime":1852,"items_purged":["Strike_B"],"score":439,"play_id":"891cefe7-8f36-46f8-8df8-7a33c277e30a","local_time":"20190423093251","is_ascension_mode":true,"campfire_choices":[{"data":"Zap","floor":7,"key":"SMITH"},{"data":"Coolheaded","floor":12,"key":"SMITH"},{"data":"Darkness","floor":15,"key":"SMITH"},{"data":"Biased Cognition","floor":23,"key":"SMITH"}],"neow_cost":"NONE","seed_source_timestamp":1031073083697102,"circlet_count":0,"master_deck":["Strike_B","Strike_B+1","Strike_B","Defend_B","Defend_B+1","Defend_B","Defend_B","Zap+1","Dualcast","Sunder","Chill","Sweeping Beam","Darkness+1","Coolheaded+1","Biased Cognition+1","Conserve Battery","Echo Form","Redo+1","Coolheaded","Compile Driver","Seek"],"relics":["Cracked Core","NeowsBlessing","Happy Flower","Vajra","Shuriken","Omamori","MawBank","Velvet Choker","Girya","Kunai","Bag of Preparation","Mercury Hourglass"],"potions_floor_usage":[13,24],"damage_taken":[{"damage":0,"enemies":"2 Louse","floor":1,"turns":1},{"damage":0,"enemies":"3 Sentries","floor":6,"turns":1},{"damage":0,"enemies":"Gremlin Nob","floor":8,"turns":1},{"damage":0,"enemies":"Jaw Worm","floor":10,"turns":2},{"damage":0,"enemies":"Small Slimes","floor":11,"turns":2},{"damage":15,"enemies":"Lagavulin","floor":13,"turns":6},{"damage":0,"enemies":"Exordium Wildlife","floor":14,"turns":2},{"damage":3,"enemies":"Hexaghost","floor":16,"turns":9},{"damage":1,"enemies":"Chosen","floor":18,"turns":4},{"damage":0,"enemies":"Spheric Guardian","floor":19,"turns":3},{"damage":2,"enemies":"Snecko","floor":20,"turns":4},{"damage":9,"enemies":"Colosseum Slavers","floor":21,"turns":4},{"damage":19,"enemies":"Colosseum Nobs","floor":21,"turns":4},{"damage":0,"enemies":"3 Cultists","floor":22,"turns":4},{"damage":12,"enemies":"Snake Plant","floor":24,"turns":5},{"damage":10,"enemies":"Gremlin Leader","floor":25,"turns":6},{"damage":13,"enemies":"Book of Stabbing","floor":27,"turns":3}],"seed_played":"-5421125548108522938","potions_obtained":[{"floor":1,"key":"Regen Potion"},{"floor":11,"key":"GamblersBrew"},{"floor":14,"key":"Strength Potion"},{"floor":18,"key":"SteroidPotion"},{"floor":19,"key":"Dexterity Potion"},{"floor":25,"key":"GamblersBrew"}],"is_trial":false,"path_per_floor":["M","?","?","T","$","E","R","E","T","M","M","R","E","M","R","B",null,"M","M","M","?","M","R","M","E","T","E"],"character_chosen":"DEFECT","items_purchased":["Sunder","Chill"],"campfire_rested":0,"item_purchase_floors":[5,5],"current_hp_per_floor":[68,57,42,42,42,42,42,42,42,42,42,42,39,39,39,36,65,64,64,62,34,34,34,22,12,12,0],"gold":655,"neow_bonus":"THREE_ENEMY_KILL","is_prod":false,"is_daily":false,"chose_seed":false,"campfire_upgraded":4,"win_rate":0,"timestamp":1556029971,"path_taken":["M","?","?","?","?","E","R","E","T","M","M","R","E","M","R","BOSS","M","M","M","?","M","R","M","E","T","E"],"build_version":"2019-01-23","purchased_purges":1,"victory":false,"max_hp_per_floor":[75,75,75,75,75,75,75,75,75,75,75,75,75,75,75,75,75,75,75,75,75,75,75,75,75,75,75],"card_choices":[{"not_picked":["Loop","Hello World","Coolheaded"],"picked":"SKIP","floor":1},{"not_picked":["Barrage","Glacier"],"picked":"Sweeping Beam","floor":6},{"not_picked":["White Noise","Tempest"],"picked":"Darkness","floor":8},{"not_picked":["Turbo","Streamline"],"picked":"Coolheaded","floor":10},{"not_picked":["Barrage","Sweeping Beam"],"picked":"Biased Cognition","floor":11},{"not_picked":["Buffer","Beam Cell"],"picked":"Conserve Battery","floor":13},{"not_picked":["Barrage","Sweeping Beam","Turbo"],"picked":"SKIP","floor":14},{"not_picked":["Fission","Thunder Strike"],"picked":"Echo Form","floor":16},{"not_picked":["Turbo","FTL"],"picked":"Redo+1","floor":18},{"not_picked":["Beam Cell","Steam"],"picked":"Coolheaded","floor":19},{"not_picked":["Rebound","Turbo","Leap"],"picked":"SKIP","floor":20},{"not_picked":["Stack","Beam Cell+1"],"picked":"Compile Driver","floor":21},{"not_picked":["Leap","Consume","Streamline+1"],"picked":"SKIP","floor":22},{"not_picked":["Reinforced Body","Coolheaded"],"picked":"Seek","floor":24},{"not_picked":["Steam","Steam Power+1","Darkness"],"picked":"SKIP","floor":25}],"player_experience":647953,"relics_obtained":[{"floor":4,"key":"Happy Flower"},{"floor":6,"key":"Vajra"},{"floor":8,"key":"Shuriken"},{"floor":9,"key":"Omamori"},{"floor":13,"key":"MawBank"},{"floor":21,"key":"Girya"},{"floor":21,"key":"Kunai"},{"floor":25,"key":"Bag of Preparation"},{"floor":26,"key":"Mercury Hourglass"}],"event_choices":[{"damage_healed":0,"gold_gain":75,"player_choice":"Gather Gold","damage_taken":11,"max_hp_gain":0,"max_hp_loss":0,"event_name":"World of Goop","floor":2,"gold_loss":0},{"damage_healed":0,"gold_gain":0,"player_choice":"Entered Light","damage_taken":15,"max_hp_gain":0,"max_hp_loss":0,"event_name":"Shining Light","floor":3,"gold_loss":0,"cards_upgraded":["Defend_B","Strike_B"]},{"damage_healed":0,"gold_gain":0,"player_choice":"Fight","damage_taken":0,"max_hp_gain":0,"max_hp_loss":0,"event_name":"Colosseum","floor":21,"gold_loss":0},{"damage_healed":0,"gold_gain":0,"player_choice":"Fought Nobs","damage_taken":0,"max_hp_gain":0,"max_hp_loss":0,"event_name":"Colosseum","floor":21,"gold_loss":0}],"is_beta":false,"boss_relics":[{"not_picked":["Empty Cage","White Beast Statue"],"picked":"Velvet Choker"}],"items_purged_floors":[5],"is_endless":false,"potions_floor_spawned":[1,11,14,18,19,22,25],"killed_by":"Book of Stabbing","ascension_level":9}