{"path_per_floor":["M","?","M","M","?","R","M","R","T","?","M","E","M","M","R","B",null,"M","$","M","M","?","E","R","M","T","R","E","R","?","$","R","B",null,"M","M","?","?","$","E"],"character_chosen":"THE_SILENT","items_purchased":["Gremlin Horn","Caltrops","Calipers"],"gold_per_floor":[112,112,128,138,138,138,154,154,154,183,196,230,241,256,256,353,353,370,40,42,54,54,88,88,105,105,105,130,130,220,45,45,143,443,460,478,478,478,46,71],"floor_reached":41,"campfire_rested":2,"playtime":4828,"current_hp_per_floor":[70,70,70,70,56,56,56,56,56,56,55,47,47,47,47,26,70,70,70,68,49,49,20,41,25,25,46,46,46,32,32,32,37,70,57,54,44,44,44,17],"items_purged":["Catalyst","Strike_G","Injury"],"gold":71,"play_id":"326927f6-2292-487e-9366-3d05dc8faccd","is_prod":false,"is_daily":false,"campfire_rituals":0,"campfire_upgraded":5,"is_hardmode":false,"path_taken":["M","?","?","M","?","R","M","R","T","?","M","E","M","?","R","BOSS","M","$","M","M","?","E","R","?","T","R","E","R","?","$","R","BOSS","M","M","?","?","$","E","M"],"build_version":"2018-01-05-BETA1","purchased_purges":3,"victory":false,"master_deck":["Defend_G","Defend_G","Defend_G","Defend_G","Defend_G","Strike_G","Strike_G","Strike_G","Survivor","Neutralize","After Image","Die Die Die","Dagger Spray","PiercingWail","Cloak And Dagger","Blade Dance","After Image","Cloak And Dagger","Footwork","A Thousand Cuts","Prepared","A Thousand Cuts","Cloak And Dagger","Dagger Spray","Underhanded Strike","Bullet Time","Caltrops","Slice","Caltrops","Burst","Finisher","Infinite Blades","Madness","Madness","Well Laid Plans"],"max_hp_per_floor":[70,70,70,70,70,70,70,70,70,70,70,70,70,70,70,70,70,70,70,70,70,70,70,70,70,70,70,70,70,70,70,70,70,70,70,70,70,70,70,70],"relics":["Ring of the Snake","Lantern","Molten Egg","Odd Mushroom","Omamori","Orrery","Gremlin Horn","Orichalcum","Ice Cream","Pantograph","Calling Bell","Mummified Hand","Old Coin","Singing Bowl","Calipers","Matryoshka"],"campfire_meditates":0,"card_choices":[{"not_picked":["Expertise","Reflex"],"picked":"Die Die Die"},{"not_picked":["Crippling Poison","Calculated Gamble"],"picked":"Dagger Spray"},{"not_picked":["Predator","Outmaneuver"],"picked":"Catalyst"},{"not_picked":["Skewer","Sucker Punch"],"picked":"PiercingWail"},{"not_picked":["Dagger Throw","Reflex"],"picked":"Cloak And Dagger"},{"not_picked":["PiercingWail","Backflip"],"picked":"Blade Dance"},{"not_picked":["Riddle With Holes","Dagger Spray"],"picked":"After Image"},{"not_picked":["Dagger Throw","Dagger Spray"],"picked":"Cloak And Dagger"},{"not_picked":["Catalyst","Bane"],"picked":"Footwork"},{"not_picked":["Corpse Explosion","Phantasmal Killer"],"picked":"A Thousand Cuts"},{"not_picked":["Eviscerate","Slice"],"picked":"Prepared"},{"not_picked":["Masterful Stab","Dagger Spray"],"picked":"A Thousand Cuts"},{"not_picked":["Eviscerate","Calculated Gamble"],"picked":"Cloak And Dagger"},{"not_picked":["Sucker Punch","Slice"],"picked":"Dagger Spray"},{"not_picked":["Riddle With Holes","All Out Attack"],"picked":"Bullet Time"},{"not_picked":["Dodge and Roll","Dagger Throw"],"picked":"Caltrops"},{"not_picked":["Masterful Stab","Acrobatics"],"picked":"Slice"},{"not_picked":["Glass Knife","Unload"],"picked":"Burst"},{"not_picked":["Blade Dance","All Out Attack"],"picked":"Finisher"},{"not_picked":["Dagger Throw","Poisoned Stab"],"picked":"Infinite Blades"},{"not_picked":["Deadly Poison","Malaise"],"picked":"Well Laid Plans"}],"player_experience":96226,"potions_floor_usage":[12,16,18,23,33,33,40,40],"damage_taken":[{"damage":0,"enemies":"Blue Slaver","floor":1,"turns":7},{"damage":0,"enemies":"2 Louse","floor":3,"turns":2},{"damage":0,"enemies":"Cultist","floor":4,"turns":3},{"damage":0,"enemies":"Looter","floor":7,"turns":3},{"damage":0,"enemies":"The Mushroom Lair","floor":10,"turns":3},{"damage":1,"enemies":"Exordium Wildlife","floor":11,"turns":4},{"damage":8,"enemies":"Lagavulin","floor":12,"turns":9},{"damage":0,"enemies":"2 Fungi Beasts","floor":13,"turns":3},{"damage":0,"enemies":"Large Slime","floor":14,"turns":4},{"damage":21,"enemies":"Slime Boss","floor":16,"turns":17},{"damage":0,"enemies":"Shell Parasite","floor":18,"turns":7},{"damage":2,"enemies":"2 Thieves","floor":20,"turns":4},{"damage":19,"enemies":"Slaver and Parasite","floor":21,"turns":10},{"damage":29,"enemies":"Slavers","floor":23,"turns":7},{"damage":16,"enemies":"Snake Plant","floor":25,"turns":7},{"damage":0,"enemies":"Gremlin Leader","floor":28,"turns":7},{"damage":20,"enemies":"Collector","floor":33,"turns":9},{"damage":13,"enemies":"Orb Walker","floor":35,"turns":4},{"damage":3,"enemies":"3 Shapes","floor":36,"turns":5},{"damage":27,"enemies":"Nemesis","floor":40,"turns":10},{"damage":17,"enemies":"Sphere and 2 Shapes","floor":41,"turns":3}],"event_choices":[{"event_name":"Wheel of Change","player_choice":"Relic","floor":2,"damage_taken":0},{"event_name":"Shining Light","player_choice":"Entered Light","floor":5,"damage_taken":0},{"event_name":"Mushrooms","player_choice":"Fought Mushrooms","floor":10,"damage_taken":0},{"event_name":"Transmorgrifier","player_choice":"Transform","floor":22,"damage_taken":0},{"event_name":"Knowing Skull","player_choice":"GOLD ","floor":30,"damage_taken":0},{"event_name":"Winding Halls","player_choice":"Embrace Madness","floor":37,"damage_taken":0},{"event_name":"Mysterious Sphere","player_choice":"Ignore","floor":38,"damage_taken":0}],"boss_relics":[{"not_picked":["Sozu","Snecko Eye"],"picked":"Orrery"},{"not_picked":["Astrolabe","Philosopher\u0027s Stone"],"picked":"Calling Bell"}],"potions_floor_spawned":[1,3,7,11,14,16,18,25,28,35],"seed_played":"-7309612953352718147","killed_by":"Sphere and 2 Shapes","is_trial":false}