{"gold_per_floor":[109,119,14,14,28,28,48,77,77,77,26,54,54,34],"floor_reached":14,"playtime":538,"items_purged":[],"score":211,"play_id":"fde35345-d1e3-4d81-b965-4ce97370a0c2","local_time":"20190429143011","is_ascension_mode":true,"campfire_choices":[{"data":"Body Slam","floor":10,"key":"SMITH"}],"neow_cost":"NONE","seed_source_timestamp":3634821431556509,"circlet_count":0,"master_deck":["AscendersBane","Strike_R","Strike_R","Strike_R","Strike_R","Strike_R","Defend_R","Defend_R","Defend_R","Defend_R","Bash","Feel No Pain+1","Armaments","Battle Trance","Body Slam+1","Shrug It Off","Evolve"],"relics":["Coffee Dripper","Darkstone Periapt","Peace Pipe","Prayer Wheel"],"potions_floor_usage":[3,6,12],"damage_taken":[{"damage":2,"enemies":"Jaw Worm","floor":1,"turns":3},{"damage":6,"enemies":"Cultist","floor":2,"turns":4},{"damage":11,"enemies":"2 Louse","floor":5,"turns":2},{"damage":0,"enemies":"Gremlin Nob","floor":6,"turns":2},{"damage":1,"enemies":"Large Slime","floor":7,"turns":5},{"damage":25,"enemies":"Lagavulin","floor":8,"turns":6},{"damage":32,"enemies":"Gremlin Nob","floor":12,"turns":4},{"damage":11,"enemies":"Exordium Thugs","floor":14,"turns":1}],"seed_played":"-5884366294367236117","potions_obtained":[{"floor":1,"key":"SmokeBomb"},{"floor":8,"key":"BloodPotion"}],"is_trial":false,"path_per_floor":["M","M","$","?","M","E","M","E","T","R","$","E","?","M"],"character_chosen":"IRONCLAD","items_purchased":["Fruit Juice","Shrug It Off"],"campfire_rested":0,"item_purchase_floors":[3,11],"current_hp_per_floor":[66,60,65,65,54,54,53,28,28,28,28,4,4,0],"gold":34,"neow_bonus":"BOSS_RELIC","is_prod":false,"is_daily":false,"chose_seed":false,"campfire_upgraded":1,"win_rate":0,"timestamp":1556544611,"path_taken":["M","M","$","?","M","E","M","E","T","R","?","E","?","M"],"build_version":"2019-01-23","purchased_purges":0,"victory":false,"max_hp_per_floor":[75,75,80,80,80,80,80,80,80,80,80,80,80,80],"card_choices":[{"not_picked":["Sword Boomerang","True Grit"],"picked":"Feel No Pain","floor":1},{"not_picked":["Bloodletting","Anger"],"picked":"Armaments","floor":2},{"not_picked":["Clash","Flex"],"picked":"Battle Trance","floor":5},{"not_picked":["True Grit","Pommel Strike"],"picked":"Body Slam","floor":7},{"not_picked":["Uppercut","Clothesline","Juggernaut"],"picked":"SKIP","floor":8},{"not_picked":["Sever Soul","Sentinel"],"picked":"Evolve","floor":12}],"player_experience":725240,"relics_obtained":[{"floor":8,"key":"Darkstone Periapt"},{"floor":9,"key":"Peace Pipe"},{"floor":12,"key":"Prayer Wheel"}],"event_choices":[{"damage_healed":0,"gold_gain":0,"player_choice":"Upgraded","damage_taken":0,"max_hp_gain":0,"max_hp_loss":0,"event_name":"Upgrade Shrine","floor":4,"gold_loss":0,"cards_upgraded":["Feel No Pain"]},{"damage_healed":0,"gold_gain":0,"player_choice":"Ignored","damage_taken":0,"max_hp_gain":0,"max_hp_loss":0,"event_name":"Shining Light","floor":13,"gold_loss":0}],"is_beta":false,"boss_relics":[],"items_purged_floors":[],"is_endless":false,"potions_floor_spawned":[1,6,8],"killed_by":"Exordium Thugs","ascension_level":19}