{"gold_per_floor":[113,123,135,152,163,163,194,211,211,228,263,263,283,298,298,399,399,417,434,434,232,243,243,243,270,297,297,316,316,333,353,353,353],"floor_reached":33,"playtime":1716,"items_purged":["Force Field"],"score":385,"play_id":"061c5e1e-bf86-4468-be66-86e0b43b082a","local_time":"20180827020531","is_ascension_mode":true,"campfire_choices":[{"data":"Zap","floor":6,"key":"SMITH"},{"floor":15,"key":"REST"},{"floor":23,"key":"REST"},{"floor":27,"key":"REST"},{"floor":29,"key":"REST"},{"floor":32,"key":"REST"}],"neow_cost":"CURSE","seed_source_timestamp":564207851349291,"circlet_count":0,"master_deck":["Strike_B","Strike_B","Defend_B","Defend_B","Defend_B","Zap+1","Dualcast","Clumsy","Ball Lightning","Cold Snap","Go for the Eyes","Conserve Battery","Cold Snap","Rip and Tear","Leap","Beam Cell","Ball Lightning","Steam","All For One","Rebound+1","Go for the Eyes+1","Beam Cell","Steam Power","Beam Cell"],"relics":["Cracked Core","Sundial","Regal Pillow","Blue Candle","Orichalcum","Empty Cage","Dodecahedron","Art of War"],"potions_floor_usage":[7,10,10,11,13,22,22,28],"damage_taken":[{"damage":4,"enemies":"Small Slimes","floor":1,"turns":5},{"damage":1,"enemies":"Cultist","floor":2,"turns":3},{"damage":2,"enemies":"Jaw Worm","floor":3,"turns":3},{"damage":0,"enemies":"Large Slime","floor":4,"turns":4},{"damage":1,"enemies":"2 Fungi Beasts","floor":5,"turns":3},{"damage":9,"enemies":"Lagavulin","floor":7,"turns":5},{"damage":3,"enemies":"Gremlin Gang","floor":8,"turns":5},{"damage":0,"enemies":"Red Slaver","floor":10,"turns":3},{"damage":14,"enemies":"Gremlin Nob","floor":11,"turns":4},{"damage":11,"enemies":"Large Slime","floor":13,"turns":3},{"damage":12,"enemies":"Exordium Wildlife","floor":14,"turns":3},{"damage":13,"enemies":"The Guardian","floor":16,"turns":12},{"damage":10,"enemies":"Spheric Guardian","floor":18,"turns":4},{"damage":12,"enemies":"3 Byrds","floor":19,"turns":5},{"damage":12,"enemies":"Shelled Parasite and Fungi","floor":22,"turns":3},{"damage":54,"enemies":"Slavers","floor":25,"turns":4},{"damage":12,"enemies":"Snecko","floor":28,"turns":5},{"damage":9,"enemies":"Snake Plant","floor":30,"turns":4},{"damage":17,"enemies":"Sentry and Sphere","floor":31,"turns":4},{"damage":85,"enemies":"Collector","floor":33,"turns":9}],"seed_played":"-4882472753520152629","potions_obtained":[{"floor":3,"key":"PowerPotion"},{"floor":4,"key":"Block Potion"},{"floor":7,"key":"Regen Potion"},{"floor":8,"key":"Poison Potion"},{"floor":11,"key":"Fire Potion"},{"floor":16,"key":"Weak Potion"},{"floor":19,"key":"GamblersBrew"},{"floor":25,"key":"AttackPotion"}],"is_trial":false,"path_per_floor":["M","M","M","M","M","R","E","M","T","M","E","?","M","M","R","B",null,"M","M","?","$","M","R","?","E","T","R","M","R","M","M","R"],"character_chosen":"DEFECT","items_purchased":["Beam Cell","Steam Power"],"campfire_rested":5,"item_purchase_floors":[21,21],"current_hp_per_floor":[64,63,61,61,60,60,58,55,55,55,53,53,42,30,67,54,70,60,48,34,34,22,61,61,7,7,46,34,73,64,47,80,0],"gold":353,"neow_bonus":"ONE_RARE_RELIC","is_prod":false,"is_daily":false,"chose_seed":false,"campfire_upgraded":1,"win_rate":0,"timestamp":1535357131,"path_taken":["M","M","M","M","M","R","E","M","T","M","E","?","M","M","R","BOSS","M","M","?","$","M","R","?","E","T","R","M","R","M","M","R","BOSS"],"build_version":"2018-08-23v2","purchased_purges":1,"victory":false,"max_hp_per_floor":[75,75,75,75,75,75,75,75,75,75,75,75,75,75,75,75,75,75,75,80,80,80,80,80,80,80,80,80,80,80,80,80,80],"card_choices":[{"not_picked":["Streamline","Fusion"],"picked":"Ball Lightning","floor":1},{"not_picked":["Double Energy","Leap"],"picked":"Cold Snap","floor":2},{"not_picked":["Redo","Sweeping Beam"],"picked":"Go for the Eyes","floor":3},{"not_picked":["Electrodynamics","Gash"],"picked":"Conserve Battery","floor":4},{"not_picked":["Coolheaded","Reprogram"],"picked":"Cold Snap","floor":5},{"not_picked":["Doom and Gloom","Storm"],"picked":"Rip and Tear","floor":7},{"not_picked":["Redo","Streamline"],"picked":"Leap","floor":8},{"not_picked":["Barrage","Rainbow"],"picked":"Beam Cell","floor":10},{"not_picked":["Cold Snap","Stack"],"picked":"Ball Lightning","floor":11},{"not_picked":["Conserve Battery","Coolheaded"],"picked":"Steam","floor":13},{"not_picked":["Steam Power","Conserve Battery","Turbo"],"picked":"SKIP","floor":14},{"not_picked":["Meteor Strike","Thunder Strike"],"picked":"All For One","floor":16},{"not_picked":["Barrage+1","Static Discharge+1"],"picked":"Rebound+1","floor":18},{"not_picked":["Streamline","Heatsinks"],"picked":"Go for the Eyes+1","floor":19},{"not_picked":["Rebound","Defragment"],"picked":"Beam Cell","floor":22},{"not_picked":["Beam Cell","White Noise","Stack"],"picked":"SKIP","floor":25},{"not_picked":["Beam Cell","Doom and Gloom+1","Conserve Battery"],"picked":"SKIP","floor":28},{"not_picked":["Streamline","Skim","Beam Cell"],"picked":"SKIP","floor":30},{"not_picked":["Genetic Algorithm","Coolheaded","Multi-Cast"],"picked":"SKIP","floor":31}],"player_experience":512891,"relics_obtained":[{"floor":7,"key":"Regal Pillow"},{"floor":9,"key":"Blue Candle"},{"floor":11,"key":"Orichalcum"},{"floor":25,"key":"Dodecahedron"},{"floor":26,"key":"Art of War"}],"event_choices":[{"event_name":"Transmorgrifier","player_choice":"Transform","floor":12,"damage_taken":0},{"event_name":"Forgotten Altar","player_choice":"Shed Blood","floor":20,"damage_taken":0},{"event_name":"Ghosts","player_choice":"Ignored","floor":24,"damage_taken":0}],"is_beta":true,"boss_relics":[{"not_picked":["Lizard Tail","Snecko Eye"],"picked":"Empty Cage"}],"items_purged_floors":[21],"is_endless":false,"potions_floor_spawned":[3,4,7,8,11,16,19,25],"killed_by":"Collector","ascension_level":7}