{"gold_per_floor":[114,114,33,49,59,59,71,71,139,139,17,31,131,141,141,244,244,260,272,286,22,32,32,44,44,71,71,87,103,121,144,144,144],"floor_reached":33,"playtime":1723,"items_purged":["Bash","Strike_R"],"score":318,"play_id":"34f7e544-91a7-4693-b87a-675e8cddf8e3","local_time":"20190208225338","is_ascension_mode":false,"campfire_choices":[{"data":"Barricade","floor":6,"key":"SMITH"},{"data":"True Grit","floor":8,"key":"SMITH"},{"data":"Armaments","floor":15,"key":"SMITH"},{"data":"Body Slam","floor":23,"key":"SMITH"},{"floor":25,"key":"REST"},{"floor":32,"key":"REST"}],"neow_cost":"NONE","seed_source_timestamp":707051662506138,"circlet_count":0,"master_deck":["Strike_R","Strike_R","Defend_R","Defend_R","Defend_R","Defend_R","Armaments+1","Body Slam+1","Flash of Steel","Barricade+1","True Grit+1","Iron Wave","True Grit","Ghostly Armor","Impervious","Shrug It Off","Shrug It Off","Finesse","Headbutt+1","Armaments","Battle Trance+1"],"relics":["Burning Blood"],"potions_floor_usage":[7,7,20,22,33,33],"damage_taken":[{"damage":12,"enemies":"Jaw Worm","floor":1,"turns":4},{"damage":0,"enemies":"Small Slimes","floor":4,"turns":4},{"damage":3,"enemies":"2 Louse","floor":5,"turns":3},{"damage":17,"enemies":"Gremlin Gang","floor":7,"turns":4},{"damage":5,"enemies":"Looter","floor":12,"turns":3},{"damage":5,"enemies":"Blue Slaver","floor":14,"turns":5},{"damage":0,"enemies":"Slime Boss","floor":16,"turns":6},{"damage":15,"enemies":"Chosen","floor":18,"turns":9},{"damage":4,"enemies":"Shell Parasite","floor":19,"turns":7},{"damage":10,"enemies":"Chosen and Byrds","floor":20,"turns":7},{"damage":4,"enemies":"Snecko","floor":22,"turns":7},{"damage":34,"enemies":"Sentry and Sphere","floor":24,"turns":13},{"damage":21,"enemies":"Snake Plant","floor":28,"turns":8},{"damage":42,"enemies":"Chosen and Byrds","floor":29,"turns":14},{"damage":14,"enemies":"Centurion and Healer","floor":30,"turns":13},{"damage":53,"enemies":"Collector","floor":33,"turns":7}],"seed_played":"-456831066590089347","potions_obtained":[{"floor":1,"key":"Poison Potion"},{"floor":4,"key":"Strength Potion"},{"floor":18,"key":"AttackPotion"},{"floor":19,"key":"SteroidPotion"},{"floor":30,"key":"LiquidBronze"}],"is_trial":false,"path_per_floor":["M","?","$","M","M","R","M","R","T","?","$","M","?","M","R","B",null,"M","M","M","$","M","R","M","R","T","?","M","M","M","T","R","B"],"character_chosen":"IRONCLAD","items_purchased":["Flash of Steel","Iron Wave","Finesse","Ancient Potion"],"campfire_rested":2,"item_purchase_floors":[3,11,21,21],"current_hp_per_floor":[74,67,67,73,76,76,65,65,65,65,65,66,66,67,67,73,80,71,73,69,69,71,71,43,67,67,67,52,16,8,8,32,0],"gold":144,"neow_bonus":"TRANSFORM_CARD","is_prod":false,"is_daily":false,"chose_seed":false,"campfire_upgraded":4,"win_rate":0,"timestamp":1549666418,"path_taken":["M","?","$","M","M","R","M","R","T","?","?","M","?","M","R","BOSS","M","?","?","$","M","R","?","R","T","?","M","M","M","?","R","BOSS"],"build_version":"2019-01-23","purchased_purges":2,"victory":false,"max_hp_per_floor":[80,80,80,80,80,80,80,80,80,80,80,80,80,80,80,80,80,80,80,80,80,80,80,80,80,80,80,80,80,80,80,80,80],"card_choices":[{"not_picked":["Second Wind","Warcry"],"picked":"Body Slam","floor":1},{"not_picked":["Infernal Blade","Evolve","Headbutt"],"picked":"SKIP","floor":4},{"not_picked":["Perfected Strike","Wild Strike"],"picked":"Barricade","floor":5},{"not_picked":["Twin Strike","Rampage"],"picked":"True Grit","floor":7},{"not_picked":["Second Wind","Carnage"],"picked":"True Grit","floor":12},{"not_picked":["Havoc","Twin Strike"],"picked":"Ghostly Armor","floor":14},{"not_picked":["Dark Embrace","Double Tap"],"picked":"Impervious","floor":16},{"not_picked":["Cleave","Intimidate+1"],"picked":"Shrug It Off","floor":18},{"not_picked":["Spot Weakness","Sword Boomerang","Hemokinesis"],"picked":"SKIP","floor":19},{"not_picked":["Clash","Clothesline+1"],"picked":"Shrug It Off","floor":20},{"not_picked":["Limit Break","Twin Strike+1","Reckless Charge+1"],"picked":"SKIP","floor":22},{"not_picked":["Spot Weakness","Wild Strike+1","Whirlwind+1"],"picked":"SKIP","floor":24},{"not_picked":["Headbutt+1","True Grit","Anger"],"picked":"SKIP","floor":28},{"not_picked":["True Grit","Anger"],"picked":"Headbutt+1","floor":28},{"not_picked":["Rampage","True Grit+1"],"picked":"Armaments","floor":29},{"not_picked":["Clash","True Grit+1"],"picked":"Battle Trance+1","floor":30}],"player_experience":557565,"relics_obtained":[],"event_choices":[{"cards_removed":["Strike_R"],"damage_healed":0,"gold_gain":0,"player_choice":"Card Removal","damage_taken":7,"max_hp_gain":0,"max_hp_loss":0,"event_name":"Golden Wing","floor":2,"gold_loss":0},{"damage_healed":0,"gold_gain":0,"player_choice":"Searched \u00270\u0027 times","damage_taken":0,"max_hp_gain":0,"max_hp_loss":0,"event_name":"Dead Adventurer","floor":10,"gold_loss":0},{"damage_healed":0,"gold_gain":100,"player_choice":"Pray","damage_taken":0,"max_hp_gain":0,"max_hp_loss":0,"event_name":"Golden Shrine","floor":13,"gold_loss":0},{"damage_healed":0,"gold_gain":0,"player_choice":"Ignored","damage_taken":0,"max_hp_gain":0,"max_hp_loss":0,"event_name":"Cursed Tome","floor":27,"gold_loss":0}],"is_beta":false,"boss_relics":[{"not_picked":["Snecko Eye","Sozu","Coffee Dripper"]}],"items_purged_floors":[11,21],"is_endless":false,"potions_floor_spawned":[1,4,18,19,30],"killed_by":"Collector","ascension_level":0}