{"gold_per_floor":[112,64,64,80,31,61,61,87,87,87,87,52,52,62,62,161,161,180,180,197,297,396,396],"floor_reached":23,"playtime":1010,"items_purged":[],"score":264,"play_id":"e3dfbb19-ff5e-4ecb-849c-8fd5fdf7ac50","local_time":"20190110195226","is_ascension_mode":true,"campfire_choices":[{"data":"1","floor":7,"key":"LIFT"},{"data":"2","floor":10,"key":"LIFT"},{"data":"3","floor":13,"key":"LIFT"},{"data":"Beam Cell","floor":15,"key":"SMITH"}],"neow_cost":"NONE","seed_source_timestamp":1391222775319573,"circlet_count":0,"master_deck":["Strike_B","Strike_B","Strike_B","Strike_B","Defend_B","Defend_B","Defend_B","Defend_B","Zap","Compile Driver","Compile Driver","Coolheaded","Sweeping Beam","Beam Cell+1","Ball Lightning","Lockon","Reboot","Ball Lightning","Aggregate"],"relics":["Cracked Core","NeowsBlessing","Girya","Strawberry","Dodecahedron","Eternal Feather","MutagenicStrength","Thread and Needle","Pantograph"],"potions_floor_usage":[21,21],"damage_taken":[{"damage":0,"enemies":"Jaw Worm","floor":1,"turns":1},{"damage":0,"enemies":"Cultist","floor":4,"turns":1},{"damage":0,"enemies":"3 Sentries","floor":6,"turns":1},{"damage":38,"enemies":"Lagavulin","floor":8,"turns":5},{"damage":0,"enemies":"Small Slimes","floor":14,"turns":1},{"damage":55,"enemies":"Hexaghost","floor":16,"turns":6},{"damage":7,"enemies":"3 Byrds","floor":18,"turns":3},{"damage":6,"enemies":"Spheric Guardian","floor":20,"turns":3},{"damage":21,"enemies":"Colosseum Slavers","floor":21,"turns":3},{"damage":35,"enemies":"Colosseum Nobs","floor":21,"turns":4},{"damage":24,"enemies":"Snecko","floor":23,"turns":3}],"seed_played":"-8731652632622226261","potions_obtained":[{"floor":8,"key":"Ancient Potion"},{"floor":14,"key":"Energy Potion"}],"is_trial":false,"path_per_floor":["M","$","?","M","$","E","R","E","T","R","?","?","R","M","R","B",null,"M","?","M","?","?","M"],"character_chosen":"DEFECT","items_purchased":["Compile Driver","Sweeping Beam"],"campfire_rested":0,"item_purchase_floors":[2,5],"current_hp_per_floor":[75,75,75,75,75,75,75,44,44,44,71,82,82,82,82,27,82,75,75,69,13,13,0],"gold":396,"neow_bonus":"THREE_ENEMY_KILL","is_prod":false,"is_daily":false,"chose_seed":false,"campfire_upgraded":1,"win_rate":0,"timestamp":1547149946,"path_taken":["M","$","?","M","?","E","R","E","T","R","?","?","R","M","R","BOSS","M","?","M","?","?","M"],"build_version":"2019-01-03v4","purchased_purges":0,"victory":false,"max_hp_per_floor":[75,75,75,75,75,75,75,82,82,82,82,82,82,82,82,82,82,82,82,82,82,82,82],"card_choices":[{"not_picked":["Turbo","Rip and Tear"],"picked":"Compile Driver","floor":1},{"not_picked":["BootSequence","Static Discharge"],"picked":"Coolheaded","floor":4},{"not_picked":["Rebound","Heatsinks"],"picked":"Beam Cell","floor":6},{"not_picked":["White Noise","Coolheaded"],"picked":"Ball Lightning","floor":8},{"not_picked":["Streamline","Fusion"],"picked":"Lockon","floor":14},{"not_picked":["Electrodynamics","Fission"],"picked":"Reboot","floor":16},{"not_picked":["Barrage","Compile Driver"],"picked":"Ball Lightning","floor":18},{"not_picked":["Rebound+1","Static Discharge"],"picked":"Aggregate","floor":20}],"player_experience":164944,"relics_obtained":[{"floor":6,"key":"Girya"},{"floor":8,"key":"Strawberry"},{"floor":9,"key":"Dodecahedron"},{"floor":21,"key":"Thread and Needle"},{"floor":21,"key":"Pantograph"}],"event_choices":[{"cards_removed":["Dualcast"],"damage_healed":0,"gold_gain":0,"player_choice":"Card Removal","damage_taken":0,"max_hp_gain":0,"max_hp_loss":0,"event_name":"Wheel of Change","floor":3,"gold_loss":0},{"damage_healed":27,"gold_gain":0,"player_choice":"Banana","damage_taken":0,"max_hp_gain":0,"max_hp_loss":0,"event_name":"Big Fish","floor":11,"gold_loss":0},{"damage_healed":20,"gold_gain":0,"player_choice":"Healed","damage_taken":0,"max_hp_gain":0,"max_hp_loss":0,"event_name":"The Cleric","floor":12,"gold_loss":35},{"damage_healed":0,"gold_gain":0,"player_choice":"Inject Mutagens","damage_taken":0,"relics_obtained":["MutagenicStrength"],"max_hp_gain":0,"max_hp_loss":0,"event_name":"Drug Dealer","floor":19,"gold_loss":0},{"damage_healed":0,"gold_gain":0,"player_choice":"Fight","damage_taken":0,"max_hp_gain":0,"max_hp_loss":0,"event_name":"Colosseum","floor":21,"gold_loss":0},{"damage_healed":0,"gold_gain":0,"player_choice":"Fought Nobs","damage_taken":0,"max_hp_gain":0,"max_hp_loss":0,"event_name":"Colosseum","floor":21,"gold_loss":0},{"damage_healed":0,"gold_gain":99,"player_choice":"Stole From Cult","damage_taken":0,"max_hp_gain":0,"max_hp_loss":0,"event_name":"Nest","floor":22,"gold_loss":0}],"is_beta":false,"boss_relics":[{"not_picked":["Nuclear Battery","Snecko Eye"],"picked":"Eternal Feather"}],"items_purged_floors":[],"is_endless":false,"potions_floor_spawned":[8,14],"killed_by":"Snecko","ascension_level":4}