{"gold_per_floor":[112,124,142,142,142,142,168,168,220,236,236,236,270,280,280,354,354,364,58,58,69,82,117,117,117,143,169,188,217,217,6,6,84,84,94,94,94,113,129,184,184],"floor_reached":41,"playtime":1398,"items_purged":["Strike_R"],"score":1076,"play_id":"ae939c5a-c8b5-46c8-a8ca-37e9abea441b","local_time":"20190201194832","is_ascension_mode":true,"campfire_choices":[{"data":"Whirlwind","floor":6,"key":"SMITH"},{"data":"Shrug It Off","floor":8,"key":"SMITH"},{"data":"Shrug It Off","floor":11,"key":"SMITH"},{"data":"Flex","floor":15,"key":"SMITH"},{"data":"Shrug It Off","floor":25,"key":"SMITH"},{"data":"Thunderclap","floor":32,"key":"SMITH"}],"neow_cost":"NONE","seed_source_timestamp":91447625724361,"circlet_count":0,"master_deck":["AscendersBane","Strike_R","Strike_R","Strike_R","Defend_R+1","Defend_R","Defend_R+1","Defend_R","Bash","Thunderclap+1","Whirlwind+1","Shrug It Off+1","Shrug It Off+1","Flex+1","Juggernaut","Shrug It Off","Shrug It Off","Shrug It Off+1","Writhe","Double Tap","Seeing Red+1","Flex","Ghostly Armor+1"],"relics":["Coffee Dripper","Bronze Scales","Ancient Tea Set","War Paint","Velvet Choker","Bag of Preparation","MutagenicStrength","Prayer Wheel","Juzu Bracelet","Pen Nib","Happy Flower","Smiling Mask","Brimstone","Black Star","FossilizedHelix"],"potions_floor_usage":[16,16,33,33,39,40],"damage_taken":[{"damage":1,"enemies":"2 Louse","floor":1,"turns":3},{"damage":12,"enemies":"Small Slimes","floor":2,"turns":3},{"damage":6,"enemies":"Cultist","floor":3,"turns":3},{"damage":10,"enemies":"3 Sentries","floor":7,"turns":4},{"damage":11,"enemies":"Exordium Thugs","floor":10,"turns":2},{"damage":0,"enemies":"Gremlin Nob","floor":13,"turns":3},{"damage":0,"enemies":"Looter","floor":14,"turns":2},{"damage":0,"enemies":"Slime Boss","floor":16,"turns":3},{"damage":9,"enemies":"Shell Parasite","floor":18,"turns":4},{"damage":0,"enemies":"Spheric Guardian","floor":21,"turns":1},{"damage":11,"enemies":"Snake Plant","floor":22,"turns":4},{"damage":0,"enemies":"Slavers","floor":23,"turns":1},{"damage":0,"enemies":"Gremlin Leader","floor":27,"turns":3},{"damage":0,"enemies":"Centurion and Healer","floor":28,"turns":1},{"damage":13,"enemies":"Slavers","floor":29,"turns":4},{"damage":6,"enemies":"Champ","floor":33,"turns":6},{"damage":0,"enemies":"3 Darklings","floor":35,"turns":1},{"damage":3,"enemies":"3 Shapes","floor":38,"turns":6},{"damage":18,"enemies":"Spire Growth","floor":39,"turns":4},{"damage":41,"enemies":"2 Orb Walkers","floor":40,"turns":4},{"damage":10,"enemies":"Reptomancer","floor":41,"turns":3}],"seed_played":"7816343507817913921","potions_obtained":[{"floor":2,"key":"Dexterity Potion"},{"floor":7,"key":"SkillPotion"},{"floor":10,"key":"SteroidPotion"},{"floor":21,"key":"Regen Potion"},{"floor":22,"key":"PowerPotion"},{"floor":33,"key":"PowerPotion"},{"floor":35,"key":"GamblersBrew"},{"floor":40,"key":"Strength Potion"}],"is_trial":false,"path_per_floor":["M","M","M","?","?","R","E","R","T","M","R","?","E","M","R","B",null,"M","$","?","M","M","E","?","R","T","E","M","E","?","$","R","B",null,"M","?","?","M","M","?","E"],"character_chosen":"IRONCLAD","items_purchased":["Shrug It Off","Bag of Preparation","Brimstone"],"campfire_rested":0,"item_purchase_floors":[19,19,31],"current_hp_per_floor":[67,55,49,49,74,74,64,64,64,53,53,53,53,53,53,53,70,61,61,61,61,50,50,50,50,50,50,50,37,37,37,37,46,68,68,68,68,65,47,6,0],"gold":184,"neow_bonus":"BOSS_RELIC","is_prod":false,"is_daily":false,"chose_seed":false,"campfire_upgraded":6,"win_rate":0,"timestamp":1549050512,"path_taken":["M","M","M","?","?","R","E","R","T","M","R","?","E","?","R","BOSS","M","$","?","M","M","E","?","R","T","E","M","E","?","$","R","BOSS","M","?","?","M","M","?","E"],"build_version":"2019-01-23","purchased_purges":1,"victory":false,"max_hp_per_floor":[75,75,75,75,75,75,75,75,75,75,75,75,75,75,75,75,75,75,75,75,75,75,75,75,75,75,75,75,75,75,75,75,75,75,75,75,71,71,71,71,71],"card_choices":[{"not_picked":["Sword Boomerang","Feel No Pain"],"picked":"Thunderclap","floor":1},{"not_picked":["Burning Pact","Sword Boomerang"],"picked":"Whirlwind","floor":2},{"not_picked":["Iron Wave","Clash"],"picked":"Shrug It Off","floor":3},{"not_picked":["Brutality","Disarm"],"picked":"Shrug It Off","floor":7},{"not_picked":["Pommel Strike","Heavy Blade"],"picked":"Flex","floor":10},{"not_picked":["Armaments","Barricade","Twin Strike"],"picked":"SKIP","floor":13},{"not_picked":["Twin Strike","True Grit","Heavy Blade"],"picked":"SKIP","floor":14},{"not_picked":["Fiend Fire","Demon Form"],"picked":"Juggernaut","floor":16},{"not_picked":["Flex","Battle Trance"],"picked":"Shrug It Off","floor":18},{"not_picked":["Thunderclap","Rupture"],"picked":"Shrug It Off","floor":21},{"not_picked":["Combust","Clash","Anger"],"picked":"SKIP","floor":22},{"not_picked":["Havoc","Blood for Blood","Body Slam"],"picked":"SKIP","floor":23},{"not_picked":["Entrench","Combust","Brutality"],"picked":"SKIP","floor":27},{"not_picked":["Rupture","Hemokinesis","Dual Wield+1"],"picked":"SKIP","floor":28},{"not_picked":["True Grit","Clash","Disarm"],"picked":"SKIP","floor":28},{"not_picked":["Clothesline","True Grit","Rage"],"picked":"SKIP","floor":29},{"not_picked":["Clothesline","True Grit","Rage"],"picked":"SKIP","floor":29},{"not_picked":["Offering","Immolate"],"picked":"Double Tap","floor":33},{"not_picked":["Shrug It Off","Pommel Strike"],"picked":"Seeing Red","floor":35},{"not_picked":["Rage","Heavy Blade","Metallicize+1"],"picked":"SKIP","floor":35},{"not_picked":["True Grit","Infernal Blade"],"picked":"Flex","floor":38},{"not_picked":["Headbutt","Dropkick"],"picked":"Ghostly Armor+1","floor":38},{"not_picked":["Sentinel","Body Slam","Disarm+1"],"picked":"SKIP","floor":39},{"not_picked":["Clash","Headbutt","Power Through+1"],"picked":"SKIP","floor":39}],"player_experience":508762,"relics_obtained":[{"floor":7,"key":"Bronze Scales"},{"floor":9,"key":"Ancient Tea Set"},{"floor":13,"key":"War Paint"},{"floor":23,"key":"Prayer Wheel"},{"floor":26,"key":"Juzu Bracelet"},{"floor":27,"key":"Pen Nib"},{"floor":29,"key":"Happy Flower"},{"floor":40,"key":"FossilizedHelix"}],"event_choices":[{"damage_healed":0,"gold_gain":0,"player_choice":"Ignored","damage_taken":0,"max_hp_gain":0,"max_hp_loss":0,"event_name":"Shining Light","floor":4,"gold_loss":0},{"damage_healed":25,"gold_gain":0,"player_choice":"Banana","damage_taken":0,"max_hp_gain":0,"max_hp_loss":0,"event_name":"Big Fish","floor":5,"gold_loss":0},{"cards_removed":["Strike_R"],"damage_healed":0,"gold_gain":0,"player_choice":"Purged","damage_taken":0,"max_hp_gain":0,"max_hp_loss":0,"event_name":"Purifier","floor":12,"gold_loss":0},{"damage_healed":0,"gold_gain":0,"player_choice":"Inject Mutagens","damage_taken":0,"relics_obtained":["MutagenicStrength"],"max_hp_gain":0,"max_hp_loss":0,"event_name":"Drug Dealer","floor":20,"gold_loss":0},{"damage_healed":0,"gold_gain":0,"player_choice":"Ignored","damage_taken":0,"max_hp_gain":0,"max_hp_loss":0,"event_name":"Ghosts","floor":24,"gold_loss":0},{"damage_healed":0,"gold_gain":0,"player_choice":"Opened","damage_taken":0,"relics_obtained":["Smiling Mask"],"max_hp_gain":0,"max_hp_loss":0,"event_name":"The Mausoleum","floor":30,"gold_loss":0,"cards_obtained":["Writhe"]},{"damage_healed":0,"gold_gain":0,"player_choice":"Upgraded","damage_taken":0,"max_hp_gain":0,"max_hp_loss":0,"event_name":"Upgrade Shrine","floor":36,"gold_loss":0,"cards_upgraded":["Seeing Red"]},{"damage_healed":0,"gold_gain":0,"player_choice":"Max HP","damage_taken":0,"max_hp_gain":0,"max_hp_loss":4,"event_name":"Winding Halls","floor":37,"gold_loss":0},{"damage_healed":0,"gold_gain":0,"player_choice":"Fight","damage_taken":0,"max_hp_gain":0,"max_hp_loss":0,"event_name":"Mysterious Sphere","floor":40,"gold_loss":0}],"is_beta":false,"boss_relics":[{"not_picked":["Lizard Tail","Runic Pyramid"],"picked":"Velvet Choker"},{"not_picked":["White Beast Statue","Pandora\u0027s Box"],"picked":"Black Star"}],"items_purged_floors":[19],"is_endless":false,"potions_floor_spawned":[2,7,10,14,21,22,28,29,33,35,40],"killed_by":"Reptomancer","ascension_level":16}