{"path_per_floor":["M","?","M","?","?","R","?","E","T","M","M","?","M","$","R","B",null,"M","?","$","M"],"character_chosen":"THE_SILENT","items_purchased":["Blur","Backflip","Noxious Fumes","Deflect"],"gold_per_floor":[115,65,85,85,185,185,185,223,223,243,264,264,283,85,85,213,213,238,238,11,32],"floor_reached":22,"campfire_rested":1,"playtime":2013,"current_hp_per_floor":[69,69,69,69,69,69,65,51,51,51,56,23,23,23,57,26,65,57,57,57,13],"items_purged":["Strike_G","Strike_G"],"gold":32,"score":184,"play_id":"da7138db-e002-44ca-9647-54dd74234257","is_prod":false,"is_daily":false,"is_ascension_mode":false,"campfire_upgraded":1,"path_taken":["M","?","M","?","?","R","?","E","T","M","?","?","M","$","R","BOSS","M","?","$","M","?"],"build_version":"2018-02-15-PROD1","purchased_purges":2,"victory":false,"master_deck":["Defend_G","Defend_G","Defend_G","Defend_G","Defend_G","Strike_G","Strike_G","Survivor","Neutralize+1","Dash","Caltrops","Noxious Fumes","Calculated Gamble","Blur","Backflip","Burst","Noxious Fumes","Deflect","PiercingWail+1"],"max_hp_per_floor":[70,70,70,70,70,70,65,65,65,65,65,65,65,65,65,65,65,65,65,65,65],"relics":["Philosopher\u0027s Stone","Golden Idol","Regal Pillow","Oddly Smooth Stone","Paper Crane","Runic Pyramid"],"card_choices":[{"not_picked":["Prepared","Quick Slash"],"picked":"Dash"},{"not_picked":["Dodge and Roll","Crippling Poison"],"picked":"Caltrops"},{"not_picked":["Expertise","Dash"],"picked":"Noxious Fumes"},{"not_picked":["Terror","Well Laid Plans"],"picked":"Calculated Gamble"},{"not_picked":["Adrenaline","Bullet Time"],"picked":"Burst"},{"not_picked":["Endless Agony","Quick Slash"],"picked":"PiercingWail"}],"player_experience":55340,"potions_floor_usage":[8,8,11,16,16,18,21],"damage_taken":[{"damage":1,"enemies":"Cultist","floor":1,"turns":4},{"damage":0,"enemies":"Small Slimes","floor":3,"turns":4},{"damage":14,"enemies":"Gremlin Nob","floor":8,"turns":5},{"damage":0,"enemies":"2 Louse","floor":10,"turns":3},{"damage":10,"enemies":"Exordium Thugs","floor":11,"turns":6},{"damage":0,"enemies":"Gremlin Gang","floor":13,"turns":6},{"damage":31,"enemies":"Slime Boss","floor":16,"turns":12},{"damage":8,"enemies":"Chosen","floor":18,"turns":10},{"damage":53,"enemies":"3 Byrds","floor":21,"turns":4},{"damage":13,"enemies":"Sentry and Sphere","floor":22,"turns":3}],"event_choices":[{"event_name":"The Cleric","player_choice":"Card Removal","floor":2,"damage_taken":0},{"event_name":"The Lab","player_choice":"Got Potions","floor":4,"damage_taken":0},{"event_name":"Golden Shrine","player_choice":"Pray","floor":5,"damage_taken":0},{"event_name":"Golden Idol","player_choice":"Lose Max HP","floor":7,"damage_taken":0},{"event_name":"Scrap Ooze","player_choice":"success","floor":12,"damage_taken":33},{"event_name":"Drug Dealer","player_choice":"Ignored","floor":19,"damage_taken":0}],"boss_relics":[{"not_picked":["Velvet Choker","Runic Dome"],"picked":"Runic Pyramid"}],"potions_floor_spawned":[8,10,13,16,21],"seed_played":"-183445227330390787","killed_by":"Sentry and Sphere","ascension_level":0,"is_trial":false}