{"gold_per_floor":[113,113,125,50,63,63,79,92,166,178,198,198,98,112,112,216,216,227,237,237,112,131,131,157,175,175,175,189,189,114,131,131,231,231,248,260,279,279,297,297,316,316,316,328,328,29,49,0,0,0],"floor_reached":50,"playtime":3830,"items_purged":["Strike_R","Defend_R","Defend_R","Strike_R"],"score":487,"play_id":"833ed92f-eeb5-4dc8-a8e7-b12dea543ec4","local_time":"20180729015009","is_ascension_mode":false,"campfire_choices":[{"data":"Bash","floor":6.0,"key":"SMITH"},{"data":"Searing Blow","floor":12.0,"key":"SMITH"},{"data":"Searing Blow+1","floor":15.0,"key":"SMITH"},{"data":"Searing Blow+2","floor":23.0,"key":"SMITH"},{"data":"Searing Blow+3","floor":27.0,"key":"SMITH"},{"data":"Searing Blow+4","floor":29.0,"key":"SMITH"},{"data":"Searing Blow+5","floor":32.0,"key":"SMITH"},{"data":"Searing Blow+6","floor":40,"key":"SMITH"},{"data":"Searing Blow+7","floor":45,"key":"SMITH"},{"floor":49,"key":"REST"}],"neow_cost":"NONE","seed_source_timestamp":0,"circlet_count":0,"master_deck":["Strike_R","Strike_R","Defend_R","Defend_R","Bash+1","Anger","Searing Blow+8","Clash","Battle Trance","True Grit+1","Armaments","Demon Form","Headbutt+1","Disarm+1","Shrug It Off","Flash of Steel"],"special_seed":0,"relics":["Burning Blood","Self Forming Clay","Lizard Tail","Nunchaku","Darkstone Periapt","Philosopher\u0027s Stone","Toxic Egg 2","Pen Nib","Red Mask"],"potions_floor_usage":[39,41,41,50],"damage_taken":[{"damage":4.0,"enemies":"2 Louse","floor":1.0,"turns":3.0},{"damage":1.0,"enemies":"Cultist","floor":3.0,"turns":3.0},{"damage":1.0,"enemies":"Jaw Worm","floor":5.0,"turns":3.0},{"damage":4.0,"enemies":"Blue Slaver","floor":7.0,"turns":3.0},{"damage":3.0,"enemies":"Exordium Wildlife","floor":8.0,"turns":4.0},{"damage":5.0,"enemies":"Looter","floor":10.0,"turns":2.0},{"damage":2.0,"enemies":"Blue Slaver","floor":11.0,"turns":3.0},{"damage":0.0,"enemies":"Lots of Slimes","floor":14.0,"turns":2.0},{"damage":43.0,"enemies":"Slime Boss","floor":16.0,"turns":11.0},{"damage":15.0,"enemies":"2 Thieves","floor":18.0,"turns":4.0},{"damage":0.0,"enemies":"Spheric Guardian","floor":19.0,"turns":3.0},{"damage":16.0,"enemies":"Cultist and Chosen","floor":22.0,"turns":5.0},{"damage":48.0,"enemies":"Slavers","floor":24.0,"turns":6.0},{"damage":10.0,"enemies":"Snecko","floor":25.0,"turns":3.0},{"damage":3.0,"enemies":"Centurion and Healer","floor":28.0,"turns":5.0},{"damage":7.0,"enemies":"3 Cultists","floor":31.0,"turns":3.0},{"damage":116.0,"enemies":"Collector","floor":33.0,"turns":12.0},{"damage":11.0,"enemies":"3 Shapes","floor":35.0,"turns":5.0},{"damage":29,"enemies":"Flame Bruiser 1 Orb","floor":36,"turns":3},{"damage":28,"enemies":"4 Shapes","floor":37,"turns":3},{"damage":19,"enemies":"3 Darklings","floor":39,"turns":4},{"damage":13,"enemies":"Sphere and 2 Shapes","floor":41,"turns":4},{"damage":1,"enemies":"Spire Growth","floor":44,"turns":4},{"damage":19,"enemies":"4 Shapes","floor":47,"turns":6},{"damage":48,"enemies":"Donu and Deca","floor":50,"turns":3}],"seed_played":"4109716407885427016","potions_obtained":[{"floor":7.0,"key":"Explosive Potion"},{"floor":8.0,"key":"SneckoOil"},{"floor":11.0,"key":"BloodPotion"},{"floor":14.0,"key":"SpeedPotion"},{"floor":16.0,"key":"Regen Potion"},{"floor":24.0,"key":"BloodPotion"},{"floor":28.0,"key":"Swift Potion"},{"floor":31.0,"key":"GamblersBrew"},{"floor":35,"key":"Poison Potion"},{"floor":36,"key":"SpeedPotion"},{"floor":39,"key":"Regen Potion"}],"is_trial":false,"path_per_floor":["M","?","M","$","M","R","M","M","T","M","M","R","$","M","R","B",null,"M","M","?","$","M","R","E","M","T","R","M","R","?","M","R","B",null,"M","M","M","?","M","R","M","?","T","M","R","$","M","?","R"],"character_chosen":"IRONCLAD","items_purchased":["Pen Nib"],"campfire_rested":1,"item_purchase_floors":[46],"current_hp_per_floor":[80,80,80,80,80,80,80,80,80,80,80,80,80,80,80,43,80,71,77,80,80,70,70,51,55,55,55,58,58,58,57,57,9,80,75,52,30,30,17,17,22,22,22,27,27,27,14,14,38,0],"gold":0,"neow_bonus":"THREE_CARDS","is_prod":false,"is_daily":false,"chose_seed":false,"campfire_upgraded":9,"win_rate":0,"timestamp":1532839809,"path_taken":["M","?","M","$","M","R","M","M","T","M","M","R","$","M","R","BOSS","M","M","?","$","M","R","E","M","T","R","M","R","?","M","R","BOSS","M","M","M","?","M","R","M","?","T","M","R","$","M","?","R","BOSS"],"build_version":"2018-07-26","purchased_purges":4,"victory":false,"max_hp_per_floor":[80,80,80,80,80,80,80,80,80,80,80,80,80,80,80,80,80,80,80,80,80,80,80,80,80,80,80,80,80,80,80,80,80,80,80,80,80,80,80,80,80,80,80,80,80,80,80,80,80,80],"card_choices":[{"not_picked":["True Grit","Havoc"],"picked":"Anger","floor":0.0},{"not_picked":["Clothesline","Ghostly Armor","Heavy Blade"],"picked":"SKIP","floor":1.0},{"not_picked":["Anger","Shrug It Off","True Grit"],"picked":"SKIP","floor":3.0},{"not_picked":["Warcry","Havoc","Uppercut"],"picked":"SKIP","floor":5.0},{"not_picked":["Sword Boomerang","Heavy Blade","Hemokinesis"],"picked":"SKIP","floor":7.0},{"not_picked":["Headbutt","Armaments"],"picked":"Searing Blow","floor":8.0},{"not_picked":["Power Through","Whirlwind"],"picked":"Clash","floor":10.0},{"not_picked":["Infernal Blade","Disarm","Entrench"],"picked":"SKIP","floor":11.0},{"not_picked":["Flame Barrier","Pommel Strike","Flex"],"picked":"SKIP","floor":14.0},{"not_picked":["Thunderclap","Infernal Blade+1"],"picked":"Battle Trance","floor":18.0},{"not_picked":["Thunderclap","Anger","Shrug It Off"],"picked":"SKIP","floor":19.0},{"not_picked":["Sword Boomerang","Warcry+1","Anger"],"picked":"SKIP","floor":22.0},{"not_picked":["Exhume","Flex"],"picked":"True Grit+1","floor":24.0},{"not_picked":["Pummel","Shrug It Off","Flex"],"picked":"SKIP","floor":25.0},{"not_picked":["Flex","Power Through"],"picked":"Armaments","floor":28.0},{"not_picked":["Cleave","Seeing Red+1","Pommel Strike"],"picked":"SKIP","floor":31.0},{"not_picked":["Reaper","Bludgeon"],"picked":"Demon Form","floor":33.0},{"not_picked":["Pummel","Perfected Strike"],"picked":"Headbutt+1","floor":35},{"not_picked":["Warcry","Flex"],"picked":"Disarm+1","floor":36},{"not_picked":["Spot Weakness","Clothesline"],"picked":"Shrug It Off","floor":37},{"not_picked":["Flex","Feel No Pain","Second Wind"],"picked":"SKIP","floor":39},{"not_picked":["Bludgeon","Seeing Red","Perfected Strike+1"],"picked":"SKIP","floor":41},{"not_picked":["Good Instincts","Madness"],"picked":"Flash of Steel","floor":42},{"not_picked":["Clash","Bloodletting+1","Sword Boomerang+1"],"picked":"SKIP","floor":44},{"not_picked":["Perfected Strike+1","Body Slam+1","Havoc+1"],"picked":"SKIP","floor":47}],"player_experience":313924,"relics_obtained":[{"floor":9.0,"key":"Self Forming Clay"},{"floor":24.0,"key":"Nunchaku"},{"floor":26.0,"key":"Darkstone Periapt"},{"floor":43,"key":"Toxic Egg 2"}],"event_choices":[{"event_name":"Liars Game","player_choice":"disagreed","floor":2.0,"damage_taken":0.0},{"event_name":"The Library","player_choice":"Heal","floor":20.0,"damage_taken":0.0},{"event_name":"Beggar","player_choice":"Gave Gold","floor":30.0,"damage_taken":0.0},{"event_name":"SecretPortal","player_choice":"Rejected Portal.","floor":38,"damage_taken":0},{"event_name":"SensoryStone","player_choice":"Memory 1","floor":42,"damage_taken":0},{"event_name":"Tomb of Lord Red Mask","player_choice":"Paid","floor":48,"damage_taken":0}],"is_beta":false,"boss_relics":[{"not_picked":["Ectoplasm","Coffee Dripper"],"picked":"Lizard Tail"},{"not_picked":["Eternal Feather","Tiny House"],"picked":"Philosopher\u0027s Stone"}],"items_purged_floors":[4,13,21,46],"is_endless":false,"potions_floor_spawned":[7,8,11,14,16,24,28,31,35,36,39],"killed_by":"Donu and Deca","ascension_level":0}