{"gold_per_floor":[110,125,142,19,29,61,77,103,126,126,111],"floor_reached":11,"playtime":475,"items_purged":["Strike_B"],"score":123,"play_id":"337e8924-268e-49d4-bbd9-1cfdfea43b69","local_time":"20190419012205","is_ascension_mode":true,"campfire_choices":[],"neow_cost":"NONE","seed_source_timestamp":657401729969804,"circlet_count":0,"master_deck":["Strike_B+1","Strike_B","Strike_B","Defend_B+1","Defend_B","Defend_B","Defend_B+1","Zap+1","Dualcast","Ball Lightning","Doom and Gloom+1","Ball Lightning","Loop","Conserve Battery","Sweeping Beam"],"relics":["Cracked Core","Whetstone","Darkstone Periapt","War Paint"],"potions_floor_usage":[6,8],"damage_taken":[{"damage":1,"enemies":"Cultist","floor":1,"turns":3},{"damage":0,"enemies":"Small Slimes","floor":2,"turns":2},{"damage":0,"enemies":"2 Louse","floor":3,"turns":2},{"damage":13,"enemies":"Large Slime","floor":5,"turns":5},{"damage":20,"enemies":"3 Sentries","floor":6,"turns":4},{"damage":12,"enemies":"3 Louse","floor":7,"turns":2},{"damage":25,"enemies":"Gremlin Nob","floor":8,"turns":4},{"damage":11,"enemies":"Looter","floor":11,"turns":1}],"seed_played":"4651173512847825290","potions_obtained":[{"floor":2,"key":"PowerPotion"},{"floor":8,"key":"EssenceOfSteel"}],"is_trial":false,"path_per_floor":["M","M","M","$","M","E","M","E","T","?","M"],"character_chosen":"DEFECT","items_purchased":["Fire Potion"],"campfire_rested":0,"item_purchase_floors":[4],"current_hp_per_floor":[74,74,74,74,61,41,29,4,4,4,0],"gold":111,"neow_bonus":"TEN_PERCENT_HP_BONUS","is_prod":false,"is_daily":false,"chose_seed":false,"campfire_upgraded":0,"win_rate":0,"timestamp":1555654925,"path_taken":["M","M","M","$","M","E","M","E","T","?","M"],"build_version":"2019-01-23","purchased_purges":1,"victory":false,"max_hp_per_floor":[82,82,82,82,82,82,82,82,82,82,82],"card_choices":[{"not_picked":["Streamline","Gash"],"picked":"Ball Lightning","floor":1},{"not_picked":["Steam","Rebound","Leap"],"picked":"SKIP","floor":2},{"not_picked":["Loop","Skim"],"picked":"Doom and Gloom","floor":3},{"not_picked":["Barrage","Loop"],"picked":"Ball Lightning","floor":5},{"not_picked":["Barrage","Go for the Eyes"],"picked":"Loop","floor":6},{"not_picked":["Hello World","Reprogram"],"picked":"Conserve Battery","floor":7},{"not_picked":["Compile Driver","Creative AI"],"picked":"Sweeping Beam","floor":8}],"player_experience":624233,"relics_obtained":[{"floor":6,"key":"Whetstone"},{"floor":8,"key":"Darkstone Periapt"},{"floor":9,"key":"War Paint"}],"event_choices":[{"damage_healed":0,"gold_gain":0,"player_choice":"Grow","damage_taken":0,"max_hp_gain":0,"max_hp_loss":0,"event_name":"Living Wall","floor":10,"gold_loss":0,"cards_upgraded":["Zap"]}],"is_beta":false,"boss_relics":[],"items_purged_floors":[4],"is_endless":false,"potions_floor_spawned":[2,8],"killed_by":"Looter","ascension_level":9}