{"gold_per_floor":[109,121,40,40,54,84,102,17,43,60,72,72,85,162,162,263,263,281,356,229,248,268,268,285,285,338,357,357,357,357,370,370,370],"floor_reached":33,"playtime":1075,"items_purged":["Defend_B"],"score":301,"play_id":"0185e3a7-01f7-47ef-b5b6-4a94b4319d8a","local_time":"20190208180550","is_ascension_mode":false,"campfire_choices":[{"data":"White Noise","floor":12,"key":"SMITH"},{"data":"Good Instincts","floor":15,"key":"SMITH"},{"data":"Biased Cognition","floor":23,"key":"SMITH"},{"data":"Coolheaded","floor":25,"key":"SMITH"},{"floor":29,"key":"REST"},{"floor":32,"key":"REST"}],"neow_cost":"NONE","seed_source_timestamp":690432439741115,"circlet_count":0,"master_deck":["Strike_B","Strike_B","Strike_B","Strike_B","Defend_B","Defend_B","Defend_B","Zap","Dualcast","Reboot","Streamline+1","Blind","White Noise+1","FTL","Good Instincts+1","Coolheaded+1","Leap","Reinforced Body","Biased Cognition+1","Leap","Conserve Battery","Cold Snap","Sunder+1","Decay","Multi-Cast","Capacitor"],"relics":["Cracked Core"],"potions_floor_usage":[16,16,16,33,33,33],"damage_taken":[{"damage":6,"enemies":"Jaw Worm","floor":1,"turns":3},{"damage":0,"enemies":"Cultist","floor":2,"turns":3},{"damage":1,"enemies":"2 Louse","floor":5,"turns":2},{"damage":16,"enemies":"Lagavulin","floor":6,"turns":7},{"damage":9,"enemies":"Red Slaver","floor":7,"turns":2},{"damage":7,"enemies":"Large Slime","floor":10,"turns":6},{"damage":21,"enemies":"Lots of Slimes","floor":11,"turns":3},{"damage":1,"enemies":"Exordium Wildlife","floor":13,"turns":4},{"damage":0,"enemies":"Hexaghost","floor":16,"turns":8},{"damage":3,"enemies":"Shell Parasite","floor":18,"turns":10},{"damage":4,"enemies":"Spheric Guardian","floor":21,"turns":4},{"damage":24,"enemies":"Snake Plant","floor":22,"turns":7},{"damage":4,"enemies":"Centurion and Healer","floor":24,"turns":9},{"damage":22,"enemies":"Sentry and Sphere","floor":27,"turns":7},{"damage":15,"enemies":"Snecko","floor":31,"turns":5},{"damage":65,"enemies":"Champ","floor":33,"turns":14}],"seed_played":"-5223772871871030172","potions_obtained":[{"floor":6,"key":"Strength Potion"},{"floor":7,"key":"FocusPotion"},{"floor":10,"key":"LiquidBronze"},{"floor":24,"key":"Fire Potion"},{"floor":27,"key":"Ancient Potion"},{"floor":31,"key":"Poison Potion"}],"is_trial":false,"path_per_floor":["M","M","$","?","M","E","M","$","T","M","M","R","M","?","R","B",null,"M","?","$","M","M","R","M","R","T","M","?","R","?","M","R","B"],"character_chosen":"DEFECT","items_purchased":["Blind","Good Instincts","Conserve Battery"],"campfire_rested":2,"item_purchase_floors":[3,8,20],"current_hp_per_floor":[69,69,69,69,68,52,43,43,43,36,15,15,14,14,14,14,75,72,65,65,61,37,37,33,33,33,11,11,33,33,18,40,0],"gold":370,"neow_bonus":"ONE_RANDOM_RARE_CARD","is_prod":false,"is_daily":false,"chose_seed":false,"campfire_upgraded":4,"win_rate":0,"timestamp":1549649150,"path_taken":["M","M","$","?","M","E","M","?","T","?","M","R","M","?","R","BOSS","M","?","$","M","?","R","M","R","T","M","?","R","?","?","R","BOSS"],"build_version":"2019-01-23","purchased_purges":1,"victory":false,"max_hp_per_floor":[75,75,75,75,75,75,75,75,75,75,75,75,75,75,75,75,75,75,75,75,75,75,75,75,75,75,75,75,75,75,75,75,75],"card_choices":[{"not_picked":["Leap","Hologram"],"picked":"Streamline","floor":1},{"not_picked":["Storm","Tempest","Stack"],"picked":"SKIP","floor":2},{"not_picked":["Compile Driver","Melter","Rebound"],"picked":"SKIP","floor":5},{"not_picked":["Rebound","Steam Power"],"picked":"White Noise","floor":6},{"not_picked":["Redo","Go for the Eyes"],"picked":"FTL","floor":7},{"not_picked":["Barrage","Heatsinks"],"picked":"Coolheaded","floor":10},{"not_picked":["Steam","Compile Driver"],"picked":"Leap","floor":11},{"not_picked":["Self Repair","Compile Driver"],"picked":"Reinforced Body","floor":13},{"not_picked":["Buffer","Meteor Strike"],"picked":"Biased Cognition","floor":16},{"not_picked":["Hologram","Beam Cell"],"picked":"Leap","floor":18},{"not_picked":["Blizzard","Undo"],"picked":"Cold Snap","floor":21},{"not_picked":["Heatsinks","Streamline"],"picked":"Sunder+1","floor":22},{"not_picked":["Force Field","Auto Shields","Steam+1"],"picked":"SKIP","floor":24},{"not_picked":["Compile Driver","Double Energy+1"],"picked":"White Noise","floor":27},{"not_picked":["Cold Snap","Turbo+1"],"picked":"Capacitor","floor":31}],"player_experience":552281,"relics_obtained":[],"event_choices":[{"damage_healed":0,"gold_gain":0,"player_choice":"Forge","damage_taken":0,"max_hp_gain":0,"max_hp_loss":0,"event_name":"Accursed Blacksmith","floor":4,"gold_loss":0,"cards_upgraded":["Streamline"]},{"damage_healed":0,"gold_gain":77,"player_choice":"Gained Gold","damage_taken":0,"max_hp_gain":0,"max_hp_loss":0,"event_name":"Golden Wing","floor":14,"gold_loss":0},{"damage_healed":0,"gold_gain":75,"player_choice":"Touch","damage_taken":7,"max_hp_gain":0,"max_hp_loss":0,"event_name":"FaceTrader","floor":19,"gold_loss":0},{"damage_healed":0,"gold_gain":0,"player_choice":"Smashed Altar","damage_taken":0,"max_hp_gain":0,"max_hp_loss":0,"event_name":"Forgotten Altar","floor":28,"gold_loss":0,"cards_obtained":["Decay"]},{"damage_healed":0,"gold_gain":0,"cards_transformed":["White Noise"],"player_choice":"Transformed","damage_taken":0,"max_hp_gain":0,"max_hp_loss":0,"event_name":"Transmorgrifier","floor":30,"gold_loss":0,"cards_obtained":["Multi-Cast"]}],"is_beta":false,"boss_relics":[{"not_picked":["Sozu","Velvet Choker","Runic Pyramid"]}],"items_purged_floors":[20],"is_endless":false,"potions_floor_spawned":[6,7,10,11,24,27,31],"killed_by":"Champ","ascension_level":0}