{"gold_per_floor":[117,192,205,20,34,61,72,72,126,139,172,172,191,202,202,305,305,324,324,324,342,361,389,389,409,479,492,492,507,507,9,9,112,112,129,129,49,62,87,87,122,122,122,122,155,155,31,66,66,66],"floor_reached":51,"playtime":2316,"items_purged":["Strike_R","Strike_R"],"score":840,"play_id":"19044049-f530-4a9c-baf0-77aef33e89b4","local_time":"20190430012136","is_ascension_mode":false,"campfire_choices":[{"floor":8,"key":"REST"},{"data":"Shockwave","floor":12,"key":"SMITH"},{"data":"Bash","floor":15,"key":"SMITH"},{"data":"Disarm","floor":24,"key":"SMITH"},{"floor":28,"key":"REST"},{"data":"Armaments","floor":30,"key":"SMITH"},{"data":"Armaments","floor":32,"key":"SMITH"},{"data":"Clothesline","floor":40,"key":"SMITH"},{"data":"Immolate","floor":44,"key":"SMITH"},{"data":"Burning Pact","floor":49,"key":"SMITH"}],"neow_cost":"PERCENT_DAMAGE","seed_source_timestamp":1519747024779400,"circlet_count":0,"master_deck":["Strike_R","Strike_R","Strike_R","Defend_R","Defend_R","Defend_R","Defend_R","Bash+1","Exhume","Shockwave+1","Spot Weakness+1","Rampage","Pummel","Spot Weakness","Headbutt","Battle Trance","Pummel","Anger","Battle Trance","Twin Strike","Impervious","Clothesline+1","RitualDagger","True Grit+1","Cleave","Disarm+1","Twin Strike+1","Warcry+1","Armaments+1","Immolate+1","Master of Strategy","True Grit","Armaments+1","Reaper","Carnage+1","Headbutt+1","Spot Weakness+1","Dark Shackles","Flash of Steel","Enlightenment+1","Burning Pact+1"],"relics":["Burning Blood","Mummified Hand","Red Skull","Happy Flower","Sozu","Boot","The Courier","Bag of Preparation","Mark of Pain","PreservedInsect","Bronze Scales","Potion Belt","War Paint","Bag of Marbles","Pocketwatch"],"potions_floor_usage":[10,11,16,50],"damage_taken":[{"damage":5,"enemies":"Cultist","floor":1,"turns":4},{"damage":1,"enemies":"Jaw Worm","floor":3,"turns":4},{"damage":0,"enemies":"2 Louse","floor":5,"turns":2},{"damage":16,"enemies":"Lagavulin","floor":6,"turns":6},{"damage":13,"enemies":"Red Slaver","floor":7,"turns":3},{"damage":8,"enemies":"Exordium Wildlife","floor":10,"turns":4},{"damage":26,"enemies":"Gremlin Nob","floor":11,"turns":4},{"damage":8,"enemies":"Lots of Slimes","floor":13,"turns":3},{"damage":0,"enemies":"Exordium Thugs","floor":14,"turns":3},{"damage":7,"enemies":"The Guardian","floor":16,"turns":6},{"damage":10,"enemies":"Chosen","floor":18,"turns":2},{"damage":11,"enemies":"Shell Parasite","floor":21,"turns":4},{"damage":24,"enemies":"Shelled Parasite and Fungi","floor":22,"turns":5},{"damage":0,"enemies":"Gremlin Leader","floor":23,"turns":5},{"damage":2,"enemies":"3 Cultists","floor":25,"turns":5},{"damage":7,"enemies":"Snake Plant","floor":27,"turns":3},{"damage":2,"enemies":"Cultist and Chosen","floor":29,"turns":6},{"damage":67,"enemies":"Collector","floor":33,"turns":9},{"damage":15,"enemies":"3 Shapes","floor":35,"turns":7},{"damage":7,"enemies":"Orb Walker","floor":38,"turns":3},{"damage":0,"enemies":"Giant Head","floor":41,"turns":5},{"damage":36,"enemies":"Nemesis","floor":45,"turns":3},{"damage":18,"enemies":"Giant Head","floor":48,"turns":7},{"damage":14,"enemies":"Awakened One","floor":50,"turns":9}],"seed_played":"1616743921309460486","potions_obtained":[{"floor":1,"key":"LiquidBronze"},{"floor":5,"key":"Dexterity Potion"},{"floor":6,"key":"Explosive Potion"},{"floor":13,"key":"Swift Potion"},{"floor":14,"key":"Energy Potion"}],"is_trial":false,"path_per_floor":["M","?","M","$","M","E","M","R","T","M","E","R","M","M","R","B",null,"M","?","?","M","M","E","R","M","T","M","R","M","R","$","R","B",null,"M","?","$","M","T","R","E","?","T","R","E","?","$","E","R","B",null],"character_chosen":"IRONCLAD","items_purchased":["Spot Weakness","Rampage","Pummel","Immolate","Master of Strategy","Bag of Preparation","True Grit","Armaments","Bag of Marbles"],"campfire_rested":2,"item_purchase_floors":[4,4,4,31,31,31,31,31,47],"current_hp_per_floor":[57,46,51,51,57,47,40,64,64,62,42,42,40,46,46,45,80,76,70,70,65,47,53,53,57,57,56,80,80,80,80,80,19,80,80,80,80,79,79,79,80,70,70,70,56,56,56,75,75,67],"gold":66,"neow_bonus":"THREE_RARE_CARDS","is_prod":false,"is_daily":false,"chose_seed":false,"campfire_upgraded":8,"win_rate":1,"timestamp":1556612496,"path_taken":["M","?","M","$","M","E","M","R","T","M","E","R","M","M","R","BOSS","M","?","?","?","M","E","R","M","T","M","R","M","R","$","R","BOSS","M","?","$","?","?","R","E","?","T","R","E","?","$","E","R","BOSS"],"build_version":"2019-01-23","purchased_purges":2,"victory":true,"max_hp_per_floor":[80,80,80,80,80,80,80,80,80,80,80,80,80,80,80,80,80,80,80,80,80,80,80,80,80,80,80,80,80,80,80,80,80,80,80,80,80,80,80,80,80,80,80,80,80,80,80,80,80,80],"card_choices":[{"not_picked":["Dark Embrace","Brutality"],"picked":"Exhume","floor":0},{"not_picked":["Dual Wield","Sword Boomerang","Flex"],"picked":"SKIP","floor":1},{"not_picked":["Fire Breathing","Wild Strike"],"picked":"Shockwave","floor":3},{"not_picked":["Dropkick","Havoc"],"picked":"Spot Weakness","floor":5},{"not_picked":["Dual Wield","Body Slam"],"picked":"Headbutt","floor":6},{"not_picked":["Pommel Strike","Iron Wave"],"picked":"Battle Trance","floor":7},{"not_picked":["Battle Trance","Wild Strike"],"picked":"Pummel","floor":10},{"not_picked":["Sentinel","Entrench"],"picked":"Anger","floor":11},{"not_picked":["Flex","Iron Wave"],"picked":"Battle Trance","floor":13},{"not_picked":["Rampage","Sword Boomerang"],"picked":"Twin Strike","floor":14},{"not_picked":["Demon Form","Bludgeon"],"picked":"Impervious","floor":16},{"not_picked":["Ghostly Armor","Flex"],"picked":"Clothesline","floor":18},{"not_picked":["Feel No Pain+1","Wild Strike"],"picked":"True Grit+1","floor":21},{"not_picked":["Wild Strike","Thunderclap+1"],"picked":"Cleave","floor":22},{"not_picked":["Twin Strike+1","Second Wind"],"picked":"Disarm","floor":23},{"not_picked":["Shockwave","Rupture"],"picked":"Twin Strike+1","floor":25},{"not_picked":["Body Slam","Searing Blow"],"picked":"Warcry+1","floor":27},{"not_picked":["Combust","Perfected Strike"],"picked":"Armaments","floor":29},{"not_picked":["Fiend Fire","Brutality"],"picked":"Reaper","floor":33},{"not_picked":["Perfected Strike+1","Rupture+1"],"picked":"Carnage+1","floor":35},{"not_picked":["Entrench","Pommel Strike+1"],"picked":"Headbutt+1","floor":38},{"not_picked":["Clash+1","Heavy Blade"],"picked":"Spot Weakness+1","floor":41},{"not_picked":["Blind","Bandage Up"],"picked":"Dark Shackles","floor":42},{"not_picked":["Good Instincts","The Bomb"],"picked":"Flash of Steel","floor":42},{"not_picked":["Deep Breath","Mind Blast"],"picked":"Enlightenment","floor":42},{"not_picked":["Evolve","Clothesline","Sword Boomerang+1"],"picked":"SKIP","floor":45},{"not_picked":["Flex","Sentinel"],"picked":"Burning Pact","floor":48}],"player_experience":672252,"relics_obtained":[{"floor":6,"key":"Mummified Hand"},{"floor":9,"key":"Red Skull"},{"floor":11,"key":"Happy Flower"},{"floor":23,"key":"Boot"},{"floor":26,"key":"The Courier"},{"floor":39,"key":"PreservedInsect"},{"floor":41,"key":"Bronze Scales"},{"floor":43,"key":"Potion Belt"},{"floor":45,"key":"War Paint"},{"floor":48,"key":"Pocketwatch"}],"event_choices":[{"damage_healed":0,"gold_gain":75,"player_choice":"Gather Gold","damage_taken":11,"max_hp_gain":0,"max_hp_loss":0,"event_name":"World of Goop","floor":2,"gold_loss":0},{"damage_healed":0,"gold_gain":0,"player_choice":"Joined the Cult","damage_taken":6,"max_hp_gain":0,"max_hp_loss":0,"event_name":"Nest","floor":19,"gold_loss":0,"cards_obtained":["RitualDagger"]},{"damage_healed":0,"gold_gain":0,"player_choice":"Bought 0 Potions","damage_taken":0,"max_hp_gain":0,"max_hp_loss":0,"event_name":"The Woman in Blue","floor":20,"gold_loss":0},{"damage_healed":0,"gold_gain":0,"player_choice":"Got Potions","damage_taken":0,"max_hp_gain":0,"max_hp_loss":0,"event_name":"Lab","floor":36,"gold_loss":0},{"damage_healed":0,"gold_gain":0,"player_choice":"Memory 3","damage_taken":10,"max_hp_gain":0,"max_hp_loss":0,"event_name":"SensoryStone","floor":42,"gold_loss":0},{"damage_healed":0,"gold_gain":0,"player_choice":"Leave","damage_taken":0,"max_hp_gain":0,"max_hp_loss":0,"event_name":"FaceTrader","floor":46,"gold_loss":0}],"is_beta":false,"boss_relics":[{"not_picked":["Philosopher\u0027s Stone","Fusion Hammer"],"picked":"Sozu"},{"not_picked":["Eternal Feather","Tiny House"],"picked":"Mark of Pain"}],"items_purged_floors":[31,37],"is_endless":false,"potions_floor_spawned":[1,5,6,7,13,14,23,25,27,29,38],"ascension_level":0}