{"gold_per_floor":[114,114,124,135,146,173,173,46,72,85,103,103,103,117,117,191,191,146,162,172,62,72,72],"floor_reached":23,"playtime":897,"items_purged":["Strike_R"],"score":374,"play_id":"be9e1e11-4b6e-4014-9113-383c0d45d073","local_time":"20190424120241","is_ascension_mode":true,"campfire_choices":[{"data":"True Grit","floor":7,"key":"SMITH"},{"data":"True Grit","floor":12,"key":"SMITH"},{"data":"Rampage","floor":15,"key":"SMITH"}],"neow_cost":"NONE","seed_source_timestamp":3193592228486832,"circlet_count":0,"master_deck":["AscendersBane","Strike_R","Strike_R+1","Defend_R","Defend_R","Defend_R","Defend_R","Bash","Twin Strike+1","Sentinel","Rampage+1","True Grit+1","True Grit+1","Shrug It Off+1","Shrug It Off","Headbutt","Warcry+1"],"relics":["Burning Blood","Bronze Scales","Whetstone","Lantern","Sozu"],"potions_floor_usage":[4,11,14,16,20],"damage_taken":[{"damage":1,"enemies":"Cultist","floor":1,"turns":3},{"damage":9,"enemies":"2 Louse","floor":3,"turns":2},{"damage":2,"enemies":"Jaw Worm","floor":4,"turns":4},{"damage":13,"enemies":"3 Louse","floor":5,"turns":4},{"damage":30,"enemies":"Lagavulin","floor":6,"turns":6},{"damage":9,"enemies":"2 Fungi Beasts","floor":10,"turns":3},{"damage":0,"enemies":"Gremlin Gang","floor":11,"turns":4},{"damage":9,"enemies":"Lots of Slimes","floor":14,"turns":7},{"damage":41,"enemies":"Hexaghost","floor":16,"turns":11},{"damage":21,"enemies":"2 Thieves","floor":18,"turns":5},{"damage":6,"enemies":"Chosen","floor":19,"turns":5},{"damage":20,"enemies":"Sentry and Sphere","floor":20,"turns":8},{"damage":10,"enemies":"Snake Plant","floor":22,"turns":3},{"damage":35,"enemies":"Gremlin Leader","floor":23,"turns":4}],"seed_played":"8193892606883905383","potions_obtained":[{"floor":3,"key":"EntropicBrew"},{"floor":11,"key":"Regen Potion"},{"floor":14,"key":"Dexterity Potion"}],"is_trial":false,"path_per_floor":["M","?","M","M","M","E","R","$","T","M","M","R","?","M","R","B",null,"M","M","M","?","M","E"],"character_chosen":"IRONCLAD","items_purchased":["True Grit"],"campfire_rested":0,"item_purchase_floors":[8],"current_hp_per_floor":[73,73,70,74,67,43,43,43,43,40,46,46,46,58,58,23,62,47,47,33,33,29,0],"gold":72,"neow_bonus":"RANDOM_COMMON_RELIC","is_prod":false,"is_daily":false,"chose_seed":false,"campfire_upgraded":3,"win_rate":0,"timestamp":1556103761,"path_taken":["M","?","M","?","M","E","R","$","T","M","M","R","?","M","R","BOSS","M","M","M","?","M","E"],"build_version":"2019-01-23","purchased_purges":1,"victory":false,"max_hp_per_floor":[75,75,75,75,75,75,75,75,75,75,75,75,75,75,75,75,75,75,75,75,75,75,75],"card_choices":[{"not_picked":["Sword Boomerang","Heavy Blade"],"picked":"Twin Strike","floor":1},{"not_picked":["Warcry","Flex"],"picked":"Sentinel","floor":3},{"not_picked":["Feel No Pain","Disarm"],"picked":"Rampage","floor":4},{"not_picked":["Disarm","Sever Soul"],"picked":"True Grit","floor":5},{"not_picked":["Searing Blow","Armaments","Havoc"],"picked":"SKIP","floor":6},{"not_picked":["Anger","Limit Break"],"picked":"Shrug It Off","floor":10},{"not_picked":["Dropkick","Clothesline","Wild Strike"],"picked":"SKIP","floor":11},{"not_picked":["Anger","Combust"],"picked":"Shrug It Off","floor":14},{"not_picked":["Wild Strike","Inflame","Corruption"],"picked":"SKIP","floor":18},{"not_picked":["Body Slam","Clash"],"picked":"Headbutt","floor":19},{"not_picked":["Body Slam","Perfected Strike"],"picked":"Warcry+1","floor":20},{"not_picked":["Flex","Dual Wield+1","Anger"],"picked":"SKIP","floor":22}],"player_experience":642977,"relics_obtained":[{"floor":6,"key":"Whetstone"},{"floor":9,"key":"Lantern"}],"event_choices":[{"cards_removed":["Strike_R"],"damage_healed":0,"gold_gain":0,"player_choice":"Offered Basic","damage_taken":0,"max_hp_gain":0,"max_hp_loss":0,"event_name":"Bonfire Elementals","floor":2,"gold_loss":0},{"damage_healed":0,"gold_gain":0,"player_choice":"Ignored","damage_taken":0,"max_hp_gain":0,"max_hp_loss":0,"event_name":"Transmorgrifier","floor":13,"gold_loss":0},{"cards_removed":["Strike_R"],"damage_healed":0,"gold_gain":0,"player_choice":"Upgrade and Remove","damage_taken":0,"max_hp_gain":0,"max_hp_loss":0,"event_name":"Designer","floor":21,"gold_loss":110,"cards_upgraded":["Shrug It Off"]}],"is_beta":false,"boss_relics":[{"not_picked":["Mark of Pain","Black Blood"],"picked":"Sozu"}],"items_purged_floors":[8],"is_endless":false,"potions_floor_spawned":[3,6,11,14,19,22],"killed_by":"Gremlin Leader","ascension_level":18}