{"path_per_floor":["M","?","?","T","M","R","?","R","T","R","E","M","M","M","R","B",null,"M","$","?","M","M","R","M","?","T","M","?","M","M","?","R","B",null,"M","?","?","?","?","R","M","R","T","M","M","M","$","M","R","B"],"character_chosen":"IRONCLAD","items_purchased":["Thread and Needle","Evolve","Sundial"],"gold_per_floor":[118,118,118,189,205,205,205,205,205,205,233,249,269,284,284,382,382,395,59,59,74,85,85,95,95,122,134,134,144,162,162,162,257,287,302,302,302,302,302,302,317,317,343,362,376,392,25,44,44,44],"floor_reached":51,"campfire_rested":0,"playtime":5982,"current_hp_per_floor":[78,75,75,75,75,75,68,68,82,82,73,73,73,73,73,61,94,94,94,94,94,91,91,91,91,91,91,65,65,65,65,65,52,70,70,70,70,61,61,61,70,70,70,70,70,70,70,66,66,69],"items_purged":["Defend_R"],"gold":44,"score":502,"play_id":"263024c8-d341-4be8-80be-d322e93f6a88","is_prod":false,"is_daily":false,"is_ascension_mode":false,"campfire_upgraded":9,"path_taken":["M","?","?","?","M","R","?","R","T","R","E","M","M","M","R","BOSS","M","$","?","M","M","R","M","?","T","M","?","?","M","?","R","BOSS","M","?","?","?","?","R","M","R","T","M","?","M","$","M","R","BOSS"],"build_version":"2018-02-15-PROD1","purchased_purges":1,"victory":true,"master_deck":["Defend_R","Defend_R","Bash+1","Sword Boomerang+1","True Grit+1","Seeing Red+1","Second Wind+1","Body Slam+1","Cleave+1","Shrug It Off+1","Body Slam+1","Impervious+1","Armaments+1","Evolve+1","Feel No Pain+1","Metallicize+1","Fire Breathing+1","Bite","Bite","Bite+1","Bite+1","Bite","Dual Wield+1","Battle Trance+1","Power Through+1","Impervious+1","Flash of Steel+1","Madness","Madness","Burning Pact+1","Seeing Red+1"],"max_hp_per_floor":[80,80,80,80,80,80,80,80,94,94,94,94,94,94,94,94,94,94,94,94,94,94,94,94,94,94,94,65,65,65,65,65,65,70,70,70,70,70,70,70,70,70,70,70,70,70,70,70,70,70],"relics":["Astrolabe","Anchor","Frozen Egg 2","Mango","Prayer Wheel","Sozu","Thread and Needle","Bag of Marbles","Tiny House","Whetstone","Sundial"],"card_choices":[{"not_picked":["Pommel Strike","Body Slam"],"picked":"Second Wind"},{"not_picked":["Headbutt","Warcry"],"picked":"Body Slam"},{"not_picked":["Clothesline","Sword Boomerang"],"picked":"Cleave"},{"not_picked":["Warcry","Bludgeon"],"picked":"Shrug It Off"},{"not_picked":["Thunderclap","Perfected Strike"],"picked":"Body Slam"},{"not_picked":["Limit Break","Offering"],"picked":"Impervious"},{"not_picked":["Warcry","Pommel Strike"],"picked":"Armaments"},{"not_picked":["Wild Strike","Flame Barrier"],"picked":"Feel No Pain"},{"not_picked":["Warcry","Spot Weakness"],"picked":"Fire Breathing"},{"not_picked":["Combust","Headbutt"],"picked":"Dual Wield"},{"not_picked":["Rampage","Headbutt"],"picked":"Battle Trance"},{"not_picked":["Demon Form","Berserk"],"picked":"Impervious"},{"not_picked":["Intimidate","Disarm"],"picked":"Burning Pact"},{"not_picked":["Clash","Twin Strike"],"picked":"Seeing Red"}],"player_experience":63200,"potions_floor_usage":[16,16],"damage_taken":[{"damage":2,"enemies":"Jaw Worm","floor":1,"turns":3},{"damage":0,"enemies":"2 Louse","floor":5,"turns":3},{"damage":9,"enemies":"Gremlin Nob","floor":11,"turns":4},{"damage":0,"enemies":"Small Slimes","floor":12,"turns":2},{"damage":0,"enemies":"2 Fungi Beasts","floor":13,"turns":3},{"damage":0,"enemies":"Large Slime","floor":14,"turns":5},{"damage":12,"enemies":"The Guardian","floor":16,"turns":6},{"damage":0,"enemies":"Chosen","floor":18,"turns":6},{"damage":0,"enemies":"2 Thieves","floor":21,"turns":5},{"damage":3,"enemies":"3 Cultists","floor":22,"turns":5},{"damage":0,"enemies":"Snecko","floor":24,"turns":4},{"damage":0,"enemies":"Snake Plant","floor":27,"turns":5},{"damage":0,"enemies":"3 Cultists","floor":29,"turns":6},{"damage":0,"enemies":"Slaver and Parasite","floor":30,"turns":8},{"damage":13,"enemies":"Collector","floor":33,"turns":7},{"damage":0,"enemies":"3 Shapes","floor":35,"turns":6},{"damage":0,"enemies":"3 Darklings","floor":41,"turns":7},{"damage":0,"enemies":"4 Shapes","floor":44,"turns":6},{"damage":0,"enemies":"Sphere and 2 Shapes","floor":45,"turns":5},{"damage":0,"enemies":"3 Darklings","floor":46,"turns":6},{"damage":11,"enemies":"Maw","floor":48,"turns":7},{"damage":1,"enemies":"Time Eater","floor":50,"turns":9}],"event_choices":[{"event_name":"Scrap Ooze","player_choice":"success","floor":2,"damage_taken":3},{"event_name":"Golden Idol","player_choice":"Ignored","floor":3,"damage_taken":0},{"event_name":"Golden Wing","player_choice":"Card Removal","floor":7,"damage_taken":0},{"event_name":"Drug Dealer","player_choice":"Ignored","floor":20,"damage_taken":0},{"event_name":"The Library","player_choice":"Read","floor":25,"damage_taken":0},{"event_name":"Vampires","player_choice":"Became a vampire","floor":28,"damage_taken":0},{"event_name":"Transmorgrifier","player_choice":"Transform","floor":31,"damage_taken":0},{"event_name":"Upgrade Shrine","player_choice":"Upgraded","floor":36,"damage_taken":0},{"event_name":"Match and Keep!","player_choice":"1 cards matched","floor":37,"damage_taken":0},{"event_name":"Winding Halls","player_choice":"Embrace Madness","floor":38,"damage_taken":0},{"event_name":"Tomb of Lord Red Mask","player_choice":"Ignored","floor":39,"damage_taken":0}],"boss_relics":[{"not_picked":["Question Card","Lizard Tail"],"picked":"Sozu"},{"not_picked":["Runic Cube","Orrery"],"picked":"Tiny House"}],"potions_floor_spawned":[5,12,13,22,24,30,45,46,48],"seed_played":"9368558819768707","ascension_level":0,"is_trial":false}