{"gold_per_floor":[117,192,157,157,177,213,213,252,252,292,316,46,379,45,45,45],"floor_reached":16,"playtime":526,"items_purged":["Defend_R","Defend_R"],"score":157,"play_id":"62a5d45a-a390-46c3-94c4-04f7c960aa7a","local_time":"20190107171651","is_ascension_mode":true,"campfire_choices":[{"data":"Pommel Strike","floor":7,"key":"SMITH"},{"data":"Discovery","floor":15,"key":"SMITH"}],"neow_cost":"PERCENT_DAMAGE","seed_source_timestamp":163544117273935,"circlet_count":0,"master_deck":["Strike_R","Strike_R","Strike_R","Strike_R","Strike_R","Defend_R","Defend_R","Bash","Cleave","Shrug It Off","Pommel Strike+1","Rage","Twin Strike","Headbutt","Rage","Juggernaut","Discovery+1"],"relics":["Burning Blood","Golden Idol","Mercury Hourglass","Champion Belt","Darkstone Periapt","Strawberry","Old Coin","Pen Nib"],"potions_floor_usage":[16],"damage_taken":[{"damage":10,"enemies":"Small Slimes","floor":1,"turns":4},{"damage":6,"enemies":"2 Louse","floor":5,"turns":2},{"damage":46,"enemies":"Lagavulin","floor":6,"turns":8},{"damage":22,"enemies":"Gremlin Nob","floor":8,"turns":4},{"damage":21,"enemies":"Lagavulin","floor":10,"turns":6},{"damage":1,"enemies":"Jaw Worm","floor":11,"turns":3},{"damage":10,"enemies":"Gremlin Nob","floor":13,"turns":3},{"damage":24,"enemies":"Slime Boss","floor":16,"turns":5}],"seed_played":"4310999085508222116","potions_obtained":[{"floor":1,"key":"GamblersBrew"},{"floor":5,"key":"Ancient Potion"}],"is_trial":false,"path_per_floor":["M","?","?","?","M","E","R","E","T","E","M","$","E","$","R","B"],"character_chosen":"IRONCLAD","items_purchased":["Rage","Juggernaut","Pen Nib","Discovery"],"campfire_rested":0,"item_purchase_floors":[12,12,14,14],"current_hp_per_floor":[68,57,81,81,81,41,41,25,25,17,22,22,18,18,18,0],"gold":45,"neow_bonus":"TWENTY_PERCENT_HP_BONUS","is_prod":false,"is_daily":false,"chose_seed":false,"campfire_upgraded":2,"win_rate":0,"timestamp":1546881411,"path_taken":["M","?","?","?","M","E","R","E","T","E","M","$","E","?","R","BOSS"],"build_version":"2019-01-03v4","purchased_purges":2,"victory":false,"max_hp_per_floor":[96,96,96,89,89,89,89,89,89,96,96,96,96,96,96,96],"card_choices":[{"not_picked":["Combust","Twin Strike"],"picked":"Cleave","floor":1},{"not_picked":["Iron Wave","Pommel Strike"],"picked":"Shrug It Off","floor":5},{"not_picked":["Pummel","Entrench"],"picked":"Pommel Strike","floor":6},{"not_picked":["Flex","Blood for Blood"],"picked":"Rage","floor":8},{"not_picked":["Perfected Strike","Sword Boomerang"],"picked":"Twin Strike","floor":10},{"not_picked":["Anger","Iron Wave"],"picked":"Headbutt","floor":11},{"not_picked":["Berserk","Flex","Spot Weakness"],"picked":"SKIP","floor":13}],"player_experience":10768,"relics_obtained":[{"floor":6,"key":"Mercury Hourglass"},{"floor":8,"key":"Champion Belt"},{"floor":9,"key":"Darkstone Periapt"},{"floor":10,"key":"Strawberry"},{"floor":13,"key":"Old Coin"}],"event_choices":[{"damage_healed":0,"gold_gain":75,"player_choice":"Gather Gold","damage_taken":11,"max_hp_gain":0,"max_hp_loss":0,"event_name":"World of Goop","floor":2,"gold_loss":0},{"damage_healed":24,"gold_gain":0,"player_choice":"Healed","damage_taken":0,"max_hp_gain":0,"max_hp_loss":0,"event_name":"The Cleric","floor":3,"gold_loss":35},{"damage_healed":0,"gold_gain":0,"player_choice":"Lose Max HP","damage_taken":0,"relics_obtained":["Golden Idol"],"max_hp_gain":0,"max_hp_loss":7,"event_name":"Golden Idol","floor":4,"gold_loss":0}],"is_beta":false,"boss_relics":[],"items_purged_floors":[12,14],"is_endless":false,"potions_floor_spawned":[1,5],"killed_by":"Slime Boss","ascension_level":1}