{"path_per_floor":["M","?","M","$","?","R","E","R","T","E","R","T","$","?","R","B",null,"M","M","M","M","M","R","E","?","T","R","M","M","R","M","R","B",null,"M","$","?","?","M","R","M"],"character_chosen":"IRONCLAD","items_purchased":["Paper Frog","Clash"],"gold_per_floor":[109,109,127,127,202,202,227,227,227,260,260,312,1,1,1,75,75,75,75,75,75,75,75,75,75,75,75,75,75,75,75,75,75,75,75,0,0,0,0,0,0],"floor_reached":42,"campfire_rested":6,"playtime":1653,"current_hp_per_floor":[78,77,77,77,66,66,86,86,86,58,85,85,85,85,85,46,80,86,75,60,59,55,82,38,38,38,65,62,40,67,51,78,33,77,77,77,77,77,54,81,50],"items_purged":["Defend_R"],"gold":0,"score":662,"play_id":"e1b4f984-8020-46a4-97e3-407695c24a03","local_time":"20180309152808","is_prod":false,"is_daily":false,"is_ascension_mode":true,"campfire_upgraded":3,"timestamp":1520609288,"path_taken":["M","?","?","$","?","R","E","R","T","E","R","?","$","?","R","BOSS","M","M","M","M","?","R","E","?","T","R","M","M","R","M","R","BOSS","M","$","?","?","M","R","?","E"],"build_version":"2018-03-01-PROD1","purchased_purges":1,"victory":false,"master_deck":["Strike_R+1","Strike_R","Strike_R","Strike_R","Strike_R+1","Defend_R","Defend_R","Defend_R","Bash+1","Clash+1","Clash+1","Double Tap","Cleave+1","Seeing Red+1","Flex+1","Clash+1","Offering"],"max_hp_per_floor":[80,77,77,77,77,77,91,91,91,91,91,91,91,91,91,91,91,91,91,91,91,91,91,91,91,91,91,91,91,91,91,91,91,91,91,91,91,91,91,91,91],"relics":["Burning Blood","NeowsBlessing","Mango","Bird Faced Urn","Shuriken","Whetstone","Paper Frog","Ectoplasm","Bag of Preparation","Shovel","Runic Pyramid","Red Mask"],"card_choices":[{"not_picked":["Havoc","Body Slam"],"picked":"Clash"},{"not_picked":["Reaper","Barricade"],"picked":"Double Tap"},{"not_picked":["Heavy Blade","Warcry"],"picked":"Cleave"},{"not_picked":["Cleave","Limit Break"],"picked":"Seeing Red"},{"not_picked":["Shockwave","Perfected Strike"],"picked":"Flex"},{"not_picked":["Combust","Corruption"],"picked":"Clash"},{"not_picked":["Bludgeon","Demon Form"],"picked":"Offering"}],"player_experience":231002,"potions_floor_usage":[24,28,28,35,39,41,41],"damage_taken":[{"damage":0,"enemies":"Small Slimes","floor":1,"turns":1},{"damage":0,"enemies":"2 Louse","floor":3,"turns":1},{"damage":0,"enemies":"Gremlin Nob","floor":7,"turns":1},{"damage":34,"enemies":"3 Sentries","floor":10,"turns":10},{"damage":45,"enemies":"Slime Boss","floor":16,"turns":10},{"damage":0,"enemies":"Spheric Guardian","floor":18,"turns":2},{"damage":17,"enemies":"3 Byrds","floor":19,"turns":5},{"damage":21,"enemies":"Centurion and Healer","floor":20,"turns":4},{"damage":7,"enemies":"Chosen and Byrds","floor":21,"turns":3},{"damage":10,"enemies":"Snecko","floor":22,"turns":3},{"damage":50,"enemies":"Slavers","floor":24,"turns":5},{"damage":9,"enemies":"Centurion and Healer","floor":28,"turns":2},{"damage":28,"enemies":"Snake Plant","floor":29,"turns":3},{"damage":22,"enemies":"Sentry and Sphere","floor":31,"turns":4},{"damage":51,"enemies":"Collector","floor":33,"turns":5},{"damage":6,"enemies":"Orb Walker","floor":35,"turns":2},{"damage":29,"enemies":"3 Darklings","floor":39,"turns":3},{"damage":37,"enemies":"Maw","floor":41,"turns":6},{"damage":59,"enemies":"Giant Head","floor":42,"turns":5}],"event_choices":[{"event_name":"Living Wall","player_choice":"Forget","floor":2,"damage_taken":0},{"event_name":"World of Goop","player_choice":"Gather Gold","floor":5,"damage_taken":0},{"event_name":"Liars Game","player_choice":"disagreed","floor":14,"damage_taken":0},{"event_name":"Drug Dealer","player_choice":"Ignored","floor":25,"damage_taken":0},{"event_name":"Tomb of Lord Red Mask","player_choice":"Paid","floor":37,"damage_taken":0},{"event_name":"Upgrade Shrine","player_choice":"Upgraded","floor":38,"damage_taken":0}],"boss_relics":[{"not_picked":["Mark of Pain","Calling Bell"],"picked":"Ectoplasm"},{"not_picked":["Astrolabe","Runic Dome"],"picked":"Runic Pyramid"}],"potions_floor_spawned":[16,19,20,24,31,35,39],"seed_played":"-7227447356280830931","killed_by":"Giant Head","ascension_level":13,"is_trial":false}