{"gold_per_floor":[117,117,67,142,158,158,175,199,226,226,240,250,261,271,271,374,374,393,422,422,170,185,201,216,230,230,96,96,96,96,107,107,107],"floor_reached":33,"playtime":1246,"items_purged":["Defend_B","Strike_B"],"score":241,"play_id":"ac2c8535-20da-4bcf-9779-35c7386a7b3e","local_time":"20190208174741","is_ascension_mode":false,"campfire_choices":[{"data":"Streamline","floor":6,"key":"SMITH"},{"data":"Reinforced Body","floor":10,"key":"SMITH"},{"data":"Rebound","floor":15,"key":"SMITH"},{"floor":29,"key":"REST"},{"floor":32,"key":"REST"}],"neow_cost":"NONE","seed_source_timestamp":689172837593042,"circlet_count":0,"master_deck":["Strike_B","Strike_B","Strike_B","Defend_B","Defend_B","Defend_B","Zap","Reinforced Body+1","Streamline+1","Conserve Battery","Reinforced Body+1","Sweeping Beam","Electrodynamics","Rebound+1","Sweeping Beam","Cold Snap+1","Defragment","Leap","Auto Shields","Coolheaded","Streamline","Capacitor","Glacier+1"],"relics":["Sozu"],"potions_floor_usage":[],"damage_taken":[{"damage":1,"enemies":"Jaw Worm","floor":1,"turns":3},{"damage":0,"enemies":"Small Slimes","floor":5,"turns":4},{"damage":0,"enemies":"Cultist","floor":7,"turns":4},{"damage":12,"enemies":"The Mushroom Lair","floor":8,"turns":5},{"damage":1,"enemies":"Large Slime","floor":11,"turns":5},{"damage":0,"enemies":"3 Louse","floor":12,"turns":3},{"damage":0,"enemies":"Blue Slaver","floor":13,"turns":4},{"damage":4,"enemies":"Large Slime","floor":14,"turns":5},{"damage":12,"enemies":"Hexaghost","floor":16,"turns":10},{"damage":5,"enemies":"2 Thieves","floor":18,"turns":5},{"damage":28,"enemies":"Masked Bandits","floor":19,"turns":4},{"damage":12,"enemies":"Spheric Guardian","floor":22,"turns":4},{"damage":15,"enemies":"Centurion and Healer","floor":23,"turns":7},{"damage":14,"enemies":"Cultist and Chosen","floor":24,"turns":6},{"damage":0,"enemies":"Snecko","floor":25,"turns":9},{"damage":16,"enemies":"Colosseum Slavers","floor":28,"turns":6},{"damage":22,"enemies":"Centurion and Healer","floor":31,"turns":8},{"damage":66,"enemies":"Automaton","floor":33,"turns":18}],"seed_played":"7123300108490089334","potions_obtained":[],"is_trial":false,"path_per_floor":["M","?","?","?","M","R","M","?","T","R","M","M","M","M","R","B",null,"M","?","?","$","M","M","M","M","T","$","?","R","?","M","R","B"],"character_chosen":"DEFECT","items_purchased":["Defragment","Leap","Auto Shields","Capacitor"],"campfire_rested":2,"item_purchase_floors":[21,21,21,27],"current_hp_per_floor":[74,74,74,63,63,63,63,51,51,51,50,50,50,46,46,34,75,70,42,85,85,73,58,44,44,44,44,28,53,53,31,56,0],"gold":107,"neow_bonus":"BOSS_RELIC","is_prod":false,"is_daily":false,"chose_seed":false,"campfire_upgraded":3,"win_rate":0,"timestamp":1549648061,"path_taken":["M","?","?","?","M","R","M","?","T","R","M","M","M","M","R","BOSS","M","?","?","$","?","M","M","M","T","$","?","R","?","M","R","BOSS"],"build_version":"2019-01-23","purchased_purges":2,"victory":false,"max_hp_per_floor":[75,75,75,75,75,75,75,75,75,75,75,75,75,75,75,75,75,75,75,85,85,85,85,85,85,85,85,85,85,85,85,85,85],"card_choices":[{"not_picked":["Steam Power","Steam"],"picked":"Reinforced Body","floor":1},{"not_picked":["Ball Lightning","Turbo"],"picked":"Streamline","floor":5},{"not_picked":["Redo","Sweeping Beam"],"picked":"Conserve Battery","floor":7},{"not_picked":["Sweeping Beam","Storm"],"picked":"Reinforced Body","floor":8},{"not_picked":["Go for the Eyes","Coolheaded"],"picked":"Sweeping Beam","floor":11},{"not_picked":["Static Discharge","Go for the Eyes"],"picked":"Electrodynamics","floor":12},{"not_picked":["Defragment","Hologram"],"picked":"Rebound","floor":13},{"not_picked":["Double Energy","Redo"],"picked":"Sweeping Beam","floor":14},{"not_picked":["Thunder Strike","Reboot"],"picked":"Machine Learning","floor":16},{"not_picked":["Darkness","Stack","Undo"],"picked":"SKIP","floor":18},{"not_picked":["Darkness+1","Conserve Battery"],"picked":"Cold Snap+1","floor":19},{"not_picked":["Glacier","Go for the Eyes"],"picked":"Coolheaded","floor":22},{"not_picked":["Beam Cell","Heatsinks","Go for the Eyes"],"picked":"SKIP","floor":23},{"not_picked":["Rip and Tear+1","Turbo+1"],"picked":"Streamline","floor":24},{"not_picked":["Aggregate","Reprogram","Sunder"],"picked":"SKIP","floor":25},{"not_picked":["Reboot","Gash+1"],"picked":"Glacier+1","floor":31}],"player_experience":551035,"relics_obtained":[],"event_choices":[{"damage_healed":0,"gold_gain":0,"player_choice":"Grow","damage_taken":0,"max_hp_gain":0,"max_hp_loss":0,"event_name":"Living Wall","floor":2,"gold_loss":0,"cards_upgraded":["Reinforced Body"]},{"cards_removed":["Dualcast"],"damage_healed":0,"gold_gain":0,"player_choice":"Card Removal","damage_taken":0,"max_hp_gain":0,"max_hp_loss":0,"event_name":"The Cleric","floor":3,"gold_loss":50},{"damage_healed":0,"gold_gain":75,"player_choice":"Gather Gold","damage_taken":11,"max_hp_gain":0,"max_hp_loss":0,"event_name":"World of Goop","floor":4,"gold_loss":0},{"damage_healed":0,"gold_gain":0,"player_choice":"Fought Mushrooms","damage_taken":0,"max_hp_gain":0,"max_hp_loss":0,"event_name":"Mushrooms","floor":8,"gold_loss":0},{"damage_healed":0,"gold_gain":0,"player_choice":"Fought Bandits","damage_taken":0,"max_hp_gain":0,"max_hp_loss":0,"event_name":"Masked Bandits","floor":19,"gold_loss":0},{"cards_removed":["Machine Learning"],"damage_healed":33,"gold_gain":0,"player_choice":"Offered Rare","damage_taken":0,"max_hp_gain":10,"max_hp_loss":0,"event_name":"Bonfire Elementals","floor":20,"gold_loss":0},{"damage_healed":0,"gold_gain":0,"player_choice":"Fight","damage_taken":0,"max_hp_gain":0,"max_hp_loss":0,"event_name":"Colosseum","floor":28,"gold_loss":0},{"damage_healed":0,"gold_gain":0,"player_choice":"Fled From Nobs","damage_taken":0,"max_hp_gain":0,"max_hp_loss":0,"event_name":"Colosseum","floor":28,"gold_loss":0},{"damage_healed":0,"gold_gain":0,"player_choice":"Ignored","damage_taken":0,"max_hp_gain":0,"max_hp_loss":0,"event_name":"The Mausoleum","floor":30,"gold_loss":0}],"is_beta":false,"boss_relics":[{"not_picked":["Orrery","Ectoplasm","Nuclear Battery"]}],"items_purged_floors":[21,27],"is_endless":false,"potions_floor_spawned":[1,5,8,12,18,19,23,24,28],"killed_by":"Automaton","ascension_level":0}