{"path_per_floor":["M","M","M","?","?","E","M","E","T","E","M","R","M","?","R","B",null,"M","M","M","$","?","E","R","?","T","R","E","T","E","M","R","B",null,"M","?","M","$","M","E","?","M","T","R","E","M","E","M","R","B"],"character_chosen":"IRONCLAD","items_purchased":["Frozen Egg 2","Apotheosis","Vajra","Meat on the Bone","Mind Blast"],"gold_per_floor":[114,129,144,94,171,201,171,201,226,256,271,271,286,461,461,561,561,576,591,606,159,159,189,189,189,189,189,219,269,299,314,314,414,414,429,529,544,48,63,93,93,108,158,158,188,203,233,248,248,248],"floor_reached":51,"campfire_rested":3,"playtime":1490,"current_hp_per_floor":[74,61,55,55,55,55,71,85,85,85,89,89,89,89,89,58,94,94,76,81,81,65,59,88,88,88,98,79,79,89,62,92,102,102,56,56,66,66,64,69,69,70,70,70,82,92,94,104,104,98],"items_purged":[],"gold":248,"score":1340,"play_id":"7f1c8ca4-3c94-4a75-8a1a-eddd6f046663","local_time":"20180426202526","daily_mods":["Shiny","Lethality","Hoarder"],"is_prod":false,"is_daily":true,"chose_seed":false,"is_ascension_mode":false,"campfire_upgraded":4,"timestamp":1524795926,"path_taken":["M","M","M","?","?","E","M","E","T","E","M","R","M","?","R","BOSS","M","M","M","$","?","E","R","?","T","R","E","?","E","M","R","BOSS","M","?","M","$","?","E","?","M","T","R","E","M","E","M","R","BOSS"],"build_version":"2018-04-26","seed_source_timestamp":0,"purchased_purges":0,"victory":true,"master_deck":["Double Tap","Double Tap","Double Tap","Demon Form","Demon Form","Demon Form","Bludgeon","Bludgeon","Bludgeon","Feed","Feed","Feed","Limit Break+1","Limit Break","Limit Break","Barricade","Barricade","Barricade","Fiend Fire","Fiend Fire","Fiend Fire","Dark Embrace","Dark Embrace","Berserk","Berserk","Berserk","Impervious","Impervious","Impervious","Juggernaut","Juggernaut","Brutality","Brutality","Brutality","Reaper","Reaper","Reaper","Exhume","Exhume","Exhume","Offering","Offering","Offering","Immolate","Immolate","Immolate","Shrug It Off","Shrug It Off","Shrug It Off","Whirlwind+1","Whirlwind","Whirlwind","Pommel Strike","Pommel Strike","Pommel Strike","Shrug It Off","Shrug It Off","Shrug It Off","Entrench","Entrench","Entrench","Infernal Blade","Infernal Blade","Infernal Blade","Doubt","Doubt","Doubt","Clash+1","Clash+1","Clash+1","Body Slam","Body Slam","Body Slam","Apotheosis","Apotheosis","Apotheosis","Regret","Regret","Regret","Body Slam","Body Slam","Body Slam","Clumsy","Clumsy","Clumsy","Pommel Strike+1","Pommel Strike+1","Pommel Strike+1","Cleave+1","Cleave+1","Cleave+1","Offering","Offering","Offering","Regret","Regret","Regret","Pain","Pain","Pain","Decay","Decay","Decay","Mind Blast+1","Mind Blast+1","Mind Blast","Clumsy","Clumsy","Clumsy"],"max_hp_per_floor":[80,80,83,83,83,85,87,87,87,89,89,89,89,89,89,94,94,94,94,96,96,96,98,98,98,98,98,98,98,102,102,102,102,102,104,104,106,106,108,110,110,112,112,112,114,116,118,120,120,120],"relics":["Burning Blood","Singing Bowl","Bottled Lightning","Bag of Marbles","Ancient Tea Set","Cursed Key","Frozen Egg 2","Enchiridion","Lantern","Blood Vial","Anchor","Art of War","Bronze Scales","Calling Bell","Bag of Preparation","Kunai","Shovel","Vajra","Meat on the Bone","Oddly Smooth Stone","Pen Nib","Bottled Flame","Orichalcum"],"card_choices":[{"not_picked":["Flex","True Grit"],"picked":"Shrug It Off","floor":1},{"not_picked":["Hemokinesis","Power Through"],"picked":"Whirlwind","floor":2},{"not_picked":["Armaments","Heavy Blade"],"picked":"Pommel Strike","floor":3},{"not_picked":["Iron Wave","Flex"],"picked":"Shrug It Off","floor":8},{"not_picked":["Iron Wave","Havoc"],"picked":"Entrench","floor":11},{"not_picked":["Twin Strike","Heavy Blade"],"picked":"Infernal Blade","floor":13},{"not_picked":["Sword Boomerang","True Grit"],"picked":"Clash","floor":18},{"not_picked":["Flame Barrier","Fire Breathing"],"picked":"Body Slam","floor":19},{"not_picked":["Disarm","Fire Breathing"],"picked":"Body Slam","floor":28},{"not_picked":["Exhume","Twin Strike"],"picked":"Pommel Strike","floor":30},{"not_picked":["Sword Boomerang","Thunderclap"],"picked":"Cleave","floor":31},{"not_picked":["Berserk","Demon Form"],"picked":"Offering","floor":33}],"player_experience":337514,"potions_floor_usage":[16,16,16,23,23,28,30],"damage_taken":[{"damage":12,"enemies":"Small Slimes","floor":1,"turns":1},{"damage":19,"enemies":"Jaw Worm","floor":2,"turns":2},{"damage":30,"enemies":"2 Louse","floor":3,"turns":3},{"damage":8,"enemies":"Lagavulin","floor":6,"turns":2},{"damage":2,"enemies":"Looter","floor":7,"turns":4},{"damage":7,"enemies":"3 Sentries","floor":8,"turns":4},{"damage":8,"enemies":"Gremlin Nob","floor":10,"turns":2},{"damage":0,"enemies":"2 Fungi Beasts","floor":11,"turns":3},{"damage":0,"enemies":"Large Slime","floor":13,"turns":2},{"damage":42,"enemies":"The Guardian","floor":16,"turns":9},{"damage":4,"enemies":"Spheric Guardian","floor":18,"turns":2},{"damage":24,"enemies":"2 Thieves","floor":19,"turns":4},{"damage":3,"enemies":"Centurion and Healer","floor":20,"turns":3},{"damage":14,"enemies":"Slavers","floor":23,"turns":3},{"damage":25,"enemies":"Book of Stabbing","floor":28,"turns":5},{"damage":14,"enemies":"Slavers","floor":30,"turns":3},{"damage":35,"enemies":"Cultist and Chosen","floor":31,"turns":4},{"damage":7,"enemies":"Champ","floor":33,"turns":6},{"damage":54,"enemies":"3 Darklings","floor":35,"turns":6},{"damage":0,"enemies":"Orb Walker","floor":37,"turns":2},{"damage":12,"enemies":"Sphere and 2 Shapes","floor":39,"turns":2},{"damage":17,"enemies":"Giant Head","floor":40,"turns":4},{"damage":9,"enemies":"Spire Growth","floor":42,"turns":1},{"damage":22,"enemies":"2 Orb Walkers","floor":45,"turns":3},{"damage":0,"enemies":"Maw","floor":46,"turns":1},{"damage":8,"enemies":"Giant Head","floor":47,"turns":1},{"damage":0,"enemies":"Flame Bruiser 2 Orb","floor":48,"turns":1},{"damage":14,"enemies":"Donu and Deca","floor":50,"turns":3}],"event_choices":[{"event_name":"The Cleric","player_choice":"Card Removal","floor":4,"damage_taken":0},{"event_name":"Golden Wing","player_choice":"Gained Gold","floor":5,"damage_taken":0},{"event_name":"Liars Game","player_choice":"agreed","floor":14,"damage_taken":0},{"event_name":"Cursed Tome","player_choice":"Obtained Book","floor":22,"damage_taken":0},{"event_name":"Vampires","player_choice":"Ignored","floor":25,"damage_taken":0},{"event_name":"Golden Shrine","player_choice":"Pray","floor":36,"damage_taken":0}],"boss_relics":[{"not_picked":["Ectoplasm","Runic Cube"],"picked":"Cursed Key"},{"not_picked":["Black Star","Tiny House"],"picked":"Calling Bell"}],"potions_floor_spawned":[1,10,11,13,16,18,23,28,33,37,39,42,45,48],"seed_played":"7526765206531724544","ascension_level":0,"is_trial":false}