{"gold_per_floor":[110,125,50,70,70,70,87,87,87,103,128,128,143,172,172,275,275,295,220,0,0,0,27,40,53,53,79,79,79,97,97,97,97],"floor_reached":33,"playtime":4729,"items_purged":["Strike_G","Strike_G"],"score":320,"play_id":"3fb10d07-9675-436c-81be-e8e5ee38de9e","local_time":"20190430142214","is_ascension_mode":false,"campfire_choices":[{"data":"Neutralize","floor":6.0,"key":"SMITH"},{"data":"Iron Wave","floor":8.0,"key":"SMITH"},{"data":"Dash","floor":12.0,"key":"SMITH"},{"data":"Backstab","floor":15.0,"key":"SMITH"},{"data":"Enlightenment","floor":32,"key":"SMITH"}],"neow_cost":"NONE","seed_source_timestamp":0,"circlet_count":0,"master_deck":["Defend_G","Defend_G","Defend_G","Defend_G","Defend_G","Survivor","Neutralize+1","Impatience","Predator","Predator","Iron Wave+1","Flying Knee","Dash+1","Well Laid Plans+1","Cloak And Dagger","Backstab+1","Venomology","Reflex","Enlightenment+1","Shame","Tactician","Tools of the Trade+1","Adrenaline","Dash"],"special_seed":0,"relics":["Ring of the Snake","The Courier","Frozen Egg 2","Blue Candle","HoveringKite","Omamori","Happy Flower","Meat on the Bone","Oddly Smooth Stone","Snake Skull"],"potions_floor_usage":[23,25,27,30,33,33],"damage_taken":[{"damage":1.0,"enemies":"Jaw Worm","floor":1.0,"turns":5.0},{"damage":0.0,"enemies":"Cultist","floor":2.0,"turns":3.0},{"damage":0.0,"enemies":"Small Slimes","floor":4.0,"turns":3.0},{"damage":0.0,"enemies":"Looter","floor":7.0,"turns":3.0},{"damage":0.0,"enemies":"Large Slime","floor":10.0,"turns":4.0},{"damage":14.0,"enemies":"Gremlin Nob","floor":11.0,"turns":5.0},{"damage":0.0,"enemies":"2 Fungi Beasts","floor":13.0,"turns":3.0},{"damage":7.0,"enemies":"3 Sentries","floor":14.0,"turns":6.0},{"damage":32.0,"enemies":"Slime Boss","floor":16.0,"turns":11.0},{"damage":3.0,"enemies":"Shell Parasite","floor":18.0,"turns":4.0},{"damage":0,"enemies":"Book of Stabbing","floor":23,"turns":6},{"damage":0,"enemies":"Spheric Guardian","floor":24,"turns":3},{"damage":14,"enemies":"Snake Plant","floor":25,"turns":6},{"damage":5,"enemies":"Slavers","floor":27,"turns":8},{"damage":2,"enemies":"Centurion and Healer","floor":30,"turns":5},{"damage":77,"enemies":"Collector","floor":33,"turns":7}],"seed_played":"-8489094347953817700","potions_obtained":[{"floor":2.0,"key":"SpeedPotion"},{"floor":10.0,"key":"LiquidBronze"},{"floor":14.0,"key":"SteroidPotion"},{"floor":16.0,"key":"SkillPotion"},{"floor":23,"key":"Weak Potion"},{"floor":25,"key":"SpeedPotion"},{"floor":30,"key":"Poison Potion"}],"is_trial":false,"path_per_floor":["M","M","$","M","?","R","M","R","T","M","E","R","M","E","R","B",null,"M","?","$","?","$","E","M","M","T","E","?","?","M","?","R","B"],"character_chosen":"THE_SILENT","items_purchased":["Reflex","Enlightenment"],"campfire_rested":0,"item_purchase_floors":[20,20],"current_hp_per_floor":[69,69,69,69,69,69,69,69,69,69,55,55,55,48,48,16,70,67,67,67,67,67,67,67,53,53,48,48,48,46,46,46,0],"gold":97,"neow_bonus":"RANDOM_COLORLESS","is_prod":false,"is_daily":false,"chose_seed":false,"campfire_upgraded":5,"win_rate":0,"timestamp":1556605334,"path_taken":["M","M","$","M","?","R","M","R","T","M","E","R","M","E","R","BOSS","M","?","$","?","$","E","M","M","T","E","?","?","M","?","R","BOSS"],"build_version":"2019-01-23","purchased_purges":2,"victory":false,"max_hp_per_floor":[70,70,70,70,70,70,70,70,70,70,70,70,70,70,70,70,70,70,70,70,70,70,70,70,70,70,70,70,70,70,70,70,70],"card_choices":[{"not_picked":["Dagger Spray","Deflect"],"picked":"Predator","floor":1.0},{"not_picked":["Catalyst","Deadly Poison"],"picked":"Predator","floor":2.0},{"not_picked":["PiercingWail","Poisoned Stab","Expertise"],"picked":"SKIP","floor":4.0},{"not_picked":["PiercingWail","Poisoned Stab","Expertise"],"picked":"SKIP","floor":4.0},{"not_picked":["Distraction","Blur"],"picked":"Flying Knee","floor":7.0},{"not_picked":["Skewer","Escape Plan"],"picked":"Dash","floor":10.0},{"not_picked":["Slice","Crippling Poison"],"picked":"Well Laid Plans","floor":11.0},{"not_picked":["PiercingWail","Slice"],"picked":"Cloak And Dagger","floor":13.0},{"not_picked":["Distraction","Bane"],"picked":"Backstab","floor":14.0},{"not_picked":["Doppelganger","Burst"],"picked":"Venomology","floor":16.0},{"not_picked":["Deadly Poison","All Out Attack","Concentrate"],"picked":"SKIP","floor":18.0},{"not_picked":["Deadly Poison","All Out Attack","Concentrate"],"picked":"SKIP","floor":18.0},{"not_picked":["Bane+1","Prepared"],"picked":"Tactician","floor":23},{"not_picked":["Infinite Blades+1","Slice","Dodge and Roll"],"picked":"SKIP","floor":24},{"not_picked":["Infinite Blades+1","Slice","Dodge and Roll"],"picked":"SKIP","floor":24},{"not_picked":["Distraction+1","Concentrate"],"picked":"Tools of the Trade+1","floor":25},{"not_picked":["Noxious Fumes+1","Setup"],"picked":"Adrenaline","floor":27},{"not_picked":["Acrobatics","Crippling Poison","Poisoned Stab+1"],"picked":"SKIP","floor":30}],"player_experience":302332,"relics_obtained":[{"floor":9.0,"key":"The Courier"},{"floor":11.0,"key":"Frozen Egg 2"},{"floor":14.0,"key":"Blue Candle"},{"floor":23,"key":"Happy Flower"},{"floor":26,"key":"Meat on the Bone"},{"floor":27,"key":"Oddly Smooth Stone"}],"event_choices":[{"cards_removed":["Strike_G"],"damage_healed":0.0,"max_hp_gain":0.0,"max_hp_loss":0.0,"gold_gain":0.0,"event_name":"NoteForYourself","player_choice":"Took Card","floor":5.0,"gold_loss":0.0,"damage_taken":0.0,"cards_obtained":["Iron Wave"]},{"cards_removed":["Strike_G"],"damage_healed":0.0,"max_hp_gain":0.0,"max_hp_loss":0.0,"gold_gain":0.0,"event_name":"Beggar","player_choice":"Gave Gold","floor":19.0,"gold_loss":75.0,"damage_taken":0.0},{"damage_healed":0.0,"max_hp_gain":0.0,"max_hp_loss":0.0,"gold_gain":0.0,"event_name":"Addict","player_choice":"Stole Relic","floor":21.0,"gold_loss":0.0,"damage_taken":0.0,"relics_obtained":["Omamori"],"cards_obtained":["Shame"]},{"damage_healed":0,"gold_gain":0,"player_choice":"Read","damage_taken":0,"max_hp_gain":0,"max_hp_loss":0,"event_name":"The Library","floor":28,"gold_loss":0,"cards_obtained":["Dash"]},{"cards_removed":["Strike_G"],"damage_healed":0,"gold_gain":0,"player_choice":"Elegance","damage_taken":0,"max_hp_gain":0,"max_hp_loss":0,"event_name":"Back to Basics","floor":29,"gold_loss":0},{"damage_healed":0,"gold_gain":0,"player_choice":"Opened","damage_taken":0,"relics_obtained":["Snake Skull"],"max_hp_gain":0,"max_hp_loss":0,"event_name":"The Mausoleum","floor":31,"gold_loss":0,"cards_obtained":["Writhe"]}],"is_beta":false,"boss_relics":[{"not_picked":["Tiny House","Astrolabe"],"picked":"HoveringKite"}],"items_purged_floors":[3,20],"is_endless":false,"potions_floor_spawned":[2,10,14,16,23,25,30],"killed_by":"Collector","ascension_level":0}