{"path_per_floor":["M","?","M","?","M","R","E","?","T","R","E","$","E","M","R","B",null,"M","M","?","$","M","R","?","M","T","?","?","E","M","E","R"],"character_chosen":"IRONCLAD","items_purchased":["Torii","Flex"],"gold_per_floor":[109,109,125,200,223,223,256,256,256,256,300,7,46,65,65,194,194,209,232,157,55,78,78,78,98,98,98,98,134,155,196,196],"floor_reached":33,"campfire_rested":3,"playtime":1453,"current_hp_per_floor":[73,53,58,47,47,47,21,21,21,45,42,42,44,46,70,26,80,80,80,80,80,62,62,62,64,64,64,64,68,58,42,66],"items_purged":["Strike_R"],"gold":196,"score":364,"play_id":"c8bed913-9121-4a1a-92e4-7350b45f24be","local_time":"20180319005331","is_prod":false,"is_daily":false,"is_ascension_mode":true,"campfire_upgraded":2,"timestamp":1521442411,"path_taken":["M","?","M","?","M","R","E","?","T","R","E","$","E","?","R","BOSS","M","M","?","$","M","R","?","M","T","?","?","E","M","E","R","BOSS"],"build_version":"2018-03-16","purchased_purges":1,"victory":false,"master_deck":["Strike_R","Strike_R","Strike_R","Defend_R","Defend_R","Defend_R","Defend_R","Bash+1","Ghostly Armor+1","Whirlwind+1","Offering","Rage+1","Dropkick","Flex","Headbutt","Whirlwind+1","Clash","Clash"],"max_hp_per_floor":[80,80,80,80,80,80,80,80,80,80,80,80,80,80,80,80,80,80,80,80,80,80,80,80,80,80,80,80,80,80,80,80],"relics":["Burning Blood","Golden Idol","Toolbox","Gambling Chip","Omamori","Torii","Calipers","Cursed Key","Letter Opener","Blood Vial","Frozen Egg 2","Shovel"],"card_choices":[{"not_picked":["Intimidate","Havoc"],"picked":"Ghostly Armor"},{"not_picked":["Body Slam","Warcry"],"picked":"Whirlwind"},{"not_picked":["Disarm","Sword Boomerang"],"picked":"Offering"},{"not_picked":["Second Wind","Armaments"],"picked":"Rage"},{"not_picked":["Clash","Armaments"],"picked":"Dropkick"},{"not_picked":["Iron Wave","Fiend Fire"],"picked":"Headbutt"},{"not_picked":["Flex","Rampage"],"picked":"Whirlwind"},{"not_picked":["Pommel Strike","Combust"],"picked":"Clash"}],"player_experience":234775,"potions_floor_usage":[11,18,19,22,30],"damage_taken":[{"damage":13,"enemies":"Small Slimes","floor":1,"turns":4},{"damage":1,"enemies":"2 Louse","floor":3,"turns":3},{"damage":6,"enemies":"Cultist","floor":5,"turns":3},{"damage":32,"enemies":"Gremlin Nob","floor":7,"turns":4},{"damage":9,"enemies":"3 Sentries","floor":11,"turns":3},{"damage":4,"enemies":"Gremlin Nob","floor":13,"turns":3},{"damage":4,"enemies":"Blue Slaver","floor":14,"turns":1},{"damage":50,"enemies":"The Guardian","floor":16,"turns":13},{"damage":5,"enemies":"Shell Parasite","floor":18,"turns":2},{"damage":4,"enemies":"Spheric Guardian","floor":19,"turns":2},{"damage":24,"enemies":"Snake Plant","floor":22,"turns":7},{"damage":4,"enemies":"3 Cultists","floor":25,"turns":3},{"damage":4,"enemies":"Gremlin Leader","floor":29,"turns":5},{"damage":18,"enemies":"Centurion and Healer","floor":30,"turns":2},{"damage":24,"enemies":"Slavers","floor":31,"turns":2},{"damage":68,"enemies":"Automaton","floor":33,"turns":6}],"event_choices":[{"event_name":"Golden Idol","player_choice":"Take Damage","floor":2,"damage_taken":0},{"event_name":"World of Goop","player_choice":"Gather Gold","floor":4,"damage_taken":0},{"event_name":"Upgrade Shrine","player_choice":"Upgraded","floor":8,"damage_taken":0},{"event_name":"Beggar","player_choice":"Gave Gold","floor":20,"damage_taken":0},{"event_name":"N\u0027loth","player_choice":"Ignored","floor":24,"damage_taken":0},{"event_name":"The Library","player_choice":"Read","floor":27,"damage_taken":0},{"event_name":"Accursed Blacksmith","player_choice":"Rummage","floor":28,"damage_taken":0}],"boss_relics":[{"not_picked":["Mark of Pain","Tiny House"],"picked":"Cursed Key"}],"potions_floor_spawned":[1,7,16,18,22],"seed_played":"7914445008387455501","killed_by":"Automaton","ascension_level":4,"is_trial":false}