{"gold_per_floor":[112,112,131,231,231,231,246,256,330,348,362,362,378,478,478,573,573,585,585,585,595,595,595,187,221,221,221,235,235,98,111,111,211,211,227,242,255,255,255,255,255,267,291,291,291,166,176,28,28,28],"floor_reached":50,"playtime":1995,"items_purged":["Strike_R","Strike_R","Doubt"],"score":487,"play_id":"95a1ee73-76ff-4617-b7c7-49746ce43b76","local_time":"20180921144530","is_ascension_mode":false,"campfire_choices":[{"data":"Evolve","floor":6,"key":"SMITH"},{"data":"Whirlwind","floor":12,"key":"SMITH"},{"data":"Infernal Blade","floor":15,"key":"SMITH"},{"data":"Metallicize","floor":23,"key":"SMITH"},{"data":"Apotheosis","floor":27,"key":"SMITH"},{"data":"RitualDagger","floor":29,"key":"SMITH"},{"data":"Inflame","floor":32,"key":"SMITH"},{"floor":40,"key":"REST"},{"data":"Brutality","floor":44,"key":"SMITH"},{"floor":49,"key":"REST"}],"neow_cost":"","seed_source_timestamp":608472610002270,"circlet_count":0,"master_deck":["Strike_R","Strike_R","Defend_R","Defend_R","Defend_R+1","Defend_R","Bash","Shockwave+1","Infernal Blade+1","Whirlwind+1","Shrug It Off","Metallicize+1","Juggernaut","RitualDagger+1","Infernal Blade+1","Immolate","Apotheosis+1","Inflame+1","Brutality+1","Shrug It Off+1","Battle Trance+1","Dropkick+1","Rage+1","Bludgeon"],"relics":["Black Blood"],"potions_floor_usage":[16,25,33,33,35,37,41,50,50],"damage_taken":[{"damage":4,"enemies":"Jaw Worm","floor":1,"turns":5},{"damage":6,"enemies":"Cultist","floor":3,"turns":4},{"damage":0,"enemies":"2 Louse","floor":7,"turns":3},{"damage":12,"enemies":"Looter","floor":8,"turns":3},{"damage":9,"enemies":"Red Slaver","floor":10,"turns":4},{"damage":1,"enemies":"Gremlin Gang","floor":11,"turns":3},{"damage":9,"enemies":"Blue Slaver","floor":13,"turns":3},{"damage":58,"enemies":"Hexaghost","floor":16,"turns":10},{"damage":2,"enemies":"3 Byrds","floor":18,"turns":4},{"damage":2,"enemies":"Chosen","floor":21,"turns":7},{"damage":0,"enemies":"Masked Bandits","floor":25,"turns":2},{"damage":4,"enemies":"3 Cultists","floor":28,"turns":4},{"damage":0,"enemies":"Centurion and Healer","floor":31,"turns":4},{"damage":76,"enemies":"Automaton","floor":33,"turns":10},{"damage":10,"enemies":"Orb Walker","floor":35,"turns":5},{"damage":17,"enemies":"3 Darklings","floor":36,"turns":4},{"damage":56,"enemies":"Spire Growth","floor":37,"turns":7},{"damage":0,"enemies":"Giant Head","floor":41,"turns":1},{"damage":23,"enemies":"Reptomancer","floor":42,"turns":5},{"damage":42,"enemies":"Sphere and 2 Shapes","floor":47,"turns":6},{"damage":82,"enemies":"Awakened One","floor":50,"turns":5}],"seed_played":"-8341867808730203300","potions_obtained":[{"floor":7,"key":"SteroidPotion"},{"floor":8,"key":"SmokeBomb"},{"floor":10,"key":"Weak Potion"},{"floor":13,"key":"EssenceOfSteel"},{"floor":16,"key":"PowerPotion"},{"floor":25,"key":"Ancient Potion"},{"floor":31,"key":"FearPotion"},{"floor":33,"key":"Weak Potion"},{"floor":35,"key":"GamblersBrew"},{"floor":36,"key":"AttackPotion"},{"floor":42,"key":"PowerPotion"},{"floor":47,"key":"Strength Potion"}],"is_trial":false,"path_per_floor":["M","?","M","?","?","R","M","M","T","M","M","R","M","?","R","B",null,"M","?","?","M","?","R","$","?","T","R","M","R","$","M","R","B",null,"M","M","M","?","?","R","E","M","T","R","?","$","M","$","R"],"character_chosen":"IRONCLAD","items_purchased":["Immolate","Apotheosis","Inflame","Bludgeon"],"campfire_rested":2,"item_purchase_floors":[24,24,30,48],"current_hp_per_floor":[80,80,80,80,64,64,70,64,64,61,66,66,63,63,63,11,80,80,65,59,63,63,63,63,69,69,69,71,71,71,77,77,7,85,85,78,32,32,32,57,67,54,54,54,85,85,53,53,78,0],"gold":28,"neow_bonus":"","is_prod":false,"is_daily":false,"chose_seed":false,"campfire_upgraded":8,"win_rate":0,"timestamp":1537537530,"path_taken":["M","?","M","?","?","R","M","M","T","M","M","R","?","?","R","BOSS","M","?","?","?","?","R","?","?","T","R","?","R","$","M","R","BOSS","M","M","M","?","?","R","E","M","T","R","?","?","?","$","R","BOSS"],"build_version":"2018-09-20","purchased_purges":3,"victory":false,"max_hp_per_floor":[80,80,80,80,80,80,80,80,80,80,80,80,80,80,80,80,80,80,85,85,85,85,85,85,85,85,85,85,85,85,85,85,85,85,85,85,85,85,85,85,85,85,85,85,85,85,85,85,85,85],"card_choices":[{"not_picked":["Sword Boomerang","Anger"],"picked":"Evolve","floor":1},{"not_picked":["Cleave","Warcry"],"picked":"Shockwave","floor":3},{"not_picked":["Warcry","Havoc","Rage"],"picked":"SKIP","floor":7},{"not_picked":["Armaments","Body Slam"],"picked":"Infernal Blade","floor":8},{"not_picked":["Pummel","Twin Strike"],"picked":"Whirlwind","floor":10},{"not_picked":["Perfected Strike","Clash"],"picked":"Shrug It Off","floor":11},{"not_picked":["Thunderclap","Ghostly Armor"],"picked":"Metallicize","floor":13},{"not_picked":["Barricade","Double Tap"],"picked":"Juggernaut","floor":16},{"not_picked":["Armaments","Searing Blow","Headbutt"],"picked":"SKIP","floor":18},{"not_picked":["Sword Boomerang","Shrug It Off"],"picked":"Infernal Blade","floor":21},{"not_picked":["Pommel Strike+1","Sword Boomerang","Cleave"],"picked":"SKIP","floor":28},{"not_picked":["Cleave","Rage","Clothesline+1"],"picked":"SKIP","floor":31},{"not_picked":["Limit Break","Impervious"],"picked":"Brutality","floor":33},{"not_picked":["Warcry","Perfected Strike+1"],"picked":"Shrug It Off+1","floor":35},{"not_picked":["Blood for Blood+1","Carnage+1"],"picked":"Battle Trance+1","floor":36},{"not_picked":["Entrench","Corruption","Pummel+1"],"picked":"SKIP","floor":37},{"not_picked":["Havoc","Rampage+1"],"picked":"Dropkick+1","floor":42},{"not_picked":["Burning Pact","Warcry"],"picked":"Rage+1","floor":47}],"player_experience":388280,"relics_obtained":[],"event_choices":[{"event_name":"The Woman in Blue","player_choice":"Bought 0 Potions","floor":2,"damage_taken":0},{"event_name":"Wheel of Change","player_choice":"Gold","floor":4,"damage_taken":0},{"event_name":"Shining Light","player_choice":"Entered Light","floor":5,"damage_taken":0},{"event_name":"Golden Shrine","player_choice":"Pray","floor":14,"damage_taken":0},{"event_name":"Forgotten Altar","player_choice":"Shed Blood","floor":19,"damage_taken":0},{"event_name":"Nest","player_choice":"Joined the Cult","floor":20,"damage_taken":0},{"event_name":"Accursed Blacksmith","player_choice":"Forge","floor":22,"damage_taken":0},{"event_name":"Masked Bandits","player_choice":"Fought Bandits","floor":25,"damage_taken":0},{"event_name":"Purifier","player_choice":"One Purge","floor":38,"damage_taken":0},{"event_name":"Falling","player_choice":"Removed Power","floor":39,"damage_taken":0},{"event_name":"MindBloom","player_choice":"Heal","floor":45,"damage_taken":0}],"is_beta":false,"boss_relics":[{"not_picked":["Orrery","Runic Cube","Runic Dome"]},{"not_picked":["Mark of Pain","Velvet Choker"],"picked":"Black Blood"}],"items_purged_floors":[24,30,46],"is_endless":false,"potions_floor_spawned":[7,8,10,11,13,16,18,25,31,33,35,36,42,47],"killed_by":"Awakened One","ascension_level":0}