{"gold_per_floor":[117,117,136,136,154,184,17,32,32,46,46,62,96,96,96,174,174,194,194,194],"floor_reached":20,"playtime":818,"items_purged":[],"score":331,"play_id":"276a5fbb-00fa-4015-8b25-873d0b122707","local_time":"20190201192455","is_ascension_mode":true,"campfire_choices":[{"floor":11,"key":"REST"},{"floor":15,"key":"REST"}],"neow_cost":"TEN_PERCENT_HP_LOSS","seed_source_timestamp":90612365790108,"circlet_count":0,"master_deck":["AscendersBane","Zap+1","Dualcast","Sweeping Beam","Ball Lightning","Reinforced Body","FTL","Fission","Leap","Sweeping Beam","Barrage+1","Defragment","Thunder Strike+1","Darkness","Stack","Auto Shields","Genetic Algorithm","Chaos","Sunder+1","White Noise","Self Repair","Ball Lightning+1"],"relics":["Cracked Core","StoneCalendar","Ancient Tea Set","Dream Catcher","Molten Egg 2","Pandora\u0027s Box"],"potions_floor_usage":[10,13,13],"damage_taken":[{"damage":4,"enemies":"Jaw Worm","floor":1,"turns":4},{"damage":0,"enemies":"Small Slimes","floor":3,"turns":3},{"damage":0,"enemies":"2 Louse","floor":5,"turns":2},{"damage":35,"enemies":"3 Sentries","floor":6,"turns":7},{"damage":4,"enemies":"Exordium Wildlife","floor":8,"turns":2},{"damage":12,"enemies":"Lots of Slimes","floor":10,"turns":2},{"damage":4,"enemies":"Red Slaver","floor":12,"turns":3},{"damage":11,"enemies":"Lagavulin","floor":13,"turns":7},{"damage":23,"enemies":"Hexaghost","floor":16,"turns":8},{"damage":32,"enemies":"Chosen","floor":18,"turns":7},{"damage":18,"enemies":"3 Byrds","floor":20,"turns":4}],"seed_played":"171616293099603411","potions_obtained":[{"floor":5,"key":"SneckoOil"},{"floor":6,"key":"SpeedPotion"},{"floor":10,"key":"Ancient Potion"}],"is_trial":false,"path_per_floor":["M","?","M","?","M","E","$","M","T","M","R","M","E","?","R","B",null,"M","?","M"],"character_chosen":"DEFECT","items_purchased":["Reinforced Body","FTL"],"campfire_rested":2,"item_purchase_floors":[7,7],"current_hp_per_floor":[60,60,60,60,60,25,25,21,21,9,28,24,13,13,32,9,50,18,18,0],"gold":194,"neow_bonus":"ONE_RARE_RELIC","is_prod":false,"is_daily":false,"chose_seed":false,"campfire_upgraded":0,"win_rate":0,"timestamp":1549049095,"path_taken":["M","?","M","?","M","E","?","M","T","M","R","M","E","?","R","BOSS","M","?","M"],"build_version":"2019-01-23","purchased_purges":0,"victory":false,"max_hp_per_floor":[64,64,64,64,64,64,64,64,64,64,64,64,64,64,64,64,64,64,64,64],"card_choices":[{"not_picked":["Hologram","Rebound"],"picked":"Sweeping Beam","floor":1},{"not_picked":["Heatsinks","Sunder","Go for the Eyes"],"picked":"SKIP","floor":3},{"not_picked":["Streamline","Gash"],"picked":"Ball Lightning","floor":5},{"not_picked":["Go for the Eyes","Gash","Ball Lightning"],"picked":"SKIP","floor":6},{"not_picked":["Hologram","Tempest"],"picked":"Fission","floor":8},{"not_picked":["Melter","Hologram"],"picked":"Leap","floor":10},{"not_picked":["Genetic Algorithm","Barrage"],"picked":"Sweeping Beam","floor":12},{"not_picked":["Creative AI","Tempest"],"picked":"Barrage","floor":13},{"not_picked":["Rebound+1","Hologram"],"picked":"Defragment","floor":15},{"not_picked":["Hyperbeam+1","Rainbow"],"picked":"Thunder Strike+1","floor":16},{"not_picked":["Fusion","Scrape+1"],"picked":"Ball Lightning+1","floor":18}],"player_experience":507944,"relics_obtained":[{"floor":6,"key":"Ancient Tea Set"},{"floor":9,"key":"Dream Catcher"},{"floor":13,"key":"Molten Egg 2"}],"event_choices":[{"damage_healed":0,"gold_gain":0,"player_choice":"Grow","damage_taken":0,"max_hp_gain":0,"max_hp_loss":0,"event_name":"Living Wall","floor":2,"gold_loss":0,"cards_upgraded":["Zap"]},{"damage_healed":0,"gold_gain":0,"player_choice":"Ignored","damage_taken":0,"max_hp_gain":0,"max_hp_loss":0,"event_name":"Golden Wing","floor":4,"gold_loss":0},{"damage_healed":0,"gold_gain":0,"player_choice":"Fled","damage_taken":0,"max_hp_gain":0,"max_hp_loss":0,"event_name":"Scrap Ooze","floor":14,"gold_loss":0},{"damage_healed":0,"gold_gain":0,"player_choice":"Ignored","damage_taken":0,"max_hp_gain":0,"max_hp_loss":0,"event_name":"Ghosts","floor":19,"gold_loss":0}],"is_beta":false,"boss_relics":[{"not_picked":["Calling Bell","Black Star"],"picked":"Pandora\u0027s Box"}],"items_purged_floors":[],"is_endless":false,"potions_floor_spawned":[5,6,10],"killed_by":"3 Byrds","ascension_level":16}