{"gold_per_floor":[112,112,122,50,74,102,102,137,164,194,194,227,227,245,245,340,340,356,108,122,122,1,28,40,79,91,120,132,159,171,199,211,328,340,365,396,418,442,454,466,496,508,547,559,481,507,519,34,34,34],"floor_reached":51,"playtime":8791,"items_purged":["Strike_G","Strike_G"],"score":747,"play_id":"5a5e686d-d957-4960-813e-741b1566c754","local_time":"20181216000203","is_ascension_mode":true,"campfire_choices":[{"data":"Neutralize","floor":7,"key":"SMITH"},{"data":"Infinite Blades","floor":11,"key":"SMITH"},{"data":"Accuracy","floor":15,"key":"SMITH"},{"data":"Cloak And Dagger","floor":24,"key":"SMITH"},{"floor":28,"key":"REST"},{"data":"Deflect","floor":32,"key":"SMITH"},{"floor":40,"key":"REST"},{"data":"After Image","floor":44,"key":"SMITH"},{"data":"Footwork","floor":49,"key":"SMITH"}],"neow_cost":"NONE","seed_source_timestamp":2669866685756001,"circlet_count":0,"master_deck":["Defend_G","Defend_G","Defend_G","Defend_G","Defend_G+1","Survivor","Neutralize+1","Dash","Accuracy+1","Infinite Blades+1","PiercingWail","Dagger Spray","Riddle With Holes","Glass Knife","Deflect+1","Finesse","Infinite Blades","Deflect+1","Footwork+1","Cloak And Dagger+1","Finisher","Flying Knee","Skewer+1","Outmaneuver+1","After Image+1","Setup","Slice+1","Dodge and Roll","Cloak And Dagger+1","Prepared"],"relics":["Ring of the Snake","NeowsBlessing","Happy Flower","Boot","Vajra","PreservedInsect","Strawberry","Pen Nib","Runic Pyramid","MawBank","Omamori","Pantograph","Cursed Key","Ancient Tea Set","Ornamental Fan","Bronze Scales"],"potions_floor_usage":[8,27,50,50],"damage_taken":[{"damage":0,"enemies":"Small Slimes","floor":1,"turns":1},{"damage":0,"enemies":"Cultist","floor":3,"turns":1},{"damage":0,"enemies":"3 Sentries","floor":6,"turns":1},{"damage":6,"enemies":"Gremlin Nob","floor":8,"turns":4},{"damage":4,"enemies":"Lagavulin","floor":10,"turns":5},{"damage":13,"enemies":"3 Sentries","floor":12,"turns":4},{"damage":0,"enemies":"2 Louse","floor":14,"turns":2},{"damage":10,"enemies":"Hexaghost","floor":16,"turns":9},{"damage":8,"enemies":"Shell Parasite","floor":18,"turns":4},{"damage":12,"enemies":"2 Thieves","floor":20,"turns":4},{"damage":9,"enemies":"Book of Stabbing","floor":23,"turns":5},{"damage":11,"enemies":"Slavers","floor":25,"turns":4},{"damage":11,"enemies":"Snake Plant","floor":27,"turns":4},{"damage":4,"enemies":"Centurion and Healer","floor":29,"turns":4},{"damage":1,"enemies":"Snecko","floor":31,"turns":3},{"damage":23,"enemies":"Automaton","floor":33,"turns":10},{"damage":15,"enemies":"3 Shapes","floor":35,"turns":3},{"damage":4,"enemies":"3 Darklings","floor":36,"turns":5},{"damage":41,"enemies":"Transient","floor":37,"turns":5},{"damage":0,"enemies":"Writhing Mass","floor":38,"turns":3},{"damage":0,"enemies":"Maw","floor":41,"turns":8},{"damage":2,"enemies":"3 Darklings","floor":46,"turns":8},{"damage":7,"enemies":"Awakened One","floor":50,"turns":12}],"seed_played":"-8937127357922394772","potions_obtained":[{"floor":1,"key":"SteroidPotion"},{"floor":3,"key":"AttackPotion"},{"floor":8,"key":"Ancient Potion"},{"floor":14,"key":"Poison Potion"},{"floor":31,"key":"Ancient Potion"}],"is_trial":false,"path_per_floor":["M","?","M","$","T","E","R","E","T","E","R","E","?","M","R","B",null,"M","$","M","?","$","E","R","E","T","M","R","M","?","M","R","B",null,"M","M","M","M","$","R","M","?","T","R","?","M","?","$","R","B",null],"character_chosen":"THE_SILENT","items_purchased":["Infinite Blades","Finesse","Infinite Blades","Footwork","Cloak And Dagger","Ornamental Fan","Bronze Scales"],"campfire_rested":2,"item_purchase_floors":[4,19,19,22,22,48,48],"current_hp_per_floor":[70,70,70,70,70,70,70,64,64,67,67,54,47,47,47,37,77,69,69,57,57,57,48,48,37,37,26,49,45,45,44,44,46,77,62,58,17,17,17,40,40,40,40,40,40,38,57,57,57,70],"gold":34,"neow_bonus":"THREE_ENEMY_KILL","is_prod":false,"is_daily":false,"chose_seed":false,"campfire_upgraded":7,"win_rate":0,"timestamp":1544940123,"path_taken":["M","?","M","$","?","E","R","E","T","E","R","E","?","M","R","BOSS","M","$","M","?","$","E","R","E","T","M","R","M","?","M","R","BOSS","M","M","?","M","$","R","M","?","T","R","?","?","?","?","R","BOSS"],"build_version":"2018-12-13","purchased_purges":2,"victory":true,"max_hp_per_floor":[70,70,70,70,70,70,70,70,70,77,77,77,77,77,77,77,77,77,77,77,77,77,77,77,77,77,77,77,77,77,77,77,77,77,77,77,77,77,77,77,77,77,77,77,77,77,77,77,77,77],"card_choices":[{"not_picked":["Bouncing Flask","Blade Dance"],"picked":"Dash","floor":1},{"not_picked":["Terror","Outmaneuver","Flechettes"],"picked":"SKIP","floor":3},{"not_picked":["Catalyst","Endless Agony"],"picked":"PiercingWail","floor":6},{"not_picked":["Calculated Gamble","Wraith Form v2"],"picked":"Well Laid Plans","floor":8},{"not_picked":["Blade Dance","Outmaneuver"],"picked":"Dagger Spray","floor":10},{"not_picked":["Catalyst","Poisoned Stab"],"picked":"Riddle With Holes","floor":12},{"not_picked":["Masterful Stab","Leg Sweep","Prepared"],"picked":"SKIP","floor":14},{"not_picked":["Unload","Doppelganger"],"picked":"Glass Knife","floor":16},{"not_picked":["Accuracy","Escape Plan"],"picked":"Deflect+1","floor":18},{"not_picked":["Acrobatics","Sucker Punch"],"picked":"Deflect","floor":20},{"not_picked":["Crippling Poison","Footwork+1"],"picked":"Finisher","floor":23},{"not_picked":["Cloak And Dagger","Heel Hook"],"picked":"Flying Knee","floor":25},{"not_picked":["Footwork","Concentrate"],"picked":"Skewer+1","floor":27},{"not_picked":["Bane+1","Dagger Spray"],"picked":"Outmaneuver+1","floor":29},{"not_picked":["Skewer+1","Backflip","Acrobatics"],"picked":"SKIP","floor":31},{"not_picked":["Envenom","Tools of the Trade"],"picked":"After Image","floor":33},{"not_picked":["Dagger Spray","Well Laid Plans"],"picked":"Setup","floor":35},{"not_picked":["PiercingWail+1","Setup+1"],"picked":"Slice+1","floor":36},{"not_picked":["Setup+1","PiercingWail+1","Deflect"],"picked":"SKIP","floor":37},{"not_picked":["Acrobatics","Bane+1"],"picked":"Dodge and Roll","floor":38},{"not_picked":["Deadly Poison+1","Dash+1"],"picked":"Cloak And Dagger+1","floor":41},{"not_picked":["Slice+1","Reflex+1"],"picked":"Prepared","floor":46}],"player_experience":183028,"relics_obtained":[{"floor":5,"key":"Happy Flower"},{"floor":6,"key":"Boot"},{"floor":8,"key":"Vajra"},{"floor":9,"key":"PreservedInsect"},{"floor":10,"key":"Strawberry"},{"floor":12,"key":"Pen Nib"},{"floor":23,"key":"MawBank"},{"floor":25,"key":"Omamori"},{"floor":26,"key":"Pantograph"},{"floor":43,"key":"Ancient Tea Set"}],"event_choices":[{"damage_healed":0,"gold_gain":0,"cards_transformed":["Strike_G"],"player_choice":"Transformed","damage_taken":0,"max_hp_gain":0,"max_hp_loss":0,"event_name":"Transmorgrifier","floor":2,"gold_loss":0,"cards_obtained":["Accuracy"]},{"cards_removed":["Strike_G"],"damage_healed":0,"gold_gain":0,"player_choice":"Card Removal","damage_taken":7,"max_hp_gain":0,"max_hp_loss":0,"event_name":"Golden Wing","floor":13,"gold_loss":0},{"damage_healed":0,"gold_gain":0,"player_choice":"Ignored","damage_taken":0,"max_hp_gain":0,"max_hp_loss":0,"event_name":"Vampires","floor":21,"gold_loss":0},{"cards_removed":["Well Laid Plans"],"damage_healed":0,"gold_gain":0,"player_choice":"Purged","damage_taken":0,"max_hp_gain":0,"max_hp_loss":0,"event_name":"Purifier","floor":30,"gold_loss":0},{"damage_healed":0,"gold_gain":0,"player_choice":"Ignored","damage_taken":0,"max_hp_gain":0,"max_hp_loss":0,"event_name":"Mysterious Sphere","floor":42,"gold_loss":0},{"cards_removed":["Strike_G"],"damage_healed":0,"gold_gain":0,"player_choice":"Upgrade and Remove","damage_taken":0,"max_hp_gain":0,"max_hp_loss":0,"event_name":"Designer","floor":45,"gold_loss":90,"cards_upgraded":["Defend_G"]},{"damage_healed":19,"gold_gain":0,"player_choice":"Writhe","damage_taken":0,"max_hp_gain":0,"max_hp_loss":0,"event_name":"Winding Halls","floor":47,"gold_loss":0,"cards_obtained":["Writhe"]}],"is_beta":false,"boss_relics":[{"not_picked":["Coffee Dripper","Pandora\u0027s Box"],"picked":"Runic Pyramid"},{"not_picked":["Runic Dome","Ring of the Serpent"],"picked":"Cursed Key"}],"items_purged_floors":[19,48],"is_endless":false,"potions_floor_spawned":[1,3,8,14,16,18,23,31,33,35,41],"ascension_level":1}