{"gold_per_floor":[215,235,4,21,38,38,54,74,74,104,114,114,114,144,144,248,248,264,104,121,71,84,84,116,116,140,165,165,165],"floor_reached":29,"playtime":3728,"items_purged":["Strike_B","Strike_B"],"score":410,"play_id":"4bcd4f71-ff3f-488f-b81f-6ca61c4b8992","local_time":"20190416004621","is_ascension_mode":true,"campfire_choices":[{"data":"Hologram","floor":6.0,"key":"SMITH"},{"floor":13.0,"key":"DIG"},{"floor":15.0,"key":"DIG"},{"floor":23,"key":"REST"},{"floor":25,"key":"REST"}],"neow_cost":"NONE","seed_source_timestamp":329996875539534,"circlet_count":0,"master_deck":["Strike_B+1","Defend_B","Defend_B","Defend_B","Zap","Dualcast","Conserve Battery","Hologram+1","Consume","Steam Power","Ball Lightning","Cold Snap","Echo Form+1","FTL","Core Surge+1","Cold Snap+1","Panacea","Hologram+1","Coolheaded","Loop","Double Energy","Thunder Strike"],"special_seed":0,"relics":["Cracked Core","Membership Card","Shovel","Dead Branch","Sundial","Pocketwatch","Mercury Hourglass","Inserter","DataDisk","Omamori","Whetstone","Smiling Mask"],"potions_floor_usage":[18,24],"damage_taken":[{"damage":0.0,"enemies":"Cultist","floor":1.0,"turns":3.0},{"damage":0.0,"enemies":"Small Slimes","floor":2.0,"turns":2.0},{"damage":0.0,"enemies":"Jaw Worm","floor":4.0,"turns":3.0},{"damage":1.0,"enemies":"Looter","floor":5.0,"turns":3.0},{"damage":6.0,"enemies":"2 Fungi Beasts","floor":7.0,"turns":3.0},{"damage":0.0,"enemies":"Large Slime","floor":8.0,"turns":3.0},{"damage":11.0,"enemies":"Lagavulin","floor":10.0,"turns":4.0},{"damage":4.0,"enemies":"Red Slaver","floor":11.0,"turns":3.0},{"damage":0.0,"enemies":"Hexaghost","floor":16.0,"turns":9.0},{"damage":4,"enemies":"3 Byrds","floor":18,"turns":3},{"damage":6,"enemies":"Shell Parasite","floor":20,"turns":20},{"damage":32,"enemies":"Snake Plant","floor":22,"turns":4},{"damage":40,"enemies":"Book of Stabbing","floor":24,"turns":7},{"damage":19,"enemies":"Gremlin Leader","floor":27,"turns":8},{"damage":15,"enemies":"Snecko","floor":29,"turns":3}],"seed_played":"-7336323813671922574","potions_obtained":[{"floor":4.0,"key":"FearPotion"},{"floor":5.0,"key":"AttackPotion"},{"floor":8.0,"key":"Strength Potion"},{"floor":11.0,"key":"EssenceOfSteel"},{"floor":16.0,"key":"AttackPotion"},{"floor":24,"key":"Strength Potion"},{"floor":27,"key":"SpeedPotion"}],"is_trial":false,"path_per_floor":["M","M","$","M","M","R","M","M","T","E","M","?","R","?","R","B",null,"M","$","M","$","M","R","E","R","T","E","?","M"],"character_chosen":"DEFECT","items_purchased":["Membership Card","Consume","DataDisk","Panacea"],"campfire_rested":2,"item_purchase_floors":[3,3,19,19],"current_hp_per_floor":[68,68,68,68,67,67,61,61,61,50,46,46,46,46,46,46,68,64,64,58,58,26,48,8,30,30,11,11,0],"gold":165,"neow_bonus":"HUNDRED_GOLD","is_prod":false,"is_daily":false,"chose_seed":false,"campfire_upgraded":1,"win_rate":0,"timestamp":1555397181,"path_taken":["M","M","$","?","M","R","M","M","T","E","M","?","R","?","R","BOSS","M","$","M","$","M","R","E","R","T","E","?","M"],"build_version":"2019-01-23","purchased_purges":2,"victory":false,"max_hp_per_floor":[75,75,75,75,75,75,75,75,75,75,75,75,75,75,75,75,75,75,75,75,75,75,75,75,75,75,75,75,75],"card_choices":[{"not_picked":["Sunder","Barrage"],"picked":"Conserve Battery","floor":1.0},{"not_picked":["Ball Lightning","Compile Driver"],"picked":"Hologram","floor":2.0},{"not_picked":["Beam Cell","Steam"],"picked":"Steam Power","floor":4.0},{"not_picked":["Skim","Undo"],"picked":"Ball Lightning","floor":5.0},{"not_picked":["Ball Lightning","Conserve Battery"],"picked":"Cold Snap","floor":7.0},{"not_picked":["Compile Driver","Storm"],"picked":"Echo Form","floor":8.0},{"not_picked":["Stack","Beam Cell"],"picked":"FTL","floor":10.0},{"not_picked":["Hello World","Gash","Ball Lightning"],"picked":"SKIP","floor":11.0},{"not_picked":["Hyperbeam","All For One"],"picked":"Core Surge","floor":16.0},{"not_picked":["Fusion","Steam"],"picked":"Cold Snap+1","floor":18},{"not_picked":["Rebound","Melter","Static Discharge"],"picked":"SKIP","floor":20},{"not_picked":["Loop","Doom and Gloom"],"picked":"Hologram+1","floor":22},{"not_picked":["Compile Driver","Turbo"],"picked":"Coolheaded","floor":24},{"not_picked":["Rebound","Amplify"],"picked":"Loop","floor":27}],"player_experience":422818,"relics_obtained":[{"floor":9.0,"key":"Shovel"},{"floor":10.0,"key":"Dead Branch"},{"floor":13.0,"key":"Sundial"},{"floor":15.0,"key":"Mercury Hourglass"},{"floor":24,"key":"Omamori"},{"floor":26,"key":"Whetstone"},{"floor":27,"key":"Smiling Mask"}],"event_choices":[{"damage_healed":0.0,"max_hp_gain":0.0,"max_hp_loss":0.0,"gold_gain":0.0,"event_name":"Living Wall","player_choice":"Grow","floor":12.0,"gold_loss":0.0,"damage_taken":0.0,"cards_upgraded":["Echo Form"]},{"damage_healed":0.0,"max_hp_gain":0.0,"max_hp_loss":0.0,"gold_gain":30.0,"event_name":"Dead Adventurer","player_choice":"Searched \u00272\u0027 times","floor":14.0,"gold_loss":0.0,"damage_taken":0.0,"relics_obtained":["Pocketwatch"]},{"damage_healed":0,"gold_gain":0,"cards_transformed":["Strike_B","Defend_B"],"player_choice":"Became Test Subject","damage_taken":0,"max_hp_gain":0,"max_hp_loss":0,"event_name":"Drug Dealer","floor":28,"gold_loss":0,"cards_obtained":["Double Energy","Thunder Strike"]}],"is_beta":false,"boss_relics":[{"not_picked":["Philosopher\u0027s Stone","Sozu"],"picked":"Inserter"}],"items_purged_floors":[19,21],"is_endless":false,"potions_floor_spawned":[4,5,8,11,16,24,27],"killed_by":"Snecko","ascension_level":6}