{"gold_per_floor":[116,136,12,0,0,0,34,34,34,34,60,36,369,369,369,444,444,459,263,21,35,35,35,35,35,35,62,79,114,114,1,1,1],"floor_reached":33,"playtime":987,"items_purged":[],"score":528,"play_id":"6fcdfa06-b6f0-455f-952c-18c46d0ce6fd","local_time":"20190118220612","is_ascension_mode":true,"campfire_choices":[{"data":"Dagger Spray","floor":6,"key":"SMITH"},{"floor":8,"key":"REST"},{"data":"Dash","floor":10,"key":"SMITH"},{"floor":15,"key":"REST"},{"data":"Finisher","floor":23,"key":"SMITH"},{"data":"Glass Knife","floor":25,"key":"SMITH"},{"floor":32,"key":"REST"}],"neow_cost":"NONE","seed_source_timestamp":2090370620948767,"circlet_count":0,"master_deck":["AscendersBane","Defend_G","Defend_G","Defend_G","Defend_G","Defend_G","Strike_G","Strike_G","Strike_G","Strike_G","Strike_G","Survivor","Neutralize","Predator+1","Dagger Spray+1","Dagger Throw","Quick Slash","Dash+1","Flying Knee","Glass Knife+1","Finisher+1","Dagger Spray+1","Blur","Leg Sweep"],"special_seed":0,"relics":["Black Star","Gremlin Horn","Ornamental Fan","Smiling Mask","Orichalcum","WingedGreaves","Old Coin","Gambling Chip","Busted Crown","Sling","Matryoshka","Girya","Sundial","FossilizedHelix","Ice Cream","PreservedInsect"],"potions_floor_usage":[7,13,29,29,33,33],"damage_taken":[{"damage":5,"enemies":"Cultist","floor":1,"turns":4},{"damage":5,"enemies":"Jaw Worm","floor":2,"turns":4},{"damage":27,"enemies":"Lagavulin","floor":7,"turns":5},{"damage":11,"enemies":"Gremlin Nob","floor":11,"turns":4},{"damage":27,"enemies":"Lagavulin","floor":13,"turns":4},{"damage":6,"enemies":"Slime Boss","floor":16,"turns":8},{"damage":0,"enemies":"Spheric Guardian","floor":18,"turns":3},{"damage":3,"enemies":"Shell Parasite","floor":21,"turns":4},{"damage":28,"enemies":"Book of Stabbing","floor":27,"turns":4},{"damage":6,"enemies":"Chosen and Byrds","floor":28,"turns":3},{"damage":0,"enemies":"Gremlin Leader","floor":29,"turns":2},{"damage":73,"enemies":"Collector","floor":33,"turns":7}],"seed_played":"-4238608367899714027","potions_obtained":[{"floor":1,"key":"AttackPotion"},{"floor":27,"key":"Swift Potion"},{"floor":28,"key":"PowerPotion"},{"floor":29,"key":"Block Potion"}],"is_trial":false,"path_per_floor":["M","M","$","?","?","R","E","R","T","R","E","$","E","?","R","B",null,"M","$","$","M","?","R","?","R","T","E","M","E","?","$","R","B"],"character_chosen":"THE_SILENT","items_purchased":["AttackPotion","Dagger Throw","Quick Slash","Flying Knee","Sling","Matryoshka","Leg Sweep","Regen Potion"],"campfire_rested":3,"item_purchase_floors":[3,3,3,12,19,20,31,31],"current_hp_per_floor":[58,53,53,53,53,53,26,47,47,47,36,36,9,9,30,24,59,59,59,59,56,56,56,56,56,56,28,22,22,22,22,43,0],"gold":1,"neow_bonus":"BOSS_RELIC","is_prod":false,"is_daily":false,"chose_seed":false,"campfire_upgraded":4,"win_rate":0,"timestamp":1547849172,"path_taken":["M","M","$","?","?","R","E","R","T","R","E","?","E","?","R","BOSS","M","$","$","M","?","R","?","R","T","E","?","E","?","?","R","BOSS"],"build_version":"2019-01-17v2","purchased_purges":0,"victory":false,"max_hp_per_floor":[70,70,70,70,70,70,70,70,70,70,70,70,70,70,70,70,70,70,70,70,70,70,70,70,70,70,70,70,70,70,70,70,70],"card_choices":[{"not_picked":["Escape Plan","Poisoned Stab"],"picked":"Predator","floor":1},{"not_picked":["Underhanded Strike","Acrobatics"],"picked":"Dagger Spray","floor":2},{"not_picked":["Distraction","Tools of the Trade"],"picked":"Dash","floor":7},{"not_picked":["Endless Agony","Dodge and Roll","Catalyst"],"picked":"SKIP","floor":11},{"not_picked":["Bane","Infinite Blades","Deadly Poison"],"picked":"SKIP","floor":13},{"not_picked":["Unload","Night Terror"],"picked":"Glass Knife","floor":16},{"not_picked":[],"picked":"Finisher","floor":18},{"not_picked":["Concentrate"],"picked":"SKIP","floor":21},{"not_picked":["Skewer"],"picked":"SKIP","floor":27},{"not_picked":["Poisoned Stab"],"picked":"SKIP","floor":28},{"not_picked":[],"picked":"Blur","floor":29}],"player_experience":421072,"relics_obtained":[{"floor":7,"key":"Gremlin Horn"},{"floor":7,"key":"Ornamental Fan"},{"floor":9,"key":"Smiling Mask"},{"floor":11,"key":"Orichalcum"},{"floor":11,"key":"WingedGreaves"},{"floor":13,"key":"Old Coin"},{"floor":13,"key":"Gambling Chip"},{"floor":26,"key":"Girya"},{"floor":27,"key":"Sundial"},{"floor":27,"key":"FossilizedHelix"},{"floor":29,"key":"Ice Cream"},{"floor":29,"key":"PreservedInsect"}],"event_choices":[{"damage_healed":0,"gold_gain":0,"player_choice":"Left Gold","damage_taken":0,"max_hp_gain":0,"max_hp_loss":0,"event_name":"World of Goop","floor":4,"gold_loss":12},{"damage_healed":0,"gold_gain":0,"player_choice":"Grow","damage_taken":0,"max_hp_gain":0,"max_hp_loss":0,"event_name":"Living Wall","floor":5,"gold_loss":0,"cards_upgraded":["Predator"]},{"damage_healed":0,"gold_gain":0,"player_choice":"Ignored","damage_taken":0,"max_hp_gain":0,"max_hp_loss":0,"event_name":"Shining Light","floor":14,"gold_loss":0},{"damage_healed":0,"gold_gain":0,"player_choice":"Ignored","damage_taken":0,"max_hp_gain":0,"max_hp_loss":0,"event_name":"Vampires","floor":22,"gold_loss":0},{"damage_healed":0,"gold_gain":0,"player_choice":"Copied","damage_taken":0,"max_hp_gain":0,"max_hp_loss":0,"event_name":"Duplicator","floor":24,"gold_loss":0,"cards_obtained":["Dagger Spray"]},{"damage_healed":0,"gold_gain":0,"player_choice":"Ignored","damage_taken":0,"max_hp_gain":0,"max_hp_loss":0,"event_name":"Cursed Tome","floor":30,"gold_loss":0}],"is_beta":false,"boss_relics":[{"not_picked":["Runic Dome","Calling Bell"],"picked":"Busted Crown"}],"items_purged_floors":[],"is_endless":false,"potions_floor_spawned":[1,27,28,29],"killed_by":"Collector","ascension_level":13}