{"gold_per_floor":[109,109,109,129,54,54,88,88,88,103,137,155,168,178,178,251,251,270,270,270,290,340,340,53,81,81,81,81,81],"floor_reached":29,"playtime":969,"items_purged":["Rupture","Strike_R"],"score":489,"play_id":"6bf4eb1a-a082-480f-af0c-6aeb637bdb4f","local_time":"20190427210001","is_ascension_mode":true,"campfire_choices":[{"data":"Rampage","floor":6,"key":"SMITH"},{"floor":8,"key":"REST"},{"floor":15,"key":"REST"},{"floor":23,"key":"REST"},{"floor":27,"key":"DIG"}],"neow_cost":"NONE","seed_source_timestamp":3484971330799223,"circlet_count":0,"master_deck":["AscendersBane","Strike_R","Strike_R","Strike_R","Defend_R","Defend_R","Defend_R","Defend_R","Bash","Shrug It Off","Rampage+1","Pommel Strike","Evolve","Flame Barrier","True Grit"],"relics":["Burning Blood","Omamori","Incense Burner","Ornamental Fan","Red Skull","Sozu","MutagenicStrength","Ancient Tea Set","Ginger","Shovel","FossilizedHelix"],"potions_floor_usage":[7,16,25],"damage_taken":[{"damage":10,"enemies":"Small Slimes","floor":1,"turns":5},{"damage":2,"enemies":"Cultist","floor":4,"turns":4},{"damage":49,"enemies":"3 Sentries","floor":7,"turns":11},{"damage":8,"enemies":"2 Louse","floor":10,"turns":2},{"damage":20,"enemies":"Lagavulin","floor":11,"turns":6},{"damage":0,"enemies":"Large Slime","floor":12,"turns":5},{"damage":7,"enemies":"2 Fungi Beasts","floor":13,"turns":3},{"damage":7,"enemies":"Exordium Wildlife","floor":14,"turns":4},{"damage":24,"enemies":"Slime Boss","floor":16,"turns":11},{"damage":6,"enemies":"3 Byrds","floor":18,"turns":4},{"damage":28,"enemies":"Shell Parasite","floor":21,"turns":8},{"damage":41,"enemies":"Book of Stabbing","floor":25,"turns":7},{"damage":38,"enemies":"Sentry and Sphere","floor":29,"turns":5}],"seed_played":"-9087469501759317129","potions_obtained":[{"floor":1,"key":"Energy Potion"},{"floor":7,"key":"LiquidBronze"},{"floor":13,"key":"Dexterity Potion"}],"is_trial":false,"path_per_floor":["M","?","?","M","$","R","E","R","T","M","E","M","M","M","R","B",null,"M","?","?","M","?","R","$","E","T","R","?","M"],"character_chosen":"IRONCLAD","items_purchased":["Ancient Tea Set","True Grit"],"campfire_rested":3,"item_purchase_floors":[24,24],"current_hp_per_floor":[64,64,64,68,68,68,25,47,47,45,31,37,36,35,57,39,66,66,66,66,44,44,66,66,31,31,31,31,0],"gold":81,"neow_bonus":"TRANSFORM_CARD","is_prod":false,"is_daily":false,"chose_seed":false,"campfire_upgraded":1,"win_rate":0,"timestamp":1556395201,"path_taken":["M","?","?","M","$","R","E","R","T","M","E","?","M","M","R","BOSS","M","?","?","M","?","R","$","E","T","R","?","M"],"build_version":"2019-01-23","purchased_purges":2,"victory":false,"max_hp_per_floor":[75,75,75,75,75,75,75,75,75,75,75,75,75,75,75,75,75,75,75,75,75,75,75,75,75,75,75,75,75],"card_choices":[{"not_picked":["Carnage","Warcry"],"picked":"Shrug It Off","floor":1},{"not_picked":["Shrug It Off","Clothesline"],"picked":"Rampage","floor":4},{"not_picked":["Sever Soul","Body Slam","Perfected Strike"],"picked":"SKIP","floor":7},{"not_picked":["Warcry","Wild Strike","Perfected Strike"],"picked":"SKIP","floor":10},{"not_picked":["Reaper","Body Slam"],"picked":"Pommel Strike","floor":11},{"not_picked":["Cleave","Seeing Red"],"picked":"Evolve","floor":12},{"not_picked":["Spot Weakness","Sword Boomerang"],"picked":"Flame Barrier","floor":13},{"not_picked":["Flex","Power Through","Iron Wave"],"picked":"SKIP","floor":14},{"not_picked":["Blood for Blood+1","Anger","Carnage"],"picked":"SKIP","floor":18},{"not_picked":["Twin Strike","Whirlwind","Rage"],"picked":"SKIP","floor":21},{"not_picked":["Reckless Charge","Infernal Blade","Havoc"],"picked":"SKIP","floor":25}],"player_experience":717072,"relics_obtained":[{"floor":7,"key":"Incense Burner"},{"floor":9,"key":"Ornamental Fan"},{"floor":11,"key":"Red Skull"},{"floor":25,"key":"Ginger"},{"floor":26,"key":"Shovel"},{"floor":27,"key":"FossilizedHelix"}],"event_choices":[{"damage_healed":0,"gold_gain":0,"player_choice":"Box","damage_taken":0,"relics_obtained":["Omamori"],"max_hp_gain":0,"max_hp_loss":0,"event_name":"Big Fish","floor":2,"gold_loss":0,"cards_obtained":["Regret"]},{"cards_removed":["Regret"],"damage_healed":0,"gold_gain":0,"player_choice":"Removed Curses","damage_taken":0,"max_hp_gain":0,"max_hp_loss":0,"event_name":"Fountain of Cleansing","floor":3,"gold_loss":0},{"damage_healed":0,"gold_gain":0,"player_choice":"Inject Mutagens","damage_taken":0,"relics_obtained":["MutagenicStrength"],"max_hp_gain":0,"max_hp_loss":0,"event_name":"Drug Dealer","floor":19,"gold_loss":0},{"damage_healed":0,"gold_gain":0,"player_choice":"Ignored","damage_taken":0,"max_hp_gain":0,"max_hp_loss":0,"event_name":"Vampires","floor":20,"gold_loss":0},{"damage_healed":0,"gold_gain":50,"player_choice":"Stole From Cult","damage_taken":0,"max_hp_gain":0,"max_hp_loss":0,"event_name":"Nest","floor":22,"gold_loss":0},{"damage_healed":0,"gold_gain":0,"player_choice":"Ignored","damage_taken":0,"max_hp_gain":0,"max_hp_loss":0,"event_name":"The Mausoleum","floor":28,"gold_loss":0}],"is_beta":false,"boss_relics":[{"not_picked":["Eternal Feather","Fusion Hammer"],"picked":"Sozu"}],"items_purged_floors":[5,24],"is_endless":false,"potions_floor_spawned":[1,7,13,14,18,21],"killed_by":"Sentry and Sphere","ascension_level":19}