{"gold_per_floor":[118,118,218,228,228,258,277,289,289,307,320,320,7,23,23,23],"floor_reached":16,"playtime":509,"items_purged":[],"score":181,"play_id":"d53b60a6-91e9-4a36-8d8c-a8b26fad824f","local_time":"20190114164813","is_ascension_mode":true,"campfire_choices":[{"floor":12,"key":"REST"},{"data":"Dagger Spray","floor":15,"key":"SMITH"}],"neow_cost":"NONE","seed_source_timestamp":766686590930662,"circlet_count":0,"master_deck":["Defend_G","Defend_G","Defend_G","Defend_G","Defend_G","Strike_G","Strike_G","Strike_G","Strike_G","Strike_G","Survivor","Neutralize","Deflect","Dagger Spray+1","Finisher","Infinite Blades","Slice","Dagger Throw","Deflect","Flying Knee"],"relics":["Ring of the Snake","NeowsBlessing","Peace Pipe","Gremlin Horn","Matryoshka","Thread and Needle"],"potions_floor_usage":[7,10,16],"damage_taken":[{"damage":0,"enemies":"2 Louse","floor":1,"turns":1},{"damage":0,"enemies":"Cultist","floor":4,"turns":1},{"damage":0,"enemies":"3 Sentries","floor":6,"turns":1},{"damage":15,"enemies":"Jaw Worm","floor":7,"turns":8},{"damage":9,"enemies":"Red Slaver","floor":8,"turns":4},{"damage":10,"enemies":"Lots of Slimes","floor":10,"turns":3},{"damage":3,"enemies":"Exordium Thugs","floor":11,"turns":5},{"damage":0,"enemies":"3 Louse","floor":14,"turns":3},{"damage":30,"enemies":"Slime Boss","floor":16,"turns":8}],"seed_played":"-7900713894943637984","potions_obtained":[{"floor":4,"key":"Weak Potion"},{"floor":6,"key":"Ancient Potion"},{"floor":14,"key":"EssenceOfSteel"}],"is_trial":false,"path_per_floor":["M","?","?","M","?","E","M","M","T","M","M","R","$","M","R","B"],"character_chosen":"THE_SILENT","items_purchased":["Thread and Needle"],"campfire_rested":1,"item_purchase_floors":[13],"current_hp_per_floor":[63,45,45,45,45,45,30,21,21,11,8,29,29,29,29,0],"gold":23,"neow_bonus":"THREE_ENEMY_KILL","is_prod":false,"is_daily":false,"chose_seed":false,"campfire_upgraded":1,"win_rate":0,"timestamp":1547484493,"path_taken":["M","?","?","?","?","E","?","M","T","M","M","R","$","M","R","BOSS"],"build_version":"2019-01-10","purchased_purges":0,"victory":false,"max_hp_per_floor":[70,70,70,70,70,70,70,70,70,70,70,70,70,70,70,70],"card_choices":[{"not_picked":["Dodge and Roll","Crippling Poison"],"picked":"Deflect","floor":1},{"not_picked":["PiercingWail","Dodge and Roll"],"picked":"Dagger Spray","floor":4},{"not_picked":["Calculated Gamble","Underhanded Strike"],"picked":"Finisher","floor":6},{"not_picked":["Riddle With Holes","Deadly Poison"],"picked":"Infinite Blades","floor":7},{"not_picked":["Dodge and Roll","Flying Knee"],"picked":"Slice","floor":8},{"not_picked":["Corpse Explosion","Deadly Poison"],"picked":"Dagger Throw","floor":10},{"not_picked":["Poisoned Stab","Outmaneuver"],"picked":"Deflect","floor":11},{"not_picked":["Calculated Gamble","Riddle With Holes"],"picked":"Flying Knee","floor":14}],"player_experience":85191,"relics_obtained":[{"floor":6,"key":"Gremlin Horn"},{"floor":9,"key":"Matryoshka"}],"event_choices":[{"damage_healed":0,"gold_gain":0,"player_choice":"Success","damage_taken":18,"relics_obtained":["Peace Pipe"],"max_hp_gain":0,"max_hp_loss":0,"event_name":"Scrap Ooze","floor":2,"gold_loss":0},{"damage_healed":0,"gold_gain":100,"player_choice":"Gold","damage_taken":0,"max_hp_gain":0,"max_hp_loss":0,"event_name":"Wheel of Change","floor":3,"gold_loss":0},{"damage_healed":0,"gold_gain":0,"player_choice":"0 cards matched","damage_taken":0,"max_hp_gain":0,"max_hp_loss":0,"event_name":"Match and Keep!","floor":5,"gold_loss":0,"cards_obtained":[]}],"is_beta":false,"boss_relics":[],"items_purged_floors":[],"is_endless":false,"potions_floor_spawned":[4,6,14],"killed_by":"Slime Boss","ascension_level":8}