{"gold_per_floor":[116,116,116,127,52,86,101,121,147,147,177,191,341,341,341,341],"floor_reached":16,"playtime":505,"items_purged":[],"score":266,"play_id":"9d814d6d-0af2-4dfd-a216-38790894688e","local_time":"20190225002420","is_ascension_mode":true,"campfire_choices":[{"data":"Armaments","floor":15,"key":"SMITH"}],"neow_cost":"NONE","seed_source_timestamp":557244816521200,"circlet_count":0,"master_deck":["AscendersBane","Strike_R","Strike_R","Strike_R","Strike_R","Defend_R","Defend_R","Defend_R","Bash","Pummel","Uppercut","Bloodletting","Blood for Blood","Armaments+1","Carnage"],"relics":["Burning Blood","NeowsBlessing","Art of War","Odd Mushroom","Lantern","Pear","Meat on the Bone"],"potions_floor_usage":[8,16],"damage_taken":[{"damage":0,"enemies":"Small Slimes","floor":1,"turns":1},{"damage":0,"enemies":"2 Louse","floor":4,"turns":1},{"damage":0,"enemies":"Lagavulin","floor":6,"turns":1},{"damage":1,"enemies":"Cultist","floor":7,"turns":3},{"damage":9,"enemies":"The Mushroom Lair","floor":8,"turns":2},{"damage":33,"enemies":"Gremlin Nob","floor":11,"turns":4},{"damage":5,"enemies":"3 Louse","floor":12,"turns":5},{"damage":54,"enemies":"Hexaghost","floor":16,"turns":7}],"seed_played":"3718233711961121267","potions_obtained":[{"floor":1,"key":"Ancient Potion"},{"floor":4,"key":"SkillPotion"},{"floor":7,"key":"AttackPotion"},{"floor":12,"key":"Swift Potion"}],"is_trial":false,"path_per_floor":["M","$","?","M","?","E","M","?","T","?","E","M","?","?","R","B"],"character_chosen":"IRONCLAD","items_purchased":[],"campfire_rested":0,"item_purchase_floors":[],"current_hp_per_floor":[74,74,74,75,75,75,75,72,72,82,55,56,56,49,49,0],"gold":341,"neow_bonus":"THREE_ENEMY_KILL","is_prod":false,"is_daily":false,"chose_seed":false,"campfire_upgraded":1,"win_rate":0,"timestamp":1551054260,"path_taken":["M","$","?","M","?","E","M","?","T","?","E","?","?","?","R","BOSS"],"build_version":"2019-01-23","purchased_purges":0,"victory":false,"max_hp_per_floor":[75,75,75,75,75,75,75,75,75,85,85,85,85,85,85,85],"card_choices":[{"not_picked":["Disarm","Combust"],"picked":"Pummel","floor":1},{"not_picked":["Fire Breathing","Shrug It Off"],"picked":"Uppercut","floor":4},{"not_picked":["Evolve","Clothesline"],"picked":"Bloodletting","floor":6},{"not_picked":["Clash","Pommel Strike"],"picked":"Blood for Blood","floor":7},{"not_picked":["Sword Boomerang","Combust"],"picked":"Armaments","floor":11},{"not_picked":["Shrug It Off","Armaments"],"picked":"Carnage","floor":12}],"player_experience":394121,"relics_obtained":[{"floor":6,"key":"Art of War"},{"floor":8,"key":"Odd Mushroom"},{"floor":9,"key":"Lantern"},{"floor":11,"key":"Meat on the Bone"}],"event_choices":[{"cards_removed":["Strike_R"],"damage_healed":0,"gold_gain":0,"player_choice":"Forget","damage_taken":0,"max_hp_gain":0,"max_hp_loss":0,"event_name":"Living Wall","floor":3,"gold_loss":0},{"cards_removed":["Defend_R"],"damage_healed":0,"gold_gain":0,"player_choice":"Card Removal","damage_taken":0,"max_hp_gain":0,"max_hp_loss":0,"event_name":"The Cleric","floor":5,"gold_loss":75},{"damage_healed":0,"gold_gain":0,"player_choice":"Fought Mushrooms","damage_taken":0,"max_hp_gain":0,"max_hp_loss":0,"event_name":"Mushrooms","floor":8,"gold_loss":0},{"damage_healed":0,"gold_gain":0,"player_choice":"Gave Potion","damage_taken":0,"relics_obtained":["Pear"],"max_hp_gain":0,"max_hp_loss":0,"event_name":"WeMeetAgain","floor":10,"gold_loss":0},{"damage_healed":0,"gold_gain":150,"player_choice":"AGREE","damage_taken":0,"max_hp_gain":0,"max_hp_loss":0,"event_name":"Liars Game","floor":13,"gold_loss":0,"cards_obtained":["Doubt"]},{"cards_removed":["Doubt"],"damage_healed":0,"gold_gain":0,"player_choice":"Card Removal","damage_taken":7,"max_hp_gain":0,"max_hp_loss":0,"event_name":"Golden Wing","floor":14,"gold_loss":0}],"is_beta":false,"boss_relics":[],"items_purged_floors":[],"is_endless":false,"potions_floor_spawned":[1,4,7,12],"killed_by":"Hexaghost","ascension_level":20}