{"gold_per_floor":[119,170,170,186,202,235,252,252,252,287,297,317,317,317,317,390,390,403,19,37,47,61,88,288,288,288,322,322,342,375,389,389,389],"floor_reached":33,"playtime":1461,"items_purged":["Rupture"],"score":619,"play_id":"42956835-c9f0-4af8-96c9-33b28510533a","local_time":"20190201230449","is_ascension_mode":true,"campfire_choices":[{"data":"Immolate","floor":8,"key":"SMITH"},{"data":"Shrug It Off","floor":13,"key":"SMITH"},{"data":"Flame Barrier","floor":15,"key":"SMITH"},{"data":"Evolve","floor":25,"key":"SMITH"},{"data":"Wild Strike","floor":28,"key":"SMITH"},{"data":"True Grit","floor":32,"key":"SMITH"}],"neow_cost":"PERCENT_DAMAGE","seed_source_timestamp":103161694159972,"circlet_count":0,"master_deck":["AscendersBane","Strike_R","Strike_R","Strike_R","Strike_R","Defend_R","Defend_R","Defend_R","Defend_R","Bash+1","Immolate+1","Reckless Charge","Shrug It Off+1","Flame Barrier+1","Immolate","Evolve+1","Shrug It Off","Wild Strike+1","Reckless Charge","True Grit+1"],"relics":["Burning Blood","Anchor","Singing Bowl","Paper Frog","Cursed Key","Bottled Tornado","The Courier","Dream Catcher","Juzu Bracelet"],"potions_floor_usage":[6,16,22,27,33],"damage_taken":[{"damage":5,"enemies":"Small Slimes","floor":1,"turns":3},{"damage":12,"enemies":"Jaw Worm","floor":4,"turns":3},{"damage":0,"enemies":"Cultist","floor":5,"turns":2},{"damage":10,"enemies":"3 Sentries","floor":6,"turns":4},{"damage":8,"enemies":"Large Slime","floor":7,"turns":3},{"damage":22,"enemies":"Gremlin Nob","floor":10,"turns":4},{"damage":7,"enemies":"Gremlin Gang","floor":11,"turns":3},{"damage":1,"enemies":"Looter","floor":12,"turns":2},{"damage":9,"enemies":"Slime Boss","floor":16,"turns":6},{"damage":2,"enemies":"3 Byrds","floor":18,"turns":4},{"damage":7,"enemies":"2 Thieves","floor":20,"turns":3},{"damage":27,"enemies":"Sentry and Sphere","floor":21,"turns":4},{"damage":1,"enemies":"Snecko","floor":22,"turns":6},{"damage":7,"enemies":"Slavers","floor":23,"turns":4},{"damage":26,"enemies":"Book of Stabbing","floor":27,"turns":5},{"damage":0,"enemies":"Chosen and Byrds","floor":29,"turns":4},{"damage":0,"enemies":"Gremlin Leader","floor":30,"turns":4},{"damage":0,"enemies":"Snake Plant","floor":31,"turns":3},{"damage":69,"enemies":"Collector","floor":33,"turns":6}],"seed_played":"-5518792514476377917","potions_obtained":[{"floor":4,"key":"Block Potion"},{"floor":6,"key":"SpeedPotion"},{"floor":11,"key":"PowerPotion"},{"floor":18,"key":"LiquidBronze"},{"floor":22,"key":"Strength Potion"}],"is_trial":false,"path_per_floor":["M","?","?","M","M","E","M","R","T","E","M","M","R","?","R","B",null,"M","$","M","M","M","E","?","R","T","E","R","M","E","M","R","B"],"character_chosen":"IRONCLAD","items_purchased":["Evolve","Bottled Tornado"],"campfire_rested":0,"item_purchase_floors":[19,19],"current_hp_per_floor":[51,51,51,45,51,47,45,45,45,31,32,39,39,39,39,36,70,76,76,75,56,63,62,62,62,62,44,44,52,58,64,64,0],"gold":389,"neow_bonus":"THREE_RARE_CARDS","is_prod":false,"is_daily":false,"chose_seed":false,"campfire_upgraded":6,"win_rate":0,"timestamp":1549062289,"path_taken":["M","?","?","M","M","E","M","R","T","E","M","?","R","?","R","BOSS","M","$","M","M","?","E","?","R","T","E","R","M","E","M","R","BOSS"],"build_version":"2019-01-23","purchased_purges":1,"victory":false,"max_hp_per_floor":[75,75,75,75,75,75,75,75,75,77,79,81,81,81,81,81,81,83,83,83,85,87,87,87,87,87,89,89,91,91,91,91,91],"card_choices":[{"not_picked":["Double Tap","Berserk"],"picked":"Immolate","floor":0},{"not_picked":["Clash","Pommel Strike"],"picked":"Reckless Charge","floor":1},{"not_picked":["Sword Boomerang","Armaments"],"picked":"Shrug It Off","floor":4},{"not_picked":["Warcry","Rage","Dual Wield"],"picked":"SKIP","floor":5},{"not_picked":["Pommel Strike","Entrench","Clothesline"],"picked":"SKIP","floor":6},{"not_picked":["Second Wind","Rage"],"picked":"Flame Barrier","floor":7},{"not_picked":["Berserk","Twin Strike","Cleave"],"picked":"Singing Bowl","floor":10},{"not_picked":["Fire Breathing","Havoc","Perfected Strike"],"picked":"Singing Bowl","floor":11},{"not_picked":["Whirlwind","Clash","Shockwave"],"picked":"Singing Bowl","floor":12},{"not_picked":["Demon Form","Exhume"],"picked":"Immolate","floor":16},{"not_picked":["Flex","Twin Strike","Iron Wave"],"picked":"Singing Bowl","floor":18},{"not_picked":["Thunderclap","Perfected Strike"],"picked":"Shrug It Off","floor":20},{"not_picked":["Flex","Inflame","Shockwave"],"picked":"Singing Bowl","floor":21},{"not_picked":["Body Slam","Whirlwind","Sword Boomerang"],"picked":"Singing Bowl","floor":22},{"not_picked":["Whirlwind","Juggernaut"],"picked":"Wild Strike","floor":23},{"not_picked":["Armaments","Twin Strike","Havoc"],"picked":"Singing Bowl","floor":27},{"not_picked":["Iron Wave","Feel No Pain","Havoc"],"picked":"Singing Bowl","floor":29},{"not_picked":["Sword Boomerang","Feed"],"picked":"Reckless Charge","floor":30},{"not_picked":["Burning Pact","Bloodletting"],"picked":"True Grit","floor":31}],"player_experience":514275,"relics_obtained":[{"floor":6,"key":"Anchor"},{"floor":9,"key":"Singing Bowl"},{"floor":10,"key":"Paper Frog"},{"floor":23,"key":"The Courier"},{"floor":27,"key":"Dream Catcher"},{"floor":30,"key":"Juzu Bracelet"}],"event_choices":[{"damage_healed":0,"gold_gain":51,"player_choice":"Gained Gold","damage_taken":0,"max_hp_gain":0,"max_hp_loss":0,"event_name":"Golden Wing","floor":2,"gold_loss":0},{"damage_healed":0,"gold_gain":0,"cards_transformed":["Strike_R"],"player_choice":"Transformed","damage_taken":0,"max_hp_gain":0,"max_hp_loss":0,"event_name":"Transmorgrifier","floor":3,"gold_loss":0,"cards_obtained":["Rupture"]},{"damage_healed":0,"gold_gain":0,"player_choice":"Upgraded","damage_taken":0,"max_hp_gain":0,"max_hp_loss":0,"event_name":"Upgrade Shrine","floor":14,"gold_loss":0,"cards_upgraded":["Bash"]},{"damage_healed":0,"gold_gain":200,"player_choice":"Gold","damage_taken":0,"max_hp_gain":0,"max_hp_loss":0,"event_name":"Wheel of Change","floor":24,"gold_loss":0}],"is_beta":false,"boss_relics":[{"not_picked":["Runic Dome","Pandora\u0027s Box"],"picked":"Cursed Key"}],"items_purged_floors":[19],"is_endless":false,"potions_floor_spawned":[4,6,11,12,18,22,23],"killed_by":"Collector","ascension_level":16}