{"path_per_floor":["M","?","?","M","?","R","?","R","T","E","R","E","$","?","R","B",null,"M","$","M","?","M","R"],"character_chosen":"IRONCLAD","items_purchased":["Vajra","Inflame"],"gold_per_floor":[119,119,119,134,134,134,134,134,182,242,242,270,2,2,2,123,123,138,138,159,159,180,180],"floor_reached":24,"campfire_rested":4,"playtime":839,"current_hp_per_floor":[63,47,29,24,24,48,53,78,85,63,63,37,37,37,61,20,67,64,64,63,47,31,55],"items_purged":["Parasite"],"gold":180,"score":320,"play_id":"4bcb3635-587f-49e6-b7d7-c1176bdec9c8","local_time":"20180306155349","is_prod":false,"is_daily":false,"is_ascension_mode":true,"campfire_upgraded":1,"timestamp":1520351629,"path_taken":["M","?","?","M","?","R","?","R","T","E","R","E","?","?","R","BOSS","M","$","M","?","M","R","E"],"build_version":"2018-03-01-PROD1","purchased_purges":3,"victory":false,"master_deck":["Strike_R","Strike_R","Strike_R","Strike_R+1","Defend_R","Defend_R+1","Defend_R","Defend_R","Bash","Heavy Blade","Impervious","Headbutt","Whirlwind+1","Body Slam","Inflame","Offering","Burning Pact","Necronomicurse"],"max_hp_per_floor":[80,80,80,80,80,80,85,85,92,92,92,92,89,82,82,82,82,82,82,82,82,82,82],"relics":["Burning Blood","Happy Flower","Oddly Smooth Stone","Strawberry","Tiny Chest","Juzu Bracelet","Vajra","Golden Idol","Mark of Pain","Necronomicon"],"card_choices":[{"not_picked":["Headbutt","Armaments"],"picked":"Heavy Blade"},{"not_picked":["Anger","Body Slam"],"picked":"Impervious"},{"not_picked":["Clash","Warcry"],"picked":"Whirlwind"},{"not_picked":["Perfected Strike","Flame Barrier"],"picked":"Body Slam"},{"not_picked":["Reaper","Juggernaut"],"picked":"Offering"},{"not_picked":["Pommel Strike","Searing Blow"],"picked":"Burning Pact"}],"player_experience":207327,"potions_floor_usage":[10,20,24],"damage_taken":[{"damage":15,"enemies":"Jaw Worm","floor":1,"turns":5},{"damage":11,"enemies":"Small Slimes","floor":4,"turns":3},{"damage":28,"enemies":"Lagavulin","floor":10,"turns":9},{"damage":32,"enemies":"Gremlin Nob","floor":12,"turns":4},{"damage":47,"enemies":"The Guardian","floor":16,"turns":9},{"damage":9,"enemies":"Shell Parasite","floor":18,"turns":3},{"damage":7,"enemies":"Chosen","floor":20,"turns":2},{"damage":22,"enemies":"Snake Plant","floor":22,"turns":3},{"damage":59,"enemies":"Book of Stabbing","floor":24,"turns":4}],"event_choices":[{"event_name":"Shining Light","player_choice":"Entered Light","floor":2,"damage_taken":0},{"event_name":"Scrap Ooze","player_choice":"success","floor":3,"damage_taken":18},{"event_name":"Transmorgrifier","player_choice":"Transform","floor":5,"damage_taken":0},{"event_name":"Big Fish","player_choice":"Donut","floor":7,"damage_taken":0},{"event_name":"Golden Idol","player_choice":"Lose Max HP","floor":14,"damage_taken":0},{"event_name":"Cursed Tome","player_choice":"Obtained Book","floor":21,"damage_taken":0}],"boss_relics":[{"not_picked":["Tiny House","Ectoplasm"],"picked":"Mark of Pain"}],"potions_floor_spawned":[4,16,18],"seed_played":"1887987779297452902","killed_by":"Book of Stabbing","ascension_level":12,"is_trial":false}