{"gold_per_floor":[115,125,23,23,38,38,38,38,62,62,87,159,159,175,175,276,276,295,295,118,132,146,146,156,184,254,269,269,286,286,321,321,423,423,437,285,285,295,295],"floor_reached":39,"playtime":1113,"items_purged":["Strike_R","Clash"],"score":424,"play_id":"7e49041b-1097-4a7c-a1e9-a7498b98ff4c","local_time":"20190208163543","is_ascension_mode":false,"campfire_choices":[{"data":"Searing Blow","floor":6.0,"key":"SMITH"},{"data":"Searing Blow+2","floor":8.0,"key":"SMITH"},{"data":"Searing Blow+3","floor":10.0,"key":"SMITH"},{"data":"Searing Blow+4","floor":15,"key":"SMITH"},{"data":"Searing Blow+5","floor":23,"key":"SMITH"},{"floor":30,"key":"REST"},{"floor":32,"key":"REST"}],"neow_cost":"NONE","seed_source_timestamp":684976292329543,"circlet_count":0,"master_deck":["Strike_R","Strike_R","Strike_R","Strike_R","Defend_R","Defend_R","Defend_R","Defend_R","Bash","Searing Blow+7","Ghostly Armor","Clash","Impervious","Battle Trance","Ghostly Armor","Shrug It Off","Shrug It Off+1","Iron Wave","True Grit+1"],"special_seed":0,"relics":["Philosopher\u0027s Stone"],"potions_floor_usage":[16,16,18,33,33,33],"damage_taken":[{"damage":2.0,"enemies":"Jaw Worm","floor":1.0,"turns":4.0},{"damage":0.0,"enemies":"Small Slimes","floor":2.0,"turns":2.0},{"damage":0.0,"enemies":"2 Louse","floor":5.0,"turns":2.0},{"damage":0.0,"enemies":"Gremlin Nob","floor":11.0,"turns":3.0},{"damage":0,"enemies":"2 Fungi Beasts","floor":14,"turns":2},{"damage":54,"enemies":"Hexaghost","floor":16,"turns":6},{"damage":28,"enemies":"3 Byrds","floor":18,"turns":5},{"damage":0,"enemies":"Spheric Guardian","floor":21,"turns":3},{"damage":5,"enemies":"Centurion and Healer","floor":22,"turns":4},{"damage":1,"enemies":"Shelled Parasite and Fungi","floor":24,"turns":3},{"damage":23,"enemies":"Masked Bandits","floor":25,"turns":4},{"damage":6,"enemies":"Snecko","floor":27,"turns":4},{"damage":0,"enemies":"Centurion and Healer","floor":29,"turns":3},{"damage":18,"enemies":"Gremlin Leader","floor":31,"turns":6},{"damage":34,"enemies":"Champ","floor":33,"turns":11},{"damage":4,"enemies":"Orb Walker","floor":35,"turns":3},{"damage":69,"enemies":"3 Darklings","floor":38,"turns":18},{"damage":7,"enemies":"Maw","floor":39,"turns":4}],"seed_played":"-9108660577036110823","potions_obtained":[{"floor":1.0,"key":"Fire Potion"},{"floor":2.0,"key":"Strength Potion"},{"floor":18,"key":"SteroidPotion"},{"floor":29,"key":"Energy Potion"},{"floor":33,"key":"Dexterity Potion"}],"is_trial":false,"path_per_floor":["M","M","$","?","M","R","?","R","T","R","E","?","?","M","R","B",null,"M","?","$","M","M","R","M","?","T","M","?","M","R","E","R","B",null,"M","$","?","M","M"],"character_chosen":"IRONCLAD","items_purchased":["AttackPotion","Clash","PowerPotion","PowerPotion","Iron Wave"],"campfire_rested":2,"item_purchase_floors":[3,3,20,20,36],"current_hp_per_floor":[78,78,78,78,78,78,78,78,78,78,78,78,78,78,78,24,80,52,52,52,52,47,47,46,23,23,17,17,17,41,23,47,13,80,76,76,76,7,0],"gold":295,"neow_bonus":"BOSS_RELIC","is_prod":false,"is_daily":false,"chose_seed":false,"campfire_upgraded":5,"win_rate":0,"timestamp":1549643743,"path_taken":["M","M","$","?","M","R","?","R","T","R","E","?","?","M","R","BOSS","M","?","$","M","M","R","M","?","T","M","?","M","R","E","R","BOSS","M","$","?","M","M"],"build_version":"2019-01-23","purchased_purges":2,"victory":false,"max_hp_per_floor":[80,80,80,80,80,80,80,80,80,80,80,80,80,80,80,80,80,80,80,80,80,80,80,80,80,80,80,80,80,80,80,80,80,80,80,80,80,80,80],"card_choices":[{"not_picked":["Seeing Red","Uppercut"],"picked":"Searing Blow","floor":1.0},{"not_picked":["Clothesline","Flame Barrier"],"picked":"Ghostly Armor","floor":2.0},{"not_picked":["Anger","Havoc","Clothesline"],"picked":"SKIP","floor":5.0},{"not_picked":["Wild Strike","Armaments","Flex"],"picked":"SKIP","floor":11},{"not_picked":["Metallicize","Dropkick","Infernal Blade"],"picked":"SKIP","floor":14},{"not_picked":["Exhume","Limit Break"],"picked":"Impervious","floor":16},{"not_picked":["Cleave+1","Flex"],"picked":"Battle Trance","floor":18},{"not_picked":["Cleave","Heavy Blade"],"picked":"Clash","floor":21},{"not_picked":["Havoc+1","Entrench","Rupture"],"picked":"SKIP","floor":22},{"not_picked":["Sword Boomerang+1","Spot Weakness"],"picked":"Ghostly Armor","floor":24},{"not_picked":["Rage","Fire Breathing","Armaments+1"],"picked":"SKIP","floor":27},{"not_picked":["Heavy Blade","Headbutt"],"picked":"Shrug It Off","floor":29},{"not_picked":["Heavy Blade","Dark Embrace","Entrench"],"picked":"SKIP","floor":31},{"not_picked":["Clothesline+1","Pommel Strike+1"],"picked":"Shrug It Off+1","floor":35},{"not_picked":["Shrug It Off","Feel No Pain"],"picked":"True Grit+1","floor":38}],"player_experience":546943,"relics_obtained":[],"event_choices":[{"damage_healed":0.0,"max_hp_gain":0.0,"max_hp_loss":0.0,"gold_gain":0.0,"event_name":"Liars Game","player_choice":"Ignored","floor":4.0,"gold_loss":0.0,"damage_taken":0.0},{"damage_healed":0.0,"max_hp_gain":0.0,"max_hp_loss":0.0,"gold_gain":0.0,"event_name":"Living Wall","player_choice":"Grow","floor":7.0,"gold_loss":0.0,"damage_taken":0.0,"cards_upgraded":["Searing Blow"]},{"damage_healed":0,"gold_gain":72,"player_choice":"Gained Gold","damage_taken":0,"max_hp_gain":0,"max_hp_loss":0,"event_name":"Golden Wing","floor":12,"gold_loss":0},{"damage_healed":0,"gold_gain":0,"player_choice":"Fled","damage_taken":0,"max_hp_gain":0,"max_hp_loss":0,"event_name":"Scrap Ooze","floor":13,"gold_loss":0},{"damage_healed":0,"gold_gain":0,"player_choice":"Ignored","damage_taken":0,"max_hp_gain":0,"max_hp_loss":0,"event_name":"The Mausoleum","floor":19,"gold_loss":0},{"damage_healed":0,"gold_gain":0,"player_choice":"Fought Bandits","damage_taken":0,"max_hp_gain":0,"max_hp_loss":0,"event_name":"Masked Bandits","floor":25,"gold_loss":0},{"damage_healed":0,"gold_gain":0,"player_choice":"Forge","damage_taken":0,"max_hp_gain":0,"max_hp_loss":0,"event_name":"Accursed Blacksmith","floor":28,"gold_loss":0,"cards_upgraded":["Searing Blow"]},{"damage_healed":0,"gold_gain":0,"player_choice":"0 cards matched","damage_taken":0,"max_hp_gain":0,"max_hp_loss":0,"event_name":"Match and Keep!","floor":37,"gold_loss":0,"cards_obtained":[]}],"is_beta":false,"boss_relics":[{"not_picked":["Cursed Key","Orrery","Runic Dome"]},{"not_picked":["Calling Bell","Astrolabe","Mark of Pain"]}],"items_purged_floors":[20,36],"is_endless":false,"potions_floor_spawned":[1,2,11,18,25,27,29,33],"killed_by":"Maw","ascension_level":0}