{"path_per_floor":["?","?","?","?","?","?","?","?","?","?","?","?","?","?","?","B",null,"?","?","?","?","?","?","?","?","?"],"character_chosen":"IRONCLAD","items_purchased":["Apotheosis","Rupture","Limit Break"],"gold_per_floor":[114,114,133,152,171,171,209,209,209,247,266,9,28,47,47,172,172,191,210,51,70,70,108,127,127,127],"floor_reached":27,"campfire_rested":2,"playtime":1087,"current_hp_per_floor":[80,60,65,71,67,67,47,71,71,71,65,65,77,76,76,69,69,59,58,58,39,39,31,17,41,41],"items_purged":[],"gold":127,"score":247,"play_id":"de046958-f0cb-4a34-aa34-4294e145f53b","local_time":"20180307145429","daily_mods":[{"name":"Diverse","description":"Start with 2 cards from another class.","modID":"Diverse","img":{"data":{"file":{"file":{"path":"images\\ui\\run_mods\\diverse.png"},"type":"Internal"},"width":64,"height":64,"format":"RGBA8888","useMipMaps":false,"isPrepared":false},"glTarget":3553,"glHandle":685,"minFilter":"Linear","magFilter":"Linear","uWrap":"ClampToEdge","vWrap":"ClampToEdge"},"positive":true},{"name":"Restless Journey","description":"You no longer heal when entering new acts.","modID":"Restless Journey","img":{"data":{"file":{"file":{"path":"images\\ui\\run_mods\\restless_journey.png"},"type":"Internal"},"width":64,"height":64,"format":"RGBA8888","useMipMaps":false,"isPrepared":false},"glTarget":3553,"glHandle":676,"minFilter":"Linear","magFilter":"Linear","uWrap":"ClampToEdge","vWrap":"ClampToEdge"},"positive":false},{"name":"Uncertain Future","description":"The map shows only ?.","modID":"Uncertain Future","img":{"data":{"file":{"file":{"path":"images\\ui\\run_mods\\uncertain_future.png"},"type":"Internal"},"width":64,"height":64,"format":"RGBA8888","useMipMaps":false,"isPrepared":false},"glTarget":3553,"glHandle":679,"minFilter":"Linear","magFilter":"Linear","uWrap":"ClampToEdge","vWrap":"ClampToEdge"},"positive":false},{"name":"Binary","description":"Card rewards contain only 2 cards.","modID":"Binary","img":{"data":{"file":{"file":{"path":"images\\ui\\run_mods\\binary.png"},"type":"Internal"},"width":64,"height":64,"format":"RGBA8888","useMipMaps":false,"isPrepared":false},"glTarget":3553,"glHandle":680,"minFilter":"Linear","magFilter":"Linear","uWrap":"ClampToEdge","vWrap":"ClampToEdge"},"positive":false}],"is_prod":false,"is_daily":true,"is_ascension_mode":false,"campfire_upgraded":2,"timestamp":1520434469,"path_taken":["?","?","?","?","?","?","?","?","?","?","?","?","?","?","?","BOSS","?","?","?","?","?","?","?","?","?","?"],"build_version":"2018-03-01-PROD1","purchased_purges":0,"victory":false,"master_deck":["Strike_R+1","Strike_R+1","Strike_R","Strike_R","Strike_R","Defend_R","Defend_R","Defend_R","Defend_R","Bash+1","Cloak And Dagger","Well Laid Plans","Cleave","Combust","Hemokinesis","Apotheosis+1","Rupture","Clash","Offering","Hemokinesis","Limit Break","Clash"],"max_hp_per_floor":[80,80,80,80,80,80,80,80,80,80,80,80,80,80,80,80,80,80,80,80,80,80,80,80,80,80],"relics":["Burning Blood","Golden Idol","Whetstone","Peace Pipe","Vajra","Runic Dome","Happy Flower","Calipers"],"card_choices":[{"not_picked":["Rupture"],"picked":"Cleave"},{"not_picked":["Disarm"],"picked":"Combust"},{"not_picked":["Anger"],"picked":"Hemokinesis"},{"not_picked":["Headbutt"],"picked":"Clash"},{"not_picked":["Feed"],"picked":"Offering"},{"not_picked":["Havoc"],"picked":"Hemokinesis"},{"not_picked":["True Grit"],"picked":"Clash"}],"player_experience":213668,"potions_floor_usage":[10,13,16,16,21,23,24],"damage_taken":[{"damage":2,"enemies":"2 Louse","floor":1,"turns":3},{"damage":1,"enemies":"Jaw Worm","floor":3,"turns":3},{"damage":0,"enemies":"Cultist","floor":4,"turns":3},{"damage":10,"enemies":"Gremlin Gang","floor":5,"turns":3},{"damage":26,"enemies":"3 Sentries","floor":7,"turns":8},{"damage":6,"enemies":"Gremlin Nob","floor":10,"turns":3},{"damage":12,"enemies":"Exordium Wildlife","floor":11,"turns":5},{"damage":3,"enemies":"Large Slime","floor":13,"turns":4},{"damage":7,"enemies":"2 Fungi Beasts","floor":14,"turns":3},{"damage":13,"enemies":"Slime Boss","floor":16,"turns":6},{"damage":16,"enemies":"2 Thieves","floor":18,"turns":3},{"damage":7,"enemies":"Chosen","floor":19,"turns":2},{"damage":25,"enemies":"Snecko","floor":21,"turns":5},{"damage":14,"enemies":"Book of Stabbing","floor":23,"turns":3},{"damage":20,"enemies":"Snake Plant","floor":24,"turns":3},{"damage":45,"enemies":"Slaver and Parasite","floor":27,"turns":3}],"event_choices":[{"event_name":"Golden Idol","player_choice":"Take Damage","floor":2,"damage_taken":0},{"event_name":"Drug Dealer","player_choice":"Ignored","floor":22,"damage_taken":0}],"boss_relics":[{"not_picked":["Runic Cube","Runic Pyramid"],"picked":"Runic Dome"}],"potions_floor_spawned":[5,7,10,11,13,16,21,23],"seed_played":"6669194513917691148","killed_by":"Slaver and Parasite","ascension_level":0,"is_trial":false}