{"gold_per_floor":[112,37,50,67,87,87,114,114,166,166,185,199,210,38,38,38],"floor_reached":16,"playtime":420,"items_purged":[],"score":208,"play_id":"a494b131-9208-4e6e-8c74-c271b2f731f8","local_time":"20190430191932","is_ascension_mode":true,"campfire_choices":[{"data":"White Noise","floor":6,"key":"SMITH"},{"floor":10,"key":"REST"},{"data":"Beam Cell","floor":15,"key":"SMITH"}],"neow_cost":"PERCENT_DAMAGE","seed_source_timestamp":3738703597764967,"circlet_count":0,"master_deck":["AscendersBane","Strike_B","Strike_B","Strike_B","Defend_B","Defend_B","Defend_B","Defend_B","Zap","Dualcast","Coolheaded","White Noise+1","Beam Cell","Melter","Beam Cell+1","Core Surge","Glacier","Compile Driver","Capacitor"],"relics":["Cracked Core","Peace Pipe","Ornamental Fan","Boot","Strawberry"],"potions_floor_usage":[7,16],"damage_taken":[{"damage":19,"enemies":"Small Slimes","floor":1,"turns":4},{"damage":0,"enemies":"Cultist","floor":3,"turns":3},{"damage":2,"enemies":"Jaw Worm","floor":4,"turns":3},{"damage":4,"enemies":"Looter","floor":5,"turns":4},{"damage":6,"enemies":"3 Sentries","floor":7,"turns":7},{"damage":0,"enemies":"Large Slime","floor":11,"turns":2},{"damage":0,"enemies":"2 Fungi Beasts","floor":12,"turns":2},{"damage":3,"enemies":"Blue Slaver","floor":13,"turns":3},{"damage":40,"enemies":"Hexaghost","floor":16,"turns":11}],"seed_played":"-2356625385029037688","potions_obtained":[{"floor":3,"key":"EssenceOfSteel"},{"floor":4,"key":"AttackPotion"}],"is_trial":false,"path_per_floor":["M","$","M","M","M","R","E","?","T","R","M","M","M","$","R","B"],"character_chosen":"DEFECT","items_purchased":["White Noise","Strawberry"],"campfire_rested":1,"item_purchase_floors":[2,14],"current_hp_per_floor":[27,27,27,25,21,21,15,15,15,36,36,36,33,40,40,0],"gold":38,"neow_bonus":"ONE_RARE_RELIC","is_prod":false,"is_daily":false,"chose_seed":false,"campfire_upgraded":2,"win_rate":0,"timestamp":1556648372,"path_taken":["M","$","M","M","M","R","E","?","T","R","?","M","M","?","R","BOSS"],"build_version":"2019-01-23","purchased_purges":0,"victory":false,"max_hp_per_floor":[71,71,71,71,71,71,71,71,71,71,71,71,71,78,78,78],"card_choices":[{"not_picked":["Barrage","Leap"],"picked":"Coolheaded","floor":1},{"not_picked":["Turbo","Stack"],"picked":"Beam Cell","floor":3},{"not_picked":["Capacitor","Compile Driver"],"picked":"Melter","floor":4},{"not_picked":["Ball Lightning","Redo"],"picked":"Beam Cell","floor":5},{"not_picked":["Chaos","Barrage"],"picked":"Core Surge","floor":7},{"not_picked":["Chaos","Go for the Eyes"],"picked":"Glacier","floor":11},{"not_picked":["Go for the Eyes","Beam Cell"],"picked":"Compile Driver","floor":12},{"not_picked":["Go for the Eyes","Steam Power"],"picked":"Capacitor","floor":13}],"player_experience":745867,"relics_obtained":[{"floor":7,"key":"Ornamental Fan"},{"floor":9,"key":"Boot"}],"event_choices":[{"cards_removed":["Strike_B"],"damage_healed":0,"gold_gain":0,"player_choice":"Purged","damage_taken":0,"max_hp_gain":0,"max_hp_loss":0,"event_name":"Purifier","floor":8,"gold_loss":0}],"is_beta":false,"boss_relics":[],"items_purged_floors":[],"is_endless":false,"potions_floor_spawned":[3,4],"killed_by":"Hexaghost","ascension_level":20}