{"gold_per_floor":[214,214,17,117,137,137,172,183,208,228,228,241,241,241,241,241],"floor_reached":16,"playtime":358,"items_purged":[],"score":160,"play_id":"f9d4eb3a-4f2c-484c-94bf-36551ef9a8ff","local_time":"20190117205727","is_ascension_mode":true,"campfire_choices":[{"data":"Bash","floor":6,"key":"SMITH"},{"data":"Genetic Algorithm","floor":13,"key":"SMITH"},{"data":"Well Laid Plans","floor":15,"key":"SMITH"}],"neow_cost":"NONE","seed_source_timestamp":2000601214861002,"circlet_count":0,"master_deck":["AscendersBane","Strike_R","Strike_R","Strike_R","Strike_R","Strike_R","Defend_R","Defend_R","Defend_R","Defend_R","Bash+1","Body Slam","Pommel Strike","Genetic Algorithm+1","Well Laid Plans+1"],"relics":["Burning Blood","PrismaticShard","Juzu Bracelet","Regal Pillow"],"potions_floor_usage":[16],"damage_taken":[{"damage":7,"enemies":"2 Louse","floor":1,"turns":3},{"damage":12,"enemies":"Small Slimes","floor":5,"turns":4},{"damage":24,"enemies":"Gremlin Nob","floor":7,"turns":4},{"damage":5,"enemies":"Cultist","floor":8,"turns":3},{"damage":9,"enemies":"Exordium Wildlife","floor":10,"turns":3},{"damage":12,"enemies":"Looter","floor":12,"turns":3},{"damage":42,"enemies":"Hexaghost","floor":16,"turns":7}],"seed_played":"-6047159183036329184","potions_obtained":[{"floor":5,"key":"Dexterity Potion"},{"floor":8,"key":"Strength Potion"},{"floor":10,"key":"Block Potion"}],"is_trial":false,"path_per_floor":["M","?","$","?","M","R","E","M","T","M","?","M","R","?","R","B"],"character_chosen":"IRONCLAD","items_purchased":["PrismaticShard"],"campfire_rested":0,"item_purchase_floors":[3],"current_hp_per_floor":[71,71,71,71,65,65,47,48,48,45,45,39,39,39,39,0],"gold":241,"neow_bonus":"HUNDRED_GOLD","is_prod":false,"is_daily":false,"chose_seed":false,"campfire_upgraded":3,"win_rate":0,"timestamp":1547758647,"path_taken":["M","?","$","?","?","R","E","M","T","M","?","M","R","?","R","BOSS"],"build_version":"2019-01-10","purchased_purges":0,"victory":false,"max_hp_per_floor":[80,80,80,80,80,80,80,80,80,80,80,80,80,80,80,80],"card_choices":[{"not_picked":["Havoc","Reckless Charge"],"picked":"Body Slam","floor":1},{"not_picked":["White Noise","Cold Snap"],"picked":"Pommel Strike","floor":5},{"not_picked":["Backflip","Impatience"],"picked":"Genetic Algorithm","floor":7},{"not_picked":["Havoc","Armaments","Biased Cognition"],"picked":"SKIP","floor":8},{"not_picked":["Clothesline","Acrobatics","Heatsinks"],"picked":"SKIP","floor":10},{"not_picked":["Flex","Masterful Stab"],"picked":"Well Laid Plans","floor":12}],"player_experience":400681,"relics_obtained":[{"floor":7,"key":"Juzu Bracelet"},{"floor":9,"key":"Regal Pillow"}],"event_choices":[{"damage_healed":0,"gold_gain":0,"player_choice":"Leave","damage_taken":0,"max_hp_gain":0,"max_hp_loss":0,"event_name":"The Cleric","floor":2,"gold_loss":0},{"damage_healed":0,"gold_gain":100,"player_choice":"Pray","damage_taken":0,"max_hp_gain":0,"max_hp_loss":0,"event_name":"Golden Shrine","floor":4,"gold_loss":0},{"damage_healed":0,"gold_gain":0,"player_choice":"Ignored","damage_taken":0,"max_hp_gain":0,"max_hp_loss":0,"event_name":"Liars Game","floor":11,"gold_loss":0},{"damage_healed":0,"gold_gain":0,"player_choice":"Ignored","damage_taken":0,"max_hp_gain":0,"max_hp_loss":0,"event_name":"Golden Idol","floor":14,"gold_loss":0}],"is_beta":false,"boss_relics":[],"items_purged_floors":[],"is_endless":false,"potions_floor_spawned":[5,8,10,12],"killed_by":"Hexaghost","ascension_level":12}