{"path_per_floor":["M","M","?","M","M","E","M","M","T","?","?","M","R","M","R","B",null,"M","$","?","M","M","R","E","R","T","M"],"character_chosen":"DEFECT","items_purchased":["Cold Snap"],"gold_per_floor":[113,133,133,146,160,192,212,229,279,279,279,296,296,312,312,415,415,433,311,311,326,336,336,371,371,371,383,383],"floor_reached":28,"campfire_rested":3,"playtime":1194,"current_hp_per_floor":[70,66,66,66,53,31,22,10,10,10,35,35,57,57,57,40,75,75,75,75,52,32,54,29,51,51,11,0],"items_purged":["Defend_B"],"gold":383,"score":244,"play_id":"b66b08e0-3efb-4322-a094-c3e782b0a220","local_time":"20180427103406","is_prod":false,"is_daily":false,"chose_seed":false,"is_ascension_mode":false,"campfire_upgraded":1,"timestamp":1524846846,"path_taken":["M","M","?","M","M","E","M","M","T","?","?","M","R","M","R","BOSS","M","$","?","M","M","R","E","R","T","M","?"],"build_version":"2018-04-26v2","seed_source_timestamp":139227516385128,"purchased_purges":1,"victory":false,"master_deck":["Strike_B","Strike_B","Strike_B","Defend_B","Defend_B","Defend_B","Zap","Dualcast","Cold Snap","Streamline+1","Hello World","Rebound","Cold Snap","Amplify","Beam Cell","All For One","Cold Snap","Blizzard","White Noise","Echo Form","Streamline+1"],"max_hp_per_floor":[75,75,75,75,75,75,75,75,75,75,75,75,75,75,75,75,75,75,75,75,75,75,75,75,75,75,75,75],"relics":["Cracked Core","Gremlin Horn","Art of War","Inserter","Vajra","Bronze Scales"],"card_choices":[{"not_picked":["Leap","Hologram"],"picked":"Cold Snap","floor":1},{"not_picked":["Impulse","Go for the Eyes"],"picked":"Streamline","floor":2},{"not_picked":["Impulse","Flux Capacitor"],"picked":"Hello World","floor":4},{"not_picked":["Barrage","Hello World"],"picked":"Rebound","floor":5},{"not_picked":["Sweeping Beam","Flux Capacitor"],"picked":"Cold Snap","floor":7},{"not_picked":["Darkness","Hello World"],"picked":"Amplify","floor":8},{"not_picked":["Skim","Go for the Eyes"],"picked":"Beam Cell","floor":12},{"not_picked":["Meteor Strike","Reboot"],"picked":"All For One","floor":16},{"not_picked":["Hologram","Sweeping Beam"],"picked":"Blizzard","floor":21},{"not_picked":["Auto Shields","Go for the Eyes"],"picked":"White Noise","floor":22},{"not_picked":["Force Field","Reboot"],"picked":"Echo Form","floor":24},{"not_picked":["Static Discharge","Skim"],"picked":"Streamline","floor":27}],"player_experience":343330,"potions_floor_usage":[5,7,16,16,21,28],"damage_taken":[{"damage":5,"enemies":"Cultist","floor":1,"turns":4},{"damage":4,"enemies":"Jaw Worm","floor":2,"turns":3},{"damage":0,"enemies":"2 Louse","floor":4,"turns":2},{"damage":13,"enemies":"2 Fungi Beasts","floor":5,"turns":3},{"damage":22,"enemies":"3 Sentries","floor":6,"turns":6},{"damage":9,"enemies":"Red Slaver","floor":7,"turns":4},{"damage":12,"enemies":"Large Slime","floor":8,"turns":5},{"damage":0,"enemies":"Exordium Wildlife","floor":12,"turns":2},{"damage":0,"enemies":"Gremlin Gang","floor":14,"turns":3},{"damage":17,"enemies":"The Guardian","floor":16,"turns":10},{"damage":0,"enemies":"Chosen","floor":18,"turns":5},{"damage":23,"enemies":"3 Byrds","floor":21,"turns":6},{"damage":20,"enemies":"Snecko","floor":22,"turns":4},{"damage":25,"enemies":"Gremlin Leader","floor":24,"turns":6},{"damage":40,"enemies":"Snake Plant","floor":27,"turns":4},{"damage":15,"enemies":"3 Cultists","floor":28,"turns":3}],"event_choices":[{"event_name":"Purifier","player_choice":"One Purge","floor":3,"damage_taken":0},{"event_name":"Shining Light","player_choice":"Ignored","floor":10,"damage_taken":0},{"event_name":"Big Fish","player_choice":"Banana","floor":11,"damage_taken":0},{"event_name":"Vampires","player_choice":"Ignored","floor":20,"damage_taken":0}],"boss_relics":[{"not_picked":["Snecko Eye","Lizard Tail"],"picked":"Inserter"}],"potions_floor_spawned":[2,5,6,7,8,18,24],"seed_played":"771777665798403697","killed_by":"3 Cultists","ascension_level":0,"is_trial":false}