{"gold_per_floor":[113,113,127,143,20,20,41,80,80,115,115,64,29,50,50,50],"floor_reached":16,"playtime":493,"items_purged":["Injury"],"score":193,"play_id":"4834ec2d-75ba-469f-82d6-e367a7572b0f","local_time":"20190122162700","is_ascension_mode":true,"campfire_choices":[{"data":"Shrug It Off","floor":6,"key":"SMITH"},{"floor":11,"key":"REST"},{"data":"Body Slam","floor":15,"key":"SMITH"}],"neow_cost":"TEN_PERCENT_HP_LOSS","seed_source_timestamp":2416257022193051,"circlet_count":0,"master_deck":["AscendersBane","Strike_R","Strike_R","Strike_R","Strike_R","Strike_R","Defend_R","Defend_R","Defend_R","Defend_R","Bash","Pommel Strike","Clash","Shrug It Off+1","Body Slam+1","Pommel Strike","True Grit"],"relics":["Burning Blood","Turnip","Golden Idol","Letter Opener","Meat on the Bone","Orichalcum"],"potions_floor_usage":[8,10,16],"damage_taken":[{"damage":6,"enemies":"Cultist","floor":1,"turns":4},{"damage":12,"enemies":"Jaw Worm","floor":3,"turns":3},{"damage":9,"enemies":"2 Louse","floor":4,"turns":3},{"damage":4,"enemies":"Exordium Wildlife","floor":7,"turns":4},{"damage":25,"enemies":"3 Sentries","floor":8,"turns":8},{"damage":39,"enemies":"Lagavulin","floor":10,"turns":6},{"damage":15,"enemies":"Blue Slaver","floor":14,"turns":3},{"damage":50,"enemies":"Hexaghost","floor":16,"turns":9}],"seed_played":"-5639504128069274322","potions_obtained":[{"floor":4,"key":"Ancient Potion"},{"floor":7,"key":"AttackPotion"}],"is_trial":false,"path_per_floor":["M","?","M","M","$","R","M","E","T","E","R","$","?","M","R","B"],"character_chosen":"IRONCLAD","items_purchased":["Shrug It Off","SteroidPotion"],"campfire_rested":1,"item_purchase_floors":[5,12],"current_hp_per_floor":[68,68,62,59,59,59,61,42,42,21,41,41,58,49,49,0],"gold":50,"neow_bonus":"ONE_RARE_RELIC","is_prod":false,"is_daily":false,"chose_seed":false,"campfire_upgraded":2,"win_rate":0,"timestamp":1548174420,"path_taken":["M","?","M","M","$","R","M","E","T","E","R","?","?","?","R","BOSS"],"build_version":"2019-01-17v2","purchased_purges":1,"victory":false,"max_hp_per_floor":[68,68,68,68,68,68,68,68,68,68,68,68,68,68,68,68],"card_choices":[{"not_picked":["Disarm","Rupture"],"picked":"Pommel Strike","floor":1},{"not_picked":["Shockwave","Wild Strike","Anger"],"picked":"SKIP","floor":3},{"not_picked":["Anger","Infernal Blade"],"picked":"Clash","floor":4},{"not_picked":["Seeing Red","Headbutt"],"picked":"Body Slam","floor":7},{"not_picked":["Clothesline","Dropkick"],"picked":"Pommel Strike","floor":8},{"not_picked":["Exhume","Hemokinesis","Clothesline"],"picked":"SKIP","floor":10},{"not_picked":["Rupture","Feel No Pain"],"picked":"True Grit","floor":14}],"player_experience":455904,"relics_obtained":[{"floor":8,"key":"Letter Opener"},{"floor":9,"key":"Meat on the Bone"},{"floor":10,"key":"Orichalcum"}],"event_choices":[{"damage_healed":0,"gold_gain":0,"player_choice":"Take Wound","damage_taken":0,"relics_obtained":["Golden Idol"],"max_hp_gain":0,"max_hp_loss":0,"event_name":"Golden Idol","floor":2,"gold_loss":0,"cards_obtained":["Injury"]},{"damage_healed":17,"gold_gain":0,"player_choice":"Healed","damage_taken":0,"max_hp_gain":0,"max_hp_loss":0,"event_name":"The Cleric","floor":13,"gold_loss":35}],"is_beta":false,"boss_relics":[],"items_purged_floors":[5],"is_endless":false,"potions_floor_spawned":[4,7],"killed_by":"Hexaghost","ascension_level":15}