{"path_per_floor":["M","?","?","M","?","R","E","M","T","R","?","T","?","?","R","B",null,"M","M","?","?","M","R","$","?","T","R","?","R","?","M","R"],"character_chosen":"THE_SILENT","items_purchased":["Apotheosis","Deflect"],"gold_per_floor":[12,12,12,26,26,26,57,73,73,73,73,141,141,141,141,269,269,292,312,227,227,248,248,22,22,45,45,45,45,45,68,68,68],"floor_reached":33,"campfire_rested":2,"playtime":2423,"current_hp_per_floor":[68,65,52,52,57,57,39,39,39,39,39,39,39,39,60,55,70,70,70,70,70,56,56,56,56,56,56,56,56,56,56,70,0],"items_purged":[],"gold":68,"score":287,"play_id":"8b9ad87f-d224-47c5-9688-074c63a087c0","local_time":"20180414210100","is_prod":false,"is_daily":false,"chose_seed":false,"is_ascension_mode":true,"campfire_upgraded":5,"timestamp":1523736060,"path_taken":["M","?","?","?","?","R","E","M","T","R","?","?","?","?","R","BOSS","M","M","?","?","M","R","$","?","T","R","?","R","?","M","R","BOSS"],"build_version":"2018-04-12","seed_source_timestamp":1052954861777550,"purchased_purges":0,"victory":false,"master_deck":["Defend_G+1","Defend_G+1","Defend_G+1","Defend_G+1","Defend_G+1","Strike_G+1","Strike_G+1","Strike_G+1","Survivor","Neutralize+1","Acrobatics","Well Laid Plans+1","Dash+1","Backstab+1","Bullet Time","Outmaneuver","Caltrops+1","Dagger Spray+1","Apotheosis+1","Deflect","Dodge and Roll","Malaise"],"max_hp_per_floor":[70,65,65,65,70,70,70,70,70,70,70,70,70,70,70,70,70,70,70,70,70,70,70,70,70,70,70,70,70,70,70,70,70],"relics":["Ring of the Snake","Gambling Chip","Golden Idol","Juzu Bracelet","Pen Nib","Mercury Hourglass","Sozu","Letter Opener","Torii","Happy Flower"],"card_choices":[{"not_picked":["Quick Slash","Skewer"],"picked":"Acrobatics","floor":1},{"not_picked":["All Out Attack","Dagger Throw"],"picked":"Well Laid Plans","floor":4},{"not_picked":["Poisoned Stab","Sucker Punch"],"picked":"Dash","floor":7},{"not_picked":["Reflex","Dodge and Roll"],"picked":"Backstab","floor":8},{"not_picked":["Unload","Glass Knife"],"picked":"Bullet Time","floor":16},{"not_picked":["Underhanded Strike","Bane"],"picked":"Outmaneuver","floor":18},{"not_picked":["Flechettes","Well Laid Plans"],"picked":"Caltrops","floor":19},{"not_picked":["Eviscerate","Deadly Poison"],"picked":"Dagger Spray","floor":22},{"not_picked":["PiercingWail","Dagger Throw"],"picked":"Malaise","floor":31}],"player_experience":213362,"potions_floor_usage":[7,16,31,33],"damage_taken":[{"damage":2,"enemies":"Jaw Worm","floor":1,"turns":5},{"damage":0,"enemies":"Small Slimes","floor":4,"turns":3},{"damage":18,"enemies":"Lagavulin","floor":7,"turns":8},{"damage":0,"enemies":"2 Louse","floor":8,"turns":2},{"damage":5,"enemies":"Slime Boss","floor":16,"turns":9},{"damage":0,"enemies":"Spheric Guardian","floor":18,"turns":3},{"damage":0,"enemies":"Chosen","floor":19,"turns":5},{"damage":14,"enemies":"Snake Plant","floor":22,"turns":3},{"damage":0,"enemies":"Cultist and Chosen","floor":31,"turns":5},{"damage":81,"enemies":"Champ","floor":33,"turns":15}],"event_choices":[{"event_name":"Golden Idol","player_choice":"Lose Max HP","floor":2,"damage_taken":0},{"event_name":"Shining Light","player_choice":"Entered Light","floor":3,"damage_taken":0},{"event_name":"Big Fish","player_choice":"Donut","floor":5,"damage_taken":0},{"event_name":"The Lab","player_choice":"Got Potions","floor":11,"damage_taken":0},{"event_name":"Liars Game","player_choice":"disagreed","floor":13,"damage_taken":0},{"event_name":"Living Wall","player_choice":"Forget","floor":14,"damage_taken":0},{"event_name":"Addict","player_choice":"Obtained Relic","floor":20,"damage_taken":0},{"event_name":"The Mausoleum","player_choice":"Yes","floor":21,"damage_taken":0},{"event_name":"Transmorgrifier","player_choice":"Transform","floor":25,"damage_taken":0},{"event_name":"Drug Dealer","player_choice":"Ignored","floor":28,"damage_taken":0},{"event_name":"Back to Basics","player_choice":"Simplicity","floor":30,"damage_taken":0}],"boss_relics":[{"not_picked":["Philosopher\u0027s Stone","Cursed Key"],"picked":"Sozu"}],"potions_floor_spawned":[1,7,8,18,31],"seed_played":"-4334768663642351550","killed_by":"Champ","ascension_level":4,"is_trial":false}