{"gold_per_floor":[14,26,26,26,36,36,49,67,149,159,159,27,46,46,46,125,125,145,145,156,202,215,215,215,215,215,230,230,241,257,275,275,275],"floor_reached":33,"playtime":1056,"items_purged":[],"score":498,"play_id":"b74da021-9df8-4d75-87cf-a1dea2d0d76b","local_time":"20190120213737","is_ascension_mode":true,"campfire_choices":[{"floor":6,"key":"DIG"},{"floor":11,"key":"DIG"},{"floor":15,"key":"DIG"},{"floor":23,"key":"DIG"},{"floor":28,"key":"DIG"},{"floor":32,"key":"REST"}],"neow_cost":"NO_GOLD","seed_source_timestamp":2261524087258492,"circlet_count":0,"master_deck":["AscendersBane","Strike_B","Strike_B","Strike_B","Defend_B","Defend_B","Defend_B","Defend_B","Zap+1","Dualcast","Gash+1","Rebound","Skim","Leap+1","Gash+1","Hologram","Swift Strike","Ball Lightning","All For One","Conserve Battery","Scrape","Gash","Conserve Battery","Conserve Battery","Rip and Tear","Defragment"],"relics":["FrozenCore","Shovel","Nunchaku","Dodecahedron","War Paint","DataDisk","Whetstone","Dream Catcher","Centennial Puzzle","Du-Vu Doll"],"potions_floor_usage":[10,16,33,33],"damage_taken":[{"damage":7,"enemies":"Jaw Worm","floor":1,"turns":3},{"damage":5,"enemies":"Small Slimes","floor":2,"turns":3},{"damage":1,"enemies":"Cultist","floor":5,"turns":3},{"damage":6,"enemies":"Looter","floor":7,"turns":2},{"damage":7,"enemies":"Large Slime","floor":8,"turns":9},{"damage":33,"enemies":"Exordium Thugs","floor":10,"turns":6},{"damage":0,"enemies":"2 Fungi Beasts","floor":13,"turns":3},{"damage":0,"enemies":"Slime Boss","floor":16,"turns":6},{"damage":19,"enemies":"Shell Parasite","floor":18,"turns":7},{"damage":5,"enemies":"Spheric Guardian","floor":20,"turns":3},{"damage":8,"enemies":"Centurion and Healer","floor":22,"turns":5},{"damage":0,"enemies":"Snecko","floor":27,"turns":4},{"damage":21,"enemies":"Snake Plant","floor":29,"turns":6},{"damage":14,"enemies":"Shelled Parasite and Fungi","floor":30,"turns":6},{"damage":2,"enemies":"Snecko","floor":31,"turns":4},{"damage":51,"enemies":"Automaton","floor":33,"turns":6}],"seed_played":"-2658418487448068481","potions_obtained":[{"floor":2,"key":"Regen Potion"},{"floor":10,"key":"EssenceOfSteel"},{"floor":13,"key":"PowerPotion"},{"floor":16,"key":"Dexterity Potion"},{"floor":22,"key":"FocusPotion"}],"is_trial":false,"path_per_floor":["M","M","?","?","M","R","M","M","T","M","R","$","M","?","R","B",null,"M","?","M","T","M","R","?","?","T","M","R","M","M","M","R","B"],"character_chosen":"DEFECT","items_purchased":["Hologram","Swift Strike"],"campfire_rested":1,"item_purchase_floors":[12,12],"current_hp_per_floor":[57,52,52,52,51,51,45,38,38,20,20,20,20,20,20,20,58,39,39,34,34,26,26,26,49,49,49,49,28,14,12,33,0],"gold":275,"neow_bonus":"ONE_RARE_RELIC","is_prod":false,"is_daily":false,"chose_seed":false,"campfire_upgraded":0,"win_rate":0,"timestamp":1548020257,"path_taken":["M","M","?","?","M","R","M","?","T","M","R","$","M","?","R","BOSS","M","?","M","?","M","R","?","?","T","M","R","?","M","M","R","BOSS"],"build_version":"2019-01-17v2","purchased_purges":0,"victory":false,"max_hp_per_floor":[71,71,71,71,71,71,71,71,71,71,71,71,71,71,71,71,71,71,71,71,71,71,71,71,71,71,71,71,71,71,71,71,71],"card_choices":[{"not_picked":["Hologram","Steam"],"picked":"Gash","floor":1},{"not_picked":["Capacitor","Storm"],"picked":"Rebound","floor":2},{"not_picked":["Recycle","Force Field","Undo"],"picked":"SKIP","floor":5},{"not_picked":["Cold Snap","Conserve Battery"],"picked":"Skim","floor":7},{"not_picked":["Chaos","Streamline"],"picked":"Leap","floor":8},{"not_picked":["Conserve Battery","Chaos"],"picked":"Gash","floor":10},{"not_picked":["Rainbow","Defragment"],"picked":"Ball Lightning","floor":13},{"not_picked":["Thunder Strike","Seek"],"picked":"All For One","floor":16},{"not_picked":["Stack","Tempest"],"picked":"Conserve Battery","floor":18},{"not_picked":["Fusion","Barrage+1"],"picked":"Scrape","floor":20},{"not_picked":["Streamline+1","Steam"],"picked":"Gash","floor":22},{"not_picked":["Doom and Gloom","Blizzard"],"picked":"Conserve Battery","floor":27},{"not_picked":["Compile Driver","Hologram"],"picked":"Conserve Battery","floor":29},{"not_picked":["Barrage","Force Field"],"picked":"Rip and Tear","floor":30},{"not_picked":["Lockon+1","Conserve Battery+1"],"picked":"Defragment","floor":31}],"player_experience":438184,"relics_obtained":[{"floor":6,"key":"Nunchaku"},{"floor":9,"key":"Dodecahedron"},{"floor":11,"key":"War Paint"},{"floor":15,"key":"DataDisk"},{"floor":21,"key":"Whetstone"},{"floor":23,"key":"Dream Catcher"},{"floor":26,"key":"Centennial Puzzle"},{"floor":28,"key":"Du-Vu Doll"}],"event_choices":[{"damage_healed":0,"gold_gain":0,"player_choice":"Leave","damage_taken":0,"max_hp_gain":0,"max_hp_loss":0,"event_name":"The Cleric","floor":3,"gold_loss":0},{"cards_removed":["Strike_B"],"damage_healed":0,"gold_gain":0,"player_choice":"Purged","damage_taken":0,"max_hp_gain":0,"max_hp_loss":0,"event_name":"Purifier","floor":4,"gold_loss":0},{"damage_healed":0,"gold_gain":0,"player_choice":"Searched \u00270\u0027 times","damage_taken":0,"max_hp_gain":0,"max_hp_loss":0,"event_name":"Dead Adventurer","floor":14,"gold_loss":0},{"damage_healed":0,"gold_gain":0,"player_choice":"Ignored","damage_taken":0,"max_hp_gain":0,"max_hp_loss":0,"event_name":"Cursed Tome","floor":19,"gold_loss":0},{"damage_healed":0,"gold_gain":0,"player_choice":"Ignored","damage_taken":0,"max_hp_gain":0,"max_hp_loss":0,"event_name":"The Mausoleum","floor":24,"gold_loss":0},{"damage_healed":23,"gold_gain":0,"player_choice":"Heal","damage_taken":0,"max_hp_gain":0,"max_hp_loss":0,"event_name":"The Library","floor":25,"gold_loss":0}],"is_beta":false,"boss_relics":[{"not_picked":["Ectoplasm","Tiny House"],"picked":"FrozenCore"}],"items_purged_floors":[],"is_endless":false,"potions_floor_spawned":[2,10,13,16,22,27,31],"killed_by":"Automaton","ascension_level":14}