{"path_per_floor":["M","M","M","?","T","R","M","M","T","M","R","$","M","M","R","B",null,"M","$","?","$","?","R"],"character_chosen":"THE_SILENT","items_purchased":["Noxious Fumes","Apotheosis","Well Laid Plans","Catalyst"],"gold_per_floor":[110,130,146,146,194,194,210,223,295,306,306,152,168,180,180,281,281,295,62,62,26,26,26,26],"floor_reached":24,"campfire_rested":1,"playtime":2129,"current_hp_per_floor":[70,67,64,57,57,57,55,55,65,62,62,62,58,58,58,51,80,21,21,21,21,5,29,0],"items_purged":["Strike_G"],"gold":26,"score":226,"play_id":"f4da01c2-c018-4e5d-be26-fe8c73d1b1a5","local_time":"20180423010442","is_prod":false,"is_daily":false,"chose_seed":false,"is_ascension_mode":true,"campfire_upgraded":3,"timestamp":1524441882,"path_taken":["M","M","?","?","?","R","M","M","T","?","R","$","M","M","R","BOSS","M","$","?","$","?","R","E"],"build_version":"2018-04-19","seed_source_timestamp":1743916750941231,"purchased_purges":1,"victory":false,"master_deck":["Defend_G","Defend_G","Defend_G","Defend_G","Defend_G","Strike_G","Strike_G","Strike_G","Survivor","Neutralize+1","Well Laid Plans+1","Finisher","Quick Slash","Cloak And Dagger","Backflip","Blur","Noxious Fumes+1","PiercingWail","Bullet Time","Corpse Explosion","Predator+1","Apotheosis","Well Laid Plans","Catalyst"],"max_hp_per_floor":[70,70,70,70,70,70,70,70,80,80,80,80,80,80,80,80,80,80,80,80,80,80,80,80],"relics":["Philosopher\u0027s Stone","Bag of Marbles","Pear","Black Star","Shuriken","Enchiridion"],"card_choices":[{"not_picked":["Dagger Spray","Malaise"],"picked":"Well Laid Plans","floor":1},{"not_picked":["Underhanded Strike","Masterful Stab"],"picked":"Finisher","floor":2},{"not_picked":["Deadly Poison","Bane"],"picked":"Quick Slash","floor":3},{"not_picked":["Concentrate","Deadly Poison"],"picked":"Cloak And Dagger","floor":7},{"not_picked":["Quick Slash","Slice"],"picked":"Backflip","floor":8},{"not_picked":["Deadly Poison","Slice"],"picked":"Blur","floor":10},{"not_picked":["Poisoned Stab","Cloak And Dagger"],"picked":"PiercingWail","floor":13},{"not_picked":["Bane","Finisher"],"picked":"Bullet Time","floor":14},{"not_picked":["Wraith Form v2","Storm of Steel"],"picked":"Corpse Explosion","floor":16},{"not_picked":["Dagger Spray","Setup"],"picked":"Predator","floor":18}],"player_experience":215785,"potions_floor_usage":[10,16,16,18],"damage_taken":[{"damage":0,"enemies":"Cultist","floor":1,"turns":4},{"damage":3,"enemies":"Jaw Worm","floor":2,"turns":6},{"damage":3,"enemies":"Small Slimes","floor":3,"turns":4},{"damage":2,"enemies":"3 Louse","floor":7,"turns":3},{"damage":0,"enemies":"Exordium Wildlife","floor":8,"turns":4},{"damage":3,"enemies":"Lots of Slimes","floor":10,"turns":3},{"damage":4,"enemies":"Blue Slaver","floor":13,"turns":2},{"damage":0,"enemies":"3 Louse","floor":14,"turns":3},{"damage":7,"enemies":"Slime Boss","floor":16,"turns":9},{"damage":59,"enemies":"3 Byrds","floor":18,"turns":7},{"damage":29,"enemies":"Book of Stabbing","floor":24,"turns":5}],"event_choices":[{"event_name":"Golden Wing","player_choice":"Card Removal","floor":4,"damage_taken":0},{"event_name":"The Mausoleum","player_choice":"Yes","floor":20,"damage_taken":0},{"event_name":"Cursed Tome","player_choice":"Obtained Book","floor":22,"damage_taken":0}],"boss_relics":[{"not_picked":["Runic Dome","Calling Bell"],"picked":"Black Star"}],"potions_floor_spawned":[1,7,10,14],"seed_played":"-1424674558546210328","killed_by":"Book of Stabbing","ascension_level":4,"is_trial":false}