{"gold_per_floor":[116,127,52,64,64,64,91,91,117,147,147,166,66,66,66,137,137,149,163,163,88,138,138,173,13,13,13,32,32,45,59,59,134,134,151,151,151,54,109,142,142,159,159,159,173,189,222,232,232,232],"floor_reached":51,"playtime":2745,"items_purged":["Strike_R","Strike_R","Strike_R"],"score":1527,"play_id":"a8336034-8a35-40f7-96a8-bc1b6bfde89f","local_time":"20180904184329","is_ascension_mode":true,"campfire_choices":[{"data":"Body Slam","floor":6,"key":"SMITH"},{"data":"Shrug It Off","floor":8,"key":"SMITH"},{"data":"Body Slam","floor":15,"key":"SMITH"},{"data":"Barricade","floor":23,"key":"SMITH"},{"floor":27,"key":"REST"},{"floor":29,"key":"REST"},{"data":"Seeing Red","floor":32,"key":"SMITH"},{"data":"Defend_R","floor":41,"key":"SMITH"},{"data":"Defend_R","floor":44,"key":"SMITH"},{"data":"Entrench","floor":49,"key":"SMITH"}],"neow_cost":"TEN_PERCENT_HP_LOSS","seed_source_timestamp":1741242443452990,"circlet_count":0,"master_deck":["Defend_R+1","Defend_R+1","Defend_R","Bash","AscendersBane","Shrug It Off+1","Body Slam+1","Body Slam+1","Barricade+1","Warcry+1","Necronomicurse","Seeing Red+1","Battle Trance","Dual Wield","Shrug It Off+1","Deep Breath","Impervious","Entrench+1","Burning Pact","Warcry+1"],"relics":["Burning Blood","Ice Cream","Oddly Smooth Stone","Potion Belt","Shovel","Mercury Hourglass","Sozu","Necronomicon","Bottled Lightning","Gremlin Horn","Runic Pyramid","Peace Pipe","Lantern","Meat on the Bone","Blue Candle"],"potions_floor_usage":[7,24,24],"damage_taken":[{"damage":4,"enemies":"Small Slimes","floor":1,"turns":4},{"damage":0,"enemies":"2 Louse","floor":2,"turns":4},{"damage":2,"enemies":"Cultist","floor":4,"turns":4},{"damage":2,"enemies":"Lagavulin","floor":7,"turns":5},{"damage":24,"enemies":"3 Sentries","floor":10,"turns":11},{"damage":0,"enemies":"Large Slime","floor":12,"turns":7},{"damage":12,"enemies":"Hexaghost","floor":16,"turns":7},{"damage":12,"enemies":"3 Byrds","floor":18,"turns":5},{"damage":0,"enemies":"Spheric Guardian","floor":19,"turns":4},{"damage":39,"enemies":"Slavers","floor":24,"turns":6},{"damage":6,"enemies":"Cultist and Chosen","floor":28,"turns":3},{"damage":0,"enemies":"Snecko","floor":30,"turns":3},{"damage":0,"enemies":"Sentry and Sphere","floor":31,"turns":3},{"damage":0,"enemies":"Automaton","floor":33,"turns":5},{"damage":0,"enemies":"Orb Walker","floor":35,"turns":2},{"damage":2,"enemies":"Mysterious Sphere","floor":39,"turns":4},{"damage":0,"enemies":"Giant Head","floor":40,"turns":3},{"damage":0,"enemies":"3 Shapes","floor":42,"turns":3},{"damage":0,"enemies":"Spire Growth","floor":45,"turns":2},{"damage":0,"enemies":"Reptomancer","floor":46,"turns":3},{"damage":0,"enemies":"Nemesis","floor":47,"turns":3},{"damage":1,"enemies":"Maw","floor":48,"turns":4},{"damage":1,"enemies":"Time Eater","floor":50,"turns":5}],"seed_played":"-7355635954831533814","potions_obtained":[{"floor":2,"key":"Block Potion"},{"floor":4,"key":"Ancient Potion"},{"floor":7,"key":"BloodPotion"}],"is_trial":false,"path_per_floor":["M","M","$","M","?","R","E","R","T","E","?","M","$","?","R","B",null,"M","M","?","?","?","R","E","$","T","R","M","R","M","M","R","B",null,"M","?","?","$","?","E","R","M","T","R","M","M","E","M","R","B"],"character_chosen":"IRONCLAD","items_purchased":["Battle Trance","Deep Breath"],"campfire_rested":2,"item_purchase_floors":[25,38],"current_hp_per_floor":[68,68,68,68,68,68,68,68,68,50,50,56,56,56,56,50,64,58,64,43,43,43,43,16,16,16,36,36,56,62,68,68,68,68,68,68,68,68,68,68,68,68,68,68,68,68,68,68,68,68],"gold":232,"neow_bonus":"ONE_RARE_RELIC","is_prod":false,"is_daily":false,"chose_seed":false,"campfire_upgraded":8,"win_rate":0,"timestamp":1536083009,"path_taken":["M","M","$","M","?","R","E","R","T","E","?","M","$","?","R","BOSS","M","M","?","?","?","R","E","$","T","R","M","R","M","M","R","BOSS","M","?","?","$","?","E","R","M","T","R","M","?","E","M","R","BOSS"],"build_version":"2018-08-30","purchased_purges":3,"victory":true,"max_hp_per_floor":[68,68,68,68,68,68,68,68,68,68,68,68,68,68,68,68,68,68,68,68,68,68,68,68,68,68,68,68,68,68,68,68,68,68,68,68,68,68,68,68,68,68,68,68,68,68,68,68,68,68],"card_choices":[{"not_picked":["Twin Strike","Rampage"],"picked":"Shrug It Off","floor":1},{"not_picked":["Feel No Pain","Warcry"],"picked":"Body Slam","floor":2},{"not_picked":["Dual Wield","Sword Boomerang","Havoc"],"picked":"SKIP","floor":4},{"not_picked":["Fiend Fire","Searing Blow","Pummel"],"picked":"SKIP","floor":7},{"not_picked":["Clothesline","Warcry","Pommel Strike"],"picked":"SKIP","floor":10},{"not_picked":["Sword Boomerang","Headbutt"],"picked":"Body Slam","floor":12},{"not_picked":["Fiend Fire","Brutality"],"picked":"Barricade","floor":16},{"not_picked":["Heavy Blade","Disarm","Twin Strike"],"picked":"SKIP","floor":18},{"not_picked":["Body Slam","Heavy Blade"],"picked":"Warcry+1","floor":19},{"not_picked":["Feel No Pain","Perfected Strike"],"picked":"Seeing Red","floor":24},{"not_picked":["Battle Trance","Sword Boomerang"],"picked":"Dual Wield","floor":28},{"not_picked":["Disarm","Infernal Blade","True Grit"],"picked":"SKIP","floor":30},{"not_picked":["Carnage","Heavy Blade"],"picked":"Shrug It Off","floor":31},{"not_picked":["Headbutt","Thunderclap","Second Wind+1"],"picked":"SKIP","floor":35},{"not_picked":["Sever Soul","Wild Strike","Iron Wave+1"],"picked":"SKIP","floor":40},{"not_picked":["Sever Soul","Wild Strike","Iron Wave+1"],"picked":"SKIP","floor":40},{"not_picked":["Searing Blow","Flex"],"picked":"Impervious","floor":42},{"not_picked":["Thunderclap","Pummel"],"picked":"Entrench","floor":45},{"not_picked":["Thunderclap","Pummel"],"picked":"Burning Pact","floor":46},{"not_picked":["Blood for Blood","Immolate"],"picked":"Warcry+1","floor":47},{"not_picked":["Thunderclap","Anger","Sword Boomerang"],"picked":"SKIP","floor":48}],"player_experience":311213,"relics_obtained":[{"floor":7,"key":"Oddly Smooth Stone"},{"floor":9,"key":"Potion Belt"},{"floor":10,"key":"Shovel"},{"floor":20,"key":"Necronomicon"},{"floor":24,"key":"Bottled Lightning"},{"floor":26,"key":"Gremlin Horn"},{"floor":39,"key":"Peace Pipe"},{"floor":40,"key":"Lantern"},{"floor":43,"key":"Meat on the Bone"},{"floor":47,"key":"Blue Candle"}],"event_choices":[{"event_name":"Living Wall","player_choice":"Forget","floor":5,"damage_taken":0},{"event_name":"Transmorgrifier","player_choice":"Transform","floor":11,"damage_taken":0},{"event_name":"WeMeetAgain","player_choice":"Card","floor":14,"damage_taken":0},{"event_name":"Cursed Tome","player_choice":"Obtained Book","floor":20,"damage_taken":0},{"event_name":"Beggar","player_choice":"Gave Gold","floor":21,"damage_taken":0},{"event_name":"Nest","player_choice":"Stole From Cult","floor":22,"damage_taken":0},{"event_name":"Duplicator","player_choice":"One dupe","floor":36,"damage_taken":0},{"event_name":"Falling","player_choice":"Removed Skill","floor":37,"damage_taken":0},{"event_name":"Mysterious Sphere","player_choice":"Fight","floor":39,"damage_taken":0}],"is_beta":false,"boss_relics":[{"not_picked":["Tiny House","Empty Cage"],"picked":"Sozu"},{"not_picked":["Lizard Tail","Pandora\u0027s Box"],"picked":"Runic Pyramid"}],"items_purged_floors":[3,13,25],"is_endless":false,"potions_floor_spawned":[2,4,7,18,24,31,40,42,48],"ascension_level":15}