{"gold_per_floor":[115,126,126,126,144,169,169,197,278,303,315,315,334,348,348,348],"floor_reached":16,"playtime":731,"items_purged":[],"score":169,"play_id":"4d740898-931a-4b50-90d9-cf9d76d00f16","local_time":"20180628164415","is_ascension_mode":true,"campfire_choices":[{"floor":7,"key":"REST"},{"floor":12,"key":"REST"},{"floor":15,"key":"DIG"}],"neow_cost":"","seed_source_timestamp":0,"circlet_count":0,"master_deck":["Strike_B","Strike_B","Strike_B","Strike_B","Defend_B","Defend_B","Defend_B","Defend_B","Zap","Dualcast","Meteor Strike","Hologram+1","Go for the Eyes","Leap","Defragment","Conserve Battery","Cold Snap","BootSequence+1","Conserve Battery+1","Self Repair"],"special_seed":0,"relics":["Cracked Core","Shovel","Dream Catcher","Anchor","Toxic Egg 2","Bottled Tornado","Potion Belt"],"potions_floor_usage":[6,13,14,16],"damage_taken":[{"damage":3,"enemies":"Jaw Worm","floor":1,"turns":4},{"damage":0,"enemies":"2 Louse","floor":2,"turns":3},{"damage":1,"enemies":"Cultist","floor":5,"turns":3},{"damage":27,"enemies":"Lagavulin","floor":6,"turns":8},{"damage":31,"enemies":"Gremlin Nob","floor":8,"turns":4},{"damage":0,"enemies":"3 Sentries","floor":10,"turns":8},{"damage":3,"enemies":"Blue Slaver","floor":11,"turns":4},{"damage":2,"enemies":"Large Slime","floor":13,"turns":5},{"damage":9,"enemies":"2 Fungi Beasts","floor":14,"turns":3},{"damage":25,"enemies":"The Guardian","floor":16,"turns":5}],"seed_played":"-6744341695629972513","potions_obtained":[{"floor":2,"key":"Fire Potion"},{"floor":8,"key":"Energy Potion"},{"floor":10,"key":"Explosive Potion"},{"floor":11,"key":"AttackPotion"}],"is_trial":false,"path_per_floor":["M","M","?","?","M","E","R","E","T","E","M","R","M","M","R"],"character_chosen":"DEFECT","items_purchased":[],"campfire_rested":2,"item_purchase_floors":[],"current_hp_per_floor":[72,72,47,47,46,19,41,10,10,10,7,29,27,25,25,0],"gold":348,"neow_bonus":"","is_prod":false,"is_daily":false,"chose_seed":false,"campfire_upgraded":0,"win_rate":0,"timestamp":1530225855,"path_taken":["M","M","?","?","M","E","R","E","T","E","M","R","M","M","R","BOSS"],"build_version":"2018-06-28","purchased_purges":0,"victory":false,"max_hp_per_floor":[75,75,75,75,75,75,75,75,75,75,75,75,75,75,75,75],"card_choices":[{"not_picked":["Turbo","Scrape"],"picked":"Hologram","floor":1},{"not_picked":["Force Field","Melter"],"picked":"Go for the Eyes","floor":2},{"not_picked":["Ball Lightning","Aggregate"],"picked":"Leap","floor":5},{"not_picked":["Ball Lightning","Turbo"],"picked":"Defragment","floor":6},{"not_picked":["Ball Lightning","Aggregate"],"picked":"Conserve Battery","floor":7},{"not_picked":["Steam Power","Rebound"],"picked":"Cold Snap","floor":8},{"not_picked":["Redo+1","Hello World"],"picked":"BootSequence+1","floor":10},{"not_picked":["Doom and Gloom","Steam+1","Streamline"],"picked":"SKIP","floor":11},{"not_picked":["Go for the Eyes","Recycle+1"],"picked":"Conserve Battery+1","floor":12},{"not_picked":["Steam+1","Streamline"],"picked":"Self Repair","floor":13}],"player_experience":413361,"relics_obtained":[{"floor":6,"key":"Dream Catcher"},{"floor":8,"key":"Anchor"},{"floor":9,"key":"Toxic Egg 2"},{"floor":10,"key":"Bottled Tornado"},{"floor":15,"key":"Potion Belt"}],"event_choices":[{"event_name":"Scrap Ooze","player_choice":"success","floor":3,"damage_taken":25},{"event_name":"Upgrade Shrine","player_choice":"Upgraded","floor":4,"damage_taken":0}],"boss_relics":[],"items_purged_floors":[],"is_endless":false,"potions_floor_spawned":[2,8,10,11],"killed_by":"The Guardian","ascension_level":3}