{"gold_per_floor":[17,35,135,60,71,71,98,115,187,201,201,226,245,255,255,351,351,370,370,370,92,112,112,132,146,146,21,21,111,128,163,163,262,262,277,332,347,347,364,364,392,392,392,425,425,438,457,266,266,266,266,266,25,56,56],"floor_reached":55,"playtime":8261,"items_purged":["Strike_R","Strike_R","Strike_R","Parasite"],"score":996,"play_id":"07427398-c907-4da8-8af2-583a48665adb","local_time":"20190120202247","is_ascension_mode":true,"campfire_choices":[{"data":"Whirlwind","floor":6,"key":"SMITH"},{"data":"Armaments","floor":11,"key":"SMITH"},{"data":"Havoc","floor":15,"key":"SMITH"},{"data":"Demon Form","floor":23,"key":"SMITH"},{"data":"Dual Wield","floor":28,"key":"SMITH"},{"data":"Corruption","floor":32,"key":"SMITH"},{"data":"Warcry","floor":40,"key":"SMITH"},{"data":"Feel No Pain","floor":42,"key":"SMITH"},{"floor":45,"key":"RECALL"},{"data":"Inflame","floor":49,"key":"SMITH"},{"data":"Intimidate","floor":52,"key":"SMITH"}],"neow_cost":"NO_GOLD","seed_source_timestamp":1583234665577539,"circlet_count":0,"master_deck":["Defend_R","Defend_R","Defend_R","Defend_R","Bash","Sentinel","Corruption+1","Whirlwind+1","Clothesline","Feel No Pain+1","Armaments+1","Ghostly Armor","Havoc+1","Spot Weakness","Reaper","Demon Form+1","Shockwave+1","Headbutt","Ghostly","Ghostly","Ghostly","Ghostly","Ghostly","Metallicize","Dual Wield+1","Sword Boomerang+1","Heavy Blade+1","Offering","Pommel Strike+1","Warcry+1","Flame Barrier+1","Intimidate+1","Inflame+1","Offering"],"relics":["Black Blood","Incense Burner","Letter Opener","Regal Pillow","Blood Vial","Singing Bowl","PreservedInsect","White Beast Statue","Nunchaku","Pantograph","Bottled Tornado","Bronze Scales","Orichalcum"],"potions_floor_usage":[7,16,16,25,25,30,30,31,33,33,36,39,39,41,44,47,50,50,55,55],"damage_taken":[{"damage":4,"enemies":"2 Louse","floor":1,"turns":4},{"damage":1,"enemies":"Cultist","floor":2,"turns":4},{"damage":4,"enemies":"Small Slimes","floor":5,"turns":3},{"damage":18,"enemies":"Gremlin Nob","floor":7,"turns":4},{"damage":0,"enemies":"3 Louse","floor":8,"turns":2},{"damage":1,"enemies":"Red Slaver","floor":10,"turns":5},{"damage":22,"enemies":"3 Sentries","floor":12,"turns":9},{"damage":14,"enemies":"Exordium Wildlife","floor":13,"turns":6},{"damage":1,"enemies":"Lots of Slimes","floor":14,"turns":3},{"damage":40,"enemies":"Hexaghost","floor":16,"turns":11},{"damage":15,"enemies":"Shell Parasite","floor":18,"turns":9},{"damage":0,"enemies":"Spheric Guardian","floor":22,"turns":8},{"damage":3,"enemies":"Shelled Parasite and Fungi","floor":24,"turns":7},{"damage":18,"enemies":"Snake Plant","floor":25,"turns":6},{"damage":0,"enemies":"Centurion and Healer","floor":30,"turns":6},{"damage":21,"enemies":"Book of Stabbing","floor":31,"turns":7},{"damage":0,"enemies":"Collector","floor":33,"turns":14},{"damage":7,"enemies":"3 Darklings","floor":35,"turns":5},{"damage":6,"enemies":"2 Orb Walkers","floor":36,"turns":3},{"damage":6,"enemies":"3 Shapes","floor":37,"turns":7},{"damage":12,"enemies":"Writhing Mass","floor":39,"turns":7},{"damage":47,"enemies":"Reptomancer","floor":41,"turns":10},{"damage":1,"enemies":"Giant Head","floor":44,"turns":5},{"damage":4,"enemies":"Sphere and 2 Shapes","floor":46,"turns":6},{"damage":1,"enemies":"Spire Growth","floor":47,"turns":6},{"damage":46,"enemies":"Time Eater","floor":50,"turns":13},{"damage":6,"enemies":"Shield and Spear","floor":54,"turns":8},{"damage":58,"enemies":"The Heart","floor":55,"turns":3}],"seed_played":"-3859623445264409875","potions_obtained":[{"floor":2,"key":"Strength Potion"},{"floor":8,"key":"Dexterity Potion"},{"floor":12,"key":"Poison Potion"},{"floor":13,"key":"Regen Potion"},{"floor":18,"key":"EntropicBrew"},{"floor":22,"key":"Ancient Potion"},{"floor":30,"key":"PowerPotion"},{"floor":33,"key":"Fruit Juice"},{"floor":35,"key":"AttackPotion"},{"floor":36,"key":"Ancient Potion"},{"floor":37,"key":"FearPotion"},{"floor":39,"key":"Poison Potion"},{"floor":41,"key":"SpeedPotion"},{"floor":44,"key":"SmokeBomb"},{"floor":46,"key":"SkillPotion"},{"floor":47,"key":"AttackPotion"},{"floor":54,"key":"FearPotion"}],"is_trial":false,"path_per_floor":["M","M","?","$","M","R","E","M","T","M","R","E","M","M","R","B",null,"M","?","?","$","M","R","M","M","T","$","R","?","M","E","R","B",null,"M","?","M","?","M","R","E","R","T","E","R","M","M","$","R","B",null,"R","$","E","B"],"character_chosen":"IRONCLAD","items_purchased":["Blood Vial","Metallicize","Inflame","Bronze Scales","Fire Potion","Fire Potion"],"campfire_rested":0,"item_purchase_floors":[21,21,48,53,53,53],"current_hp_per_floor":[80,80,80,80,80,80,68,74,74,79,79,63,55,60,60,26,80,80,80,40,40,40,40,40,40,40,40,40,28,42,44,44,49,49,49,49,51,51,49,49,50,50,50,53,53,55,57,54,54,18,54,54,54,54,0],"gold":56,"neow_bonus":"TRANSFORM_TWO_CARDS","is_prod":false,"is_daily":false,"chose_seed":false,"campfire_upgraded":10,"win_rate":0,"timestamp":1548037367,"path_taken":["M","M","?","$","?","R","E","M","T","M","R","E","M","M","R","BOSS","M","?","?","$","M","R","M","M","T","$","R","?","?","E","R","BOSS","M","?","M","?","M","R","E","R","T","E","R","M","?","$","R","BOSS","R","$","E","BOSS"],"build_version":"2019-01-17v2","purchased_purges":4,"victory":false,"max_hp_per_floor":[80,80,80,80,80,80,80,80,80,80,80,80,80,80,80,80,80,80,80,40,40,40,40,40,40,40,40,40,40,42,44,44,49,49,49,49,51,51,51,51,53,53,53,53,53,55,57,54,54,54,54,54,54,54,54],"card_choices":[{"not_picked":["Perfected Strike","Sword Boomerang"],"picked":"Whirlwind","floor":1},{"not_picked":["Headbutt","Perfected Strike"],"picked":"Clothesline","floor":2},{"not_picked":["Perfected Strike","Clash","Hemokinesis"],"picked":"SKIP","floor":5},{"not_picked":["Sentinel","Twin Strike"],"picked":"Feel No Pain","floor":7},{"not_picked":["Spot Weakness","Anger"],"picked":"Armaments","floor":8},{"not_picked":["Clash","Fire Breathing"],"picked":"Ghostly Armor","floor":10},{"not_picked":["Sever Soul","Rage"],"picked":"Havoc","floor":12},{"not_picked":["Rampage","Rupture"],"picked":"Spot Weakness","floor":13},{"not_picked":["True Grit","Warcry"],"picked":"Reaper","floor":14},{"not_picked":["Feed","Exhume"],"picked":"Demon Form","floor":16},{"not_picked":["Heavy Blade","Havoc+1"],"picked":"Shockwave+1","floor":18},{"not_picked":["Wild Strike","Cleave"],"picked":"Dual Wield","floor":22},{"not_picked":["Thunderclap","Warcry+1"],"picked":"Sword Boomerang+1","floor":24},{"not_picked":["Sever Soul","Body Slam+1"],"picked":"Heavy Blade+1","floor":25},{"not_picked":["Cleave","Iron Wave+1","Dual Wield"],"picked":"Singing Bowl","floor":30},{"not_picked":["Bloodletting+1","Entrench","Demon Form"],"picked":"Singing Bowl","floor":31},{"not_picked":["Reaper","Berserk"],"picked":"Offering","floor":33},{"not_picked":["Perfected Strike","Twin Strike"],"picked":"Pommel Strike+1","floor":35},{"not_picked":["Body Slam","Sever Soul+1"],"picked":"Warcry","floor":36},{"not_picked":["Heavy Blade+1","Seeing Red","Thunderclap+1"],"picked":"Singing Bowl","floor":37},{"not_picked":["Heavy Blade","Warcry"],"picked":"Flame Barrier+1","floor":39},{"not_picked":["Havoc","Flex+1","Perfected Strike"],"picked":"Singing Bowl","floor":41},{"not_picked":["Anger+1","Armaments"],"picked":"Intimidate","floor":44},{"not_picked":["Burning Pact+1","Double Tap","Body Slam+1"],"picked":"Singing Bowl","floor":46},{"not_picked":["Clothesline","Cleave+1","Whirlwind"],"picked":"Singing Bowl","floor":47},{"not_picked":["Rupture+1","Pommel Strike"],"picked":"Offering","floor":54}],"player_experience":186048,"relics_obtained":[{"floor":7,"key":"Incense Burner"},{"floor":9,"key":"Letter Opener"},{"floor":12,"key":"Regal Pillow"},{"floor":26,"key":"Singing Bowl"},{"floor":31,"key":"PreservedInsect"},{"floor":36,"key":"Nunchaku"},{"floor":41,"key":"Pantograph"},{"floor":44,"key":"Bottled Tornado"},{"floor":54,"key":"Orichalcum"}],"event_choices":[{"damage_healed":0,"gold_gain":100,"player_choice":"Pray","damage_taken":0,"max_hp_gain":0,"max_hp_loss":0,"event_name":"Golden Shrine","floor":3,"gold_loss":0},{"damage_healed":0,"gold_gain":0,"player_choice":"Read","damage_taken":0,"max_hp_gain":0,"max_hp_loss":0,"event_name":"The Library","floor":19,"gold_loss":0,"cards_obtained":["Headbutt"]},{"damage_healed":0,"gold_gain":0,"player_choice":"Became a Ghost","damage_taken":0,"max_hp_gain":0,"max_hp_loss":40,"event_name":"Ghosts","floor":20,"gold_loss":0,"cards_obtained":["Ghostly","Ghostly","Ghostly","Ghostly","Ghostly"]},{"damage_healed":0,"gold_gain":90,"player_choice":"GOLD ","damage_taken":12,"max_hp_gain":0,"max_hp_loss":0,"event_name":"Knowing Skull","floor":29,"potions_obtained":[],"gold_loss":0,"cards_obtained":[]},{"damage_healed":0,"gold_gain":0,"player_choice":"Fight","damage_taken":0,"max_hp_gain":0,"max_hp_loss":0,"event_name":"Mysterious Sphere","floor":36,"gold_loss":0},{"damage_healed":0,"gold_gain":0,"player_choice":"Ignored","damage_taken":0,"max_hp_gain":0,"max_hp_loss":0,"event_name":"SecretPortal","floor":38,"gold_loss":0}],"is_beta":false,"boss_relics":[{"not_picked":["Coffee Dripper","Mark of Pain"],"picked":"Black Blood"},{"not_picked":["Velvet Choker","Runic Pyramid"],"picked":"White Beast Statue"}],"items_purged_floors":[4,21,27,48],"is_endless":false,"potions_floor_spawned":[2,8,12,13,18,22,30,33,35,36,37,39,41,44,46,47,54],"killed_by":"The Heart","ascension_level":4}