{"gold_per_floor":[114,114,27,43,43,75,75,108,189,189,201,232,197,231,231,329,329,340,352,370,102,120,151,151,161,188,222,239,239,1,13,13,13],"floor_reached":33,"playtime":1193,"items_purged":["Shame"],"score":529,"play_id":"a4f2dbeb-989e-413e-b841-345a9a109995","local_time":"20190117160109","is_ascension_mode":true,"campfire_choices":[{"data":"True Grit","floor":10,"key":"SMITH"},{"data":"Bash","floor":15,"key":"SMITH"},{"data":"Pommel Strike","floor":24,"key":"SMITH"},{"floor":29,"key":"REST"},{"floor":32,"key":"REST"}],"neow_cost":"NONE","seed_source_timestamp":1981988022256633,"circlet_count":0,"master_deck":["AscendersBane","Strike_R+1","Strike_R","Strike_R","Strike_R","Defend_R","Defend_R","Defend_R","Defend_R","Bash+1","Pommel Strike","Pommel Strike+1","Twin Strike+1","True Grit+1","Shrug It Off","Sentinel","Anger","Shrug It Off","Flex+1","Flex+1","Flame Barrier+1","Dropkick","Iron Wave","Shrug It Off","Body Slam+1"],"relics":["Burning Blood","Lantern","Paper Frog","Shuriken","Vajra","Potion Belt","Cursed Key","Membership Card","Bronze Scales","Strawberry","Ancient Tea Set","PreservedInsect","StoneCalendar"],"potions_floor_usage":[14,23,27,27,28,33],"damage_taken":[{"damage":13,"enemies":"Jaw Worm","floor":1,"turns":4},{"damage":10,"enemies":"2 Louse","floor":4,"turns":3},{"damage":18,"enemies":"Gremlin Nob","floor":6,"turns":4},{"damage":40,"enemies":"Lagavulin","floor":8,"turns":6},{"damage":6,"enemies":"Cultist","floor":11,"turns":3},{"damage":16,"enemies":"Gremlin Nob","floor":12,"turns":3},{"damage":21,"enemies":"3 Sentries","floor":14,"turns":5},{"damage":18,"enemies":"Hexaghost","floor":16,"turns":7},{"damage":9,"enemies":"Shell Parasite","floor":18,"turns":3},{"damage":10,"enemies":"2 Thieves","floor":19,"turns":4},{"damage":5,"enemies":"Shelled Parasite and Fungi","floor":20,"turns":3},{"damage":24,"enemies":"Snake Plant","floor":22,"turns":2},{"damage":21,"enemies":"Book of Stabbing","floor":23,"turns":4},{"damage":0,"enemies":"Snecko","floor":25,"turns":3},{"damage":31,"enemies":"Slavers","floor":27,"turns":4},{"damage":21,"enemies":"Sentry and Sphere","floor":28,"turns":5},{"damage":21,"enemies":"Snake Plant","floor":31,"turns":3},{"damage":73,"enemies":"Automaton","floor":33,"turns":6}],"seed_played":"5676331474632755630","potions_obtained":[{"floor":1,"key":"FearPotion"},{"floor":4,"key":"Explosive Potion"},{"floor":18,"key":"SneckoOil"},{"floor":22,"key":"Ancient Potion"},{"floor":23,"key":"PowerPotion"},{"floor":25,"key":"SteroidPotion"}],"is_trial":false,"path_per_floor":["M","?","$","M","?","E","?","E","T","R","M","E","?","E","R","B",null,"M","M","M","$","M","E","R","M","T","E","M","R","$","M","R","B"],"character_chosen":"IRONCLAD","items_purchased":["Dropkick","Pommel Strike","Membership Card","Bronze Scales","Shrug It Off","StoneCalendar","Weak Potion"],"campfire_rested":2,"item_purchase_floors":[3,3,21,21,30,30,30],"current_hp_per_floor":[73,66,66,62,44,32,88,54,54,54,54,44,66,51,51,39,76,73,69,70,70,52,44,44,50,50,25,10,38,38,23,51,0],"gold":13,"neow_bonus":"TEN_PERCENT_HP_BONUS","is_prod":false,"is_daily":false,"chose_seed":false,"campfire_upgraded":3,"win_rate":0,"timestamp":1547740869,"path_taken":["M","?","$","M","?","E","?","E","T","R","?","E","?","E","R","BOSS","M","M","M","$","M","E","R","M","T","E","M","R","$","M","R","BOSS"],"build_version":"2019-01-10","purchased_purges":1,"victory":false,"max_hp_per_floor":[88,88,88,88,88,88,88,88,88,88,88,88,88,88,88,88,88,88,88,88,88,88,95,95,95,95,95,95,95,95,95,95,95],"card_choices":[{"not_picked":["Evolve","True Grit"],"picked":"Pommel Strike","floor":1},{"not_picked":["Pommel Strike","Corruption"],"picked":"Twin Strike","floor":4},{"not_picked":["Anger","Sword Boomerang","Body Slam"],"picked":"SKIP","floor":6},{"not_picked":["Fiend Fire","Reckless Charge"],"picked":"True Grit","floor":8},{"not_picked":["Seeing Red","Pummel"],"picked":"Shrug It Off","floor":11},{"not_picked":["Entrench","Corruption"],"picked":"Sentinel","floor":12},{"not_picked":["Thunderclap","Ghostly Armor"],"picked":"Anger","floor":14},{"not_picked":["Cleave","Pommel Strike"],"picked":"Shrug It Off","floor":18},{"not_picked":["True Grit","Burning Pact"],"picked":"Flex+1","floor":19},{"not_picked":["Wild Strike","Thunderclap"],"picked":"Flex+1","floor":20},{"not_picked":["Havoc","Exhume"],"picked":"Flame Barrier+1","floor":22},{"not_picked":["Bloodletting","Perfected Strike"],"picked":"Dropkick","floor":23},{"not_picked":["Wild Strike","Havoc","Intimidate"],"picked":"SKIP","floor":25},{"not_picked":["Searing Blow+1","Havoc+1","Bloodletting+1"],"picked":"SKIP","floor":27},{"not_picked":["Rupture","Searing Blow"],"picked":"Iron Wave","floor":28},{"not_picked":["Rampage","Heavy Blade"],"picked":"Body Slam+1","floor":31}],"player_experience":386573,"relics_obtained":[{"floor":6,"key":"Lantern"},{"floor":8,"key":"Paper Frog"},{"floor":9,"key":"Shuriken"},{"floor":12,"key":"Vajra"},{"floor":14,"key":"Potion Belt"},{"floor":23,"key":"Strawberry"},{"floor":26,"key":"Ancient Tea Set"},{"floor":27,"key":"PreservedInsect"}],"event_choices":[{"cards_removed":["Strike_R"],"damage_healed":0,"gold_gain":0,"player_choice":"Card Removal","damage_taken":7,"max_hp_gain":0,"max_hp_loss":0,"event_name":"Golden Wing","floor":2,"gold_loss":0},{"damage_healed":0,"gold_gain":0,"player_choice":"Entered Light","damage_taken":18,"max_hp_gain":0,"max_hp_loss":0,"event_name":"Shining Light","floor":5,"gold_loss":0,"cards_upgraded":["Strike_R","Twin Strike"]},{"cards_removed":["Dropkick"],"damage_healed":56,"gold_gain":0,"player_choice":"Offered Uncommon","damage_taken":0,"max_hp_gain":0,"max_hp_loss":0,"event_name":"Bonfire Elementals","floor":7,"gold_loss":0},{"damage_healed":22,"gold_gain":0,"player_choice":"Healed","damage_taken":0,"max_hp_gain":0,"max_hp_loss":0,"event_name":"The Cleric","floor":13,"gold_loss":35}],"is_beta":false,"boss_relics":[{"not_picked":["Lizard Tail","Ectoplasm"],"picked":"Cursed Key"}],"items_purged_floors":[30],"is_endless":false,"potions_floor_spawned":[1,4,6,18,22,23,25],"killed_by":"Automaton","ascension_level":12}