{"gold_per_floor":[111,129,129,141,155,185,185,219,244,272,272,323,323,334,334,438,438,455,326,336,353,33,33,60,60,115,144,156,168,197,225,237,249],"floor_reached":33,"playtime":1594,"items_purged":["Strike_G","Strike_G"],"score":373,"play_id":"527469ae-da75-4829-a069-61e9c191f2e8","local_time":"20190112172339","is_ascension_mode":true,"campfire_choices":[{"floor":7,"key":"REST"},{"floor":13,"key":"REST"},{"floor":15,"key":"REST"},{"floor":23,"key":"REST"},{"floor":28,"key":"REST"},{"floor":32,"key":"REST"}],"neow_cost":"NONE","seed_source_timestamp":1554518437949233,"circlet_count":0,"master_deck":["Defend_G","Defend_G","Defend_G","Defend_G","Defend_G","Strike_G","Strike_G","Survivor","Neutralize","Dagger Spray","Terror","Dagger Spray","PiercingWail","Flying Knee","Unload","Dagger Throw+1","Deflect","Sucker Punch","Dagger Spray+1","PiercingWail","Inflame","Concentrate","Blind","Turbo","Leap+1"],"relics":["Ring of the Snake","Art of War","Singing Bowl","Bag of Marbles","Omamori","Pen Nib","Snake Skull","Runic Pyramid","PrismaticShard","Boot","Dream Catcher","MawBank","Shuriken"],"potions_floor_usage":[10,16,16,20,27,33],"damage_taken":[{"damage":1,"enemies":"Cultist","floor":1,"turns":4},{"damage":0,"enemies":"Small Slimes","floor":2,"turns":2},{"damage":1,"enemies":"Jaw Worm","floor":4,"turns":3},{"damage":0,"enemies":"3 Louse","floor":5,"turns":3},{"damage":45,"enemies":"Lagavulin","floor":6,"turns":8},{"damage":18,"enemies":"Gremlin Nob","floor":8,"turns":4},{"damage":19,"enemies":"3 Sentries","floor":10,"turns":9},{"damage":4,"enemies":"Red Slaver","floor":14,"turns":4},{"damage":47,"enemies":"Slime Boss","floor":16,"turns":13},{"damage":12,"enemies":"Shell Parasite","floor":18,"turns":5},{"damage":13,"enemies":"2 Thieves","floor":20,"turns":4},{"damage":23,"enemies":"Snecko","floor":21,"turns":4},{"damage":24,"enemies":"Slavers","floor":24,"turns":4},{"damage":6,"enemies":"Centurion and Healer","floor":27,"turns":4},{"damage":13,"enemies":"Shelled Parasite and Fungi","floor":30,"turns":2},{"damage":0,"enemies":"Snake Plant","floor":31,"turns":4},{"damage":67,"enemies":"Collector","floor":33,"turns":7}],"seed_played":"-8469957422585312468","potions_obtained":[{"floor":2,"key":"Regen Potion"},{"floor":6,"key":"Block Potion"},{"floor":8,"key":"SteroidPotion"},{"floor":14,"key":"Poison Potion"},{"floor":18,"key":"GhostInAJar"},{"floor":20,"key":"Fruit Juice"},{"floor":30,"key":"Strength Potion"}],"is_trial":false,"path_per_floor":["M","M","$","M","M","E","R","E","T","E","?","T","R","M","R","B",null,"M","$","M","M","$","R","E","?","T","M","R","?","M","M","R","B"],"character_chosen":"THE_SILENT","items_purchased":["Deflect","PiercingWail","PrismaticShard"],"campfire_rested":6,"item_purchase_floors":[19,22,22],"current_hp_per_floor":[62,62,62,61,61,18,39,23,23,19,12,12,34,32,54,7,59,47,47,39,16,16,40,16,16,16,10,34,34,21,21,47,0],"gold":249,"neow_bonus":"RANDOM_COMMON_RELIC","is_prod":false,"is_daily":false,"chose_seed":false,"campfire_upgraded":0,"win_rate":0,"timestamp":1547313819,"path_taken":["M","M","?","M","M","E","R","E","T","E","?","?","R","M","R","BOSS","M","$","M","M","$","R","E","?","T","M","R","?","M","M","R","BOSS"],"build_version":"2019-01-10","purchased_purges":2,"victory":false,"max_hp_per_floor":[70,70,70,70,70,72,72,74,74,74,74,74,74,76,76,76,76,76,76,81,81,81,81,81,81,81,81,81,81,81,81,83,83],"card_choices":[{"not_picked":["Dagger Throw","Prepared"],"picked":"Dagger Spray","floor":1},{"not_picked":["Bouncing Flask","PiercingWail"],"picked":"Terror","floor":2},{"not_picked":["Deflect","Dodge and Roll"],"picked":"Dagger Spray","floor":4},{"not_picked":["All Out Attack","Bane"],"picked":"PiercingWail","floor":5},{"not_picked":["Bane","Crippling Poison","Well Laid Plans"],"picked":"Singing Bowl","floor":6},{"not_picked":["Bane","Wraith Form v2","Dagger Spray"],"picked":"Singing Bowl","floor":8},{"not_picked":["Terror","Underhanded Strike"],"picked":"Flying Knee","floor":10},{"not_picked":["Eviscerate","Deadly Poison","PiercingWail"],"picked":"Singing Bowl","floor":14},{"not_picked":["Venomology","Burst"],"picked":"Unload","floor":16},{"not_picked":["Noxious Fumes+1","Leg Sweep"],"picked":"Dagger Throw+1","floor":18},{"not_picked":["Quick Slash","Heel Hook+1"],"picked":"Sucker Punch","floor":20},{"not_picked":["Blur","Prepared"],"picked":"Dagger Spray+1","floor":21},{"not_picked":["Pummel","Flying Knee"],"picked":"Inflame","floor":24},{"not_picked":["Predator+1","Malaise"],"picked":"Concentrate","floor":27},{"not_picked":["Clothesline","Armaments"],"picked":"Blind","floor":28},{"not_picked":["Reprogram","Machine Learning"],"picked":"Turbo","floor":30},{"not_picked":["Redo+1","Dagger Spray+1"],"picked":"Leap+1","floor":31},{"not_picked":["Coolheaded+1","Barrage","Poisoned Stab"],"picked":"Singing Bowl","floor":32}],"player_experience":213684,"relics_obtained":[{"floor":6,"key":"Singing Bowl"},{"floor":8,"key":"Bag of Marbles"},{"floor":9,"key":"Omamori"},{"floor":10,"key":"Pen Nib"},{"floor":12,"key":"Snake Skull"},{"floor":24,"key":"Boot"},{"floor":26,"key":"MawBank"}],"event_choices":[{"cards_removed":["Strike_G"],"damage_healed":0,"gold_gain":0,"player_choice":"Card Removal","damage_taken":7,"max_hp_gain":0,"max_hp_loss":0,"event_name":"Golden Wing","floor":11,"gold_loss":0},{"damage_healed":0,"gold_gain":0,"player_choice":"Opened","damage_taken":0,"relics_obtained":["Dream Catcher"],"max_hp_gain":0,"max_hp_loss":0,"event_name":"The Mausoleum","floor":25,"gold_loss":0},{"damage_healed":0,"gold_gain":0,"player_choice":"Gave Potion","damage_taken":0,"relics_obtained":["Shuriken"],"max_hp_gain":0,"max_hp_loss":0,"event_name":"WeMeetAgain","floor":29,"gold_loss":0}],"is_beta":false,"boss_relics":[{"not_picked":["Empty Cage","Astrolabe"],"picked":"Runic Pyramid"}],"items_purged_floors":[19,22],"is_endless":false,"potions_floor_spawned":[2,6,8,14,18,20,30],"killed_by":"Collector","ascension_level":6}