{"gold_per_floor":[117,117,42,42,42,42,55,55,55,85,85,114,39,39,39,139,139,155,155,4,4,18,18,18,53,53,53,53,68,68,97,97,97],"floor_reached":33,"playtime":1131,"items_purged":["Strike_B"],"score":396,"play_id":"8893c35b-980d-426e-bb6a-c79bf2344975","local_time":"20190426150349","is_ascension_mode":true,"campfire_choices":[{"data":"Defragment","floor":6,"key":"SMITH"},{"data":"Zap","floor":8,"key":"SMITH"},{"floor":11,"key":"REST"},{"floor":15,"key":"REST"},{"floor":23,"key":"REST"},{"data":"Dualcast","floor":27,"key":"SMITH"},{"floor":30,"key":"REST"},{"data":"Consume","floor":32,"key":"SMITH"}],"neow_cost":"NONE","seed_source_timestamp":197651203507056,"circlet_count":0,"master_deck":["Strike_B+1","Defend_B","Zap+1","Dualcast+1","Defragment+1","Consume+1","Leap","Echo Form","Cold Snap+1","Seek+1","Undo+1","Gash+1","Ball Lightning+1","Gash","Ball Lightning+1"],"relics":["Cracked Core","Art of War","Sundial","Bronze Scales","Potion Belt","Odd Mushroom","Astrolabe","Strawberry","Whetstone","Regal Pillow","Pear","Dodecahedron","Peace Pipe"],"potions_floor_usage":[7,25,31,33],"damage_taken":[{"damage":0,"enemies":"2 Louse","floor":1,"turns":3},{"damage":4,"enemies":"Jaw Worm","floor":7,"turns":4},{"damage":17,"enemies":"Gremlin Nob","floor":10,"turns":3},{"damage":13,"enemies":"The Mushroom Lair","floor":12,"turns":3},{"damage":18,"enemies":"The Guardian","floor":16,"turns":12},{"damage":26,"enemies":"3 Byrds","floor":18,"turns":4},{"damage":8,"enemies":"Shell Parasite","floor":22,"turns":5},{"damage":20,"enemies":"Book of Stabbing","floor":25,"turns":5},{"damage":6,"enemies":"Snake Plant","floor":29,"turns":4},{"damage":31,"enemies":"Slavers","floor":31,"turns":5},{"damage":75,"enemies":"Collector","floor":33,"turns":7}],"seed_played":"-9075033461414109460","potions_obtained":[{"floor":7,"key":"Fruit Juice"},{"floor":12,"key":"SneckoOil"},{"floor":18,"key":"Poison Potion"},{"floor":25,"key":"SkillPotion"},{"floor":31,"key":"Explosive Potion"}],"is_trial":false,"path_per_floor":["M","?","$","?","?","R","M","R","T","E","R","?","$","$","R","B",null,"M","?","$","?","M","R","$","E","T","R","T","M","R","E","R","B"],"character_chosen":"DEFECT","items_purchased":["Defragment","Whetstone"],"campfire_rested":4,"item_purchase_floors":[3,20],"current_hp_per_floor":[68,68,68,56,49,49,50,50,50,33,57,44,44,44,68,50,73,47,54,54,54,46,72,72,52,62,62,62,56,97,66,66,0],"gold":97,"neow_bonus":"RANDOM_COMMON_RELIC","is_prod":false,"is_daily":false,"chose_seed":false,"campfire_upgraded":4,"win_rate":0,"timestamp":1556312629,"path_taken":["M","?","$","?","?","R","M","R","T","E","R","?","?","$","R","BOSS","M","?","$","?","M","R","$","E","T","R","?","M","R","E","R","BOSS"],"build_version":"2019-04-23","purchased_purges":1,"victory":false,"max_hp_per_floor":[75,75,75,75,75,75,80,80,80,80,80,80,80,80,80,80,80,80,87,87,87,87,87,87,87,97,97,97,97,97,97,97,97],"card_choices":[{"not_picked":["Turbo","Consume","Barrage"],"picked":"SKIP","floor":1},{"not_picked":["Stack","Chill"],"picked":"Consume","floor":7},{"not_picked":["Steam","Rainbow","Hologram"],"picked":"SKIP","floor":10},{"not_picked":["Undo","Storm"],"picked":"Leap","floor":12},{"not_picked":["Buffer","Creative AI"],"picked":"Echo Form","floor":16},{"not_picked":["Barrage","Beam Cell"],"picked":"Gash","floor":18},{"not_picked":["Sunder","Darkness"],"picked":"Ball Lightning+1","floor":22},{"not_picked":["Turbo+1","Chill","Stack+1"],"picked":"SKIP","floor":25},{"not_picked":["Ball Lightning+1","Hello World+1"],"picked":"Gash","floor":29},{"not_picked":["Coolheaded","Sweeping Beam"],"picked":"Ball Lightning+1","floor":31}],"player_experience":526039,"relics_obtained":[{"floor":9,"key":"Bronze Scales"},{"floor":10,"key":"Potion Belt"},{"floor":12,"key":"Odd Mushroom"},{"floor":25,"key":"Regal Pillow"},{"floor":26,"key":"Pear"},{"floor":28,"key":"Dodecahedron"},{"floor":31,"key":"Peace Pipe"}],"event_choices":[{"damage_healed":0,"gold_gain":0,"player_choice":"Ignored","damage_taken":0,"max_hp_gain":0,"max_hp_loss":0,"event_name":"Liars Game","floor":2,"gold_loss":0},{"damage_healed":0,"gold_gain":0,"player_choice":"Success","damage_taken":12,"relics_obtained":["Sundial"],"max_hp_gain":0,"max_hp_loss":0,"event_name":"Scrap Ooze","floor":4,"gold_loss":0},{"cards_removed":["Strike_B"],"damage_healed":0,"gold_gain":0,"player_choice":"Card Removal","damage_taken":7,"max_hp_gain":0,"max_hp_loss":0,"event_name":"Golden Wing","floor":5,"gold_loss":0},{"damage_healed":0,"gold_gain":0,"player_choice":"Fought Mushrooms","damage_taken":0,"max_hp_gain":0,"max_hp_loss":0,"event_name":"Mushrooms","floor":12,"gold_loss":0},{"damage_healed":0,"gold_gain":0,"player_choice":"Opened","damage_taken":0,"relics_obtained":["Strawberry"],"max_hp_gain":0,"max_hp_loss":0,"event_name":"The Mausoleum","floor":19,"gold_loss":0},{"cards_removed":["Defend_B"],"damage_healed":0,"gold_gain":0,"player_choice":"Elegance","damage_taken":0,"max_hp_gain":0,"max_hp_loss":0,"event_name":"Back to Basics","floor":21,"gold_loss":0}],"is_beta":true,"boss_relics":[{"not_picked":["Philosopher\u0027s Stone","Velvet Choker"],"picked":"Astrolabe"}],"items_purged_floors":[13],"is_endless":false,"potions_floor_spawned":[7,12,18,25,31],"killed_by":"Collector","ascension_level":7}