{"gold_per_floor":[111,29,41,61,61,61,90,106,183,196,226,244,269,269,269,269],"floor_reached":16,"playtime":552,"items_purged":[],"score":165,"play_id":"f9abb7f4-5a57-4cb0-bf4b-5040acce0e10","local_time":"20190426144443","is_ascension_mode":true,"campfire_choices":[{"floor":6,"key":"DIG"},{"floor":15,"key":"REST"}],"neow_cost":"TEN_PERCENT_HP_LOSS","seed_source_timestamp":197085745589844,"circlet_count":0,"master_deck":["Strike_B","Strike_B","Strike_B","Strike_B","Defend_B","Defend_B","Defend_B","Defend_B","Zap","Dualcast","Beam Cell","Flash of Steel","Go for the Eyes","Self Repair","Defragment"],"relics":["Cracked Core","Unceasing Top","Shovel","Bronze Scales","Mango","The Courier","Bird Faced Urn","Meat on the Bone","Golden Idol"],"potions_floor_usage":[7,11,12,16],"damage_taken":[{"damage":1,"enemies":"Cultist","floor":1,"turns":3},{"damage":0,"enemies":"Small Slimes","floor":3,"turns":2},{"damage":3,"enemies":"2 Louse","floor":4,"turns":3},{"damage":28,"enemies":"Lagavulin","floor":7,"turns":7},{"damage":6,"enemies":"Looter","floor":8,"turns":3},{"damage":0,"enemies":"3 Louse","floor":10,"turns":3},{"damage":6,"enemies":"Gremlin Nob","floor":11,"turns":3},{"damage":11,"enemies":"Lots of Slimes","floor":12,"turns":2},{"damage":35,"enemies":"3 Sentries","floor":13,"turns":6},{"damage":47,"enemies":"Hexaghost","floor":16,"turns":9}],"seed_played":"-4058137764177108219","potions_obtained":[{"floor":4,"key":"Regen Potion"},{"floor":10,"key":"FearPotion"},{"floor":11,"key":"Explosive Potion"},{"floor":13,"key":"SpeedPotion"}],"is_trial":false,"path_per_floor":["M","$","M","M","?","R","E","M","T","M","E","M","E","?","R","B"],"character_chosen":"DEFECT","items_purchased":["Flash of Steel"],"campfire_rested":1,"item_purchase_floors":[2],"current_hp_per_floor":[67,67,67,64,57,57,57,51,51,51,45,43,19,19,41,0],"gold":269,"neow_bonus":"ONE_RARE_RELIC","is_prod":false,"is_daily":false,"chose_seed":false,"campfire_upgraded":0,"win_rate":0,"timestamp":1556311483,"path_taken":["M","$","M","?","?","R","E","M","T","M","E","M","E","?","R","BOSS"],"build_version":"2019-04-23","purchased_purges":0,"victory":false,"max_hp_per_floor":[68,68,68,68,68,68,82,82,82,82,82,82,82,76,76,76],"card_choices":[{"not_picked":["Leap","Rebound"],"picked":"Beam Cell","floor":1},{"not_picked":["Auto Shields","Stack","Ball Lightning"],"picked":"SKIP","floor":3},{"not_picked":["Scrape","Cold Snap"],"picked":"Go for the Eyes","floor":4},{"not_picked":["Coolheaded","Streamline","Darkness"],"picked":"SKIP","floor":7},{"not_picked":["Rebound","Melter","Doom and Gloom"],"picked":"SKIP","floor":8},{"not_picked":["Compile Driver","Steam Power","Leap"],"picked":"SKIP","floor":10},{"not_picked":["Machine Learning","Hyperbeam"],"picked":"Self Repair","floor":11},{"not_picked":["Leap","Auto Shields"],"picked":"Defragment","floor":12},{"not_picked":["Aggregate","Fission","Hello World"],"picked":"SKIP","floor":13}],"player_experience":525487,"relics_obtained":[{"floor":6,"key":"Bronze Scales"},{"floor":7,"key":"Mango"},{"floor":9,"key":"The Courier"},{"floor":11,"key":"Bird Faced Urn"},{"floor":13,"key":"Meat on the Bone"}],"event_choices":[{"damage_healed":0,"gold_gain":0,"player_choice":"Success","damage_taken":7,"relics_obtained":["Shovel"],"max_hp_gain":0,"max_hp_loss":0,"event_name":"Scrap Ooze","floor":5,"gold_loss":0},{"damage_healed":0,"gold_gain":0,"player_choice":"Lose Max HP","damage_taken":0,"relics_obtained":["Golden Idol"],"max_hp_gain":0,"max_hp_loss":6,"event_name":"Golden Idol","floor":14,"gold_loss":0}],"is_beta":true,"boss_relics":[],"items_purged_floors":[],"is_endless":false,"potions_floor_spawned":[4,10,11,13],"killed_by":"Hexaghost","ascension_level":7}