{"gold_per_floor":[118,129,140,140,65,65,94,94,94,94,112,112,112,130,130,230,230,246,266,116,215,232,232,258,258,258,278,289,289,302,302,302,399,399,418,293,308,18,37,62,62,62],"floor_reached":42,"playtime":1705,"items_purged":["Strike_G","Strike_G","Strike_G","Defend_G"],"score":650,"play_id":"0a4019ec-72fd-4818-9642-b85e39c251a1","local_time":"20190428171843","is_ascension_mode":true,"campfire_choices":[{"data":"Footwork","floor":6,"key":"SMITH"},{"data":"Poisoned Stab","floor":10,"key":"SMITH"},{"floor":12,"key":"REST"},{"data":"Deadly Poison","floor":15,"key":"SMITH"},{"data":"Bouncing Flask","floor":23,"key":"SMITH"},{"data":"Neutralize","floor":25,"key":"SMITH"},{"floor":29,"key":"REST"},{"floor":32,"key":"REST"},{"floor":41,"key":"REST"}],"neow_cost":"NONE","seed_source_timestamp":377973613318950,"circlet_count":0,"master_deck":["Defend_G","Defend_G","Defend_G","Defend_G","Strike_G","Survivor","Neutralize+1","Poisoned Stab+1","Footwork+1","Bouncing Flask+1","Deadly Poison+1","Backflip","Poisoned Stab","Bouncing Flask+1","Crippling Poison+1","Poisoned Stab+1","Footwork+1","Leg Sweep","Footwork","Cloak And Dagger+1"],"relics":["Ring of the Snake","The Specimen","Pantograph","Omamori","Sozu","Bronze Scales","Centennial Puzzle","Busted Crown","Bag of Marbles"],"potions_floor_usage":[16,33],"damage_taken":[{"damage":1,"enemies":"Small Slimes","floor":1,"turns":5},{"damage":0,"enemies":"Cultist","floor":2,"turns":3},{"damage":0,"enemies":"2 Louse","floor":3,"turns":4},{"damage":20,"enemies":"3 Sentries","floor":7,"turns":17},{"damage":7,"enemies":"Exordium Thugs","floor":11,"turns":4},{"damage":4,"enemies":"Large Slime","floor":14,"turns":8},{"damage":17,"enemies":"Hexaghost","floor":16,"turns":8},{"damage":0,"enemies":"Chosen","floor":18,"turns":4},{"damage":2,"enemies":"Shell Parasite","floor":19,"turns":4},{"damage":7,"enemies":"Snake Plant","floor":22,"turns":4},{"damage":24,"enemies":"Gremlin Leader","floor":24,"turns":7},{"damage":4,"enemies":"Cultist and Chosen","floor":27,"turns":4},{"damage":8,"enemies":"3 Cultists","floor":28,"turns":4},{"damage":13,"enemies":"Centurion and Healer","floor":30,"turns":5},{"damage":36,"enemies":"Automaton","floor":33,"turns":8},{"damage":12,"enemies":"3 Shapes","floor":35,"turns":3},{"damage":4,"enemies":"Orb Walker","floor":37,"turns":4},{"damage":1,"enemies":"Maw","floor":39,"turns":6},{"damage":49,"enemies":"Giant Head","floor":40,"turns":8},{"damage":27,"enemies":"Reptomancer","floor":42,"turns":3}],"seed_played":"6171426242182632115","potions_obtained":[{"floor":1,"key":"Swift Potion"},{"floor":2,"key":"Poison Potion"},{"floor":3,"key":"Swift Potion"}],"is_trial":false,"path_per_floor":["M","M","M","?","$","R","E","?","T","R","M","R","?","M","R","B",null,"M","M","$","?","M","R","E","R","T","M","M","R","M","?","R","B",null,"M","$","M","$","M","E","R","E"],"character_chosen":"THE_SILENT","items_purchased":["Poisoned Stab","Leg Sweep","Footwork"],"campfire_rested":4,"item_purchase_floors":[20,38,38],"current_hp_per_floor":[69,69,69,69,69,69,49,49,49,49,42,65,65,61,61,60,73,73,71,71,71,64,64,40,40,40,36,28,51,38,38,61,41,68,56,56,52,52,51,2,25,0],"gold":62,"neow_bonus":"TEN_PERCENT_HP_BONUS","is_prod":false,"is_daily":false,"chose_seed":false,"campfire_upgraded":5,"win_rate":0,"timestamp":1556493523,"path_taken":["M","M","M","?","?","R","E","?","T","R","M","R","?","?","R","BOSS","M","M","$","?","M","R","E","R","T","M","M","R","M","?","R","BOSS","M","$","M","$","M","E","R","E"],"build_version":"2019-04-23","purchased_purges":4,"victory":false,"max_hp_per_floor":[77,77,77,77,77,77,77,77,77,77,77,77,77,77,77,77,77,77,77,77,77,77,77,77,77,77,77,77,77,77,77,77,77,77,77,77,77,77,77,77,77,77],"card_choices":[{"not_picked":["Dagger Spray","All Out Attack"],"picked":"Poisoned Stab","floor":1},{"not_picked":["Dagger Throw","Blade Dance"],"picked":"Footwork","floor":2},{"not_picked":["Bane","Deflect","Calculated Gamble"],"picked":"SKIP","floor":3},{"not_picked":["Dodge and Roll","Footwork"],"picked":"Bouncing Flask","floor":7},{"not_picked":["Deflect","Quick Slash","Outmaneuver"],"picked":"SKIP","floor":11},{"not_picked":["Burst","Acrobatics"],"picked":"Deadly Poison","floor":14},{"not_picked":["PiercingWail","Sucker Punch","Deflect"],"picked":"SKIP","floor":18},{"not_picked":["Dagger Spray","Deflect"],"picked":"Backflip","floor":19},{"not_picked":["Calculated Gamble","Bane"],"picked":"Bouncing Flask","floor":22},{"not_picked":["Deadly Poison","Tools of the Trade"],"picked":"Crippling Poison+1","floor":24},{"not_picked":["Quick Slash","Prepared","Outmaneuver"],"picked":"SKIP","floor":27},{"not_picked":["Heel Hook","Deadly Poison","Riddle With Holes"],"picked":"SKIP","floor":28},{"not_picked":["Eviscerate+1","Quick Slash"],"picked":"Poisoned Stab+1","floor":30},{"not_picked":["Flechettes"],"picked":"SKIP","floor":35},{"not_picked":["Dodge and Roll"],"picked":"SKIP","floor":37},{"not_picked":["Quick Slash"],"picked":"SKIP","floor":39},{"not_picked":[],"picked":"Cloak And Dagger+1","floor":40}],"player_experience":550191,"relics_obtained":[{"floor":7,"key":"The Specimen"},{"floor":9,"key":"Pantograph"},{"floor":24,"key":"Bronze Scales"},{"floor":26,"key":"Centennial Puzzle"},{"floor":40,"key":"Bag of Marbles"}],"event_choices":[{"cards_removed":["Strike_G"],"damage_healed":0,"gold_gain":0,"player_choice":"Purged","damage_taken":0,"max_hp_gain":0,"max_hp_loss":0,"event_name":"Purifier","floor":4,"gold_loss":0},{"damage_healed":0,"gold_gain":0,"player_choice":"Grow","damage_taken":0,"max_hp_gain":0,"max_hp_loss":0,"event_name":"Living Wall","floor":8,"gold_loss":0,"cards_upgraded":["Bouncing Flask"]},{"damage_healed":0,"gold_gain":0,"player_choice":"Gave Potion","damage_taken":0,"relics_obtained":["Omamori"],"max_hp_gain":0,"max_hp_loss":0,"event_name":"WeMeetAgain","floor":13,"gold_loss":0},{"damage_healed":0,"gold_gain":99,"player_choice":"Stole From Cult","damage_taken":0,"max_hp_gain":0,"max_hp_loss":0,"event_name":"Nest","floor":21,"gold_loss":0},{"damage_healed":0,"gold_gain":0,"player_choice":"Copied","damage_taken":0,"max_hp_gain":0,"max_hp_loss":0,"event_name":"Duplicator","floor":31,"gold_loss":0,"cards_obtained":["Footwork"]}],"is_beta":true,"boss_relics":[{"not_picked":["Eternal Feather","Calling Bell"],"picked":"Sozu"},{"not_picked":["Ring of the Serpent","Pandora\u0027s Box"],"picked":"Busted Crown"}],"items_purged_floors":[5,20,36,38],"is_endless":false,"potions_floor_spawned":[1,2,3,19,24,27,33],"killed_by":"Reptomancer","ascension_level":9}