{"gold_per_floor":[11,26,45,45,55,84,84,134,134,153,170,170,182,209,209,280,280,294,294,1,12,29,107,207,207,207,207,207,223,67,78,78,149,149,162,162,142,158,174,200,212,255,267,308,339,351,0,12,24,36],"floor_reached":51,"playtime":3700,"items_purged":["Pain"],"score":1571,"play_id":"a4395017-d37d-4407-8059-d19d72937629","local_time":"20190423211226","is_ascension_mode":true,"campfire_choices":[{"floor":7,"key":"REST"},{"floor":12,"key":"DIG"},{"floor":15,"key":"REST"},{"floor":28,"key":"DIG"},{"floor":32,"key":"DIG"},{"floor":41,"key":"DIG"},{"floor":49,"key":"REST"}],"neow_cost":"NO_GOLD","seed_source_timestamp":3137359123624547,"circlet_count":0,"master_deck":["AscendersBane","Defend_G","Defend_G","Defend_G","Defend_G+1","Defend_G","Strike_G","Strike_G","Strike_G","Strike_G","Survivor","Neutralize","Deflect","Quick Slash","Backstab","Unload","Escape Plan+1","Flying Knee","Footwork","Acrobatics+1","After Image","Apotheosis+1","Backflip+1","Deflect+1","Escape Plan+1","Quick Slash","Calculated Gamble+1","Burst+1","Acrobatics+1","Madness+1","Madness+1","Dodge and Roll+1","Parasite","Acrobatics+1","Calculated Gamble+1","Backstab","Backflip+1","Deep Breath+1"],"relics":["Ring of the Serpent","Ice Cream","Tough Bandages","Shovel","Pear","Toxic Egg 2","Cursed Key","Meat on the Bone","Dead Branch","Kunai","Pantograph","Oddly Smooth Stone","Nunchaku","MawBank","Dodecahedron","War Paint","Gambling Chip","Red Mask"],"potions_floor_usage":[16,18,24,29],"damage_taken":[{"damage":5,"enemies":"Small Slimes","floor":1,"turns":5},{"damage":0,"enemies":"2 Louse","floor":2,"turns":2},{"damage":0,"enemies":"Cultist","floor":3,"turns":4},{"damage":17,"enemies":"Lots of Slimes","floor":5,"turns":8},{"damage":25,"enemies":"3 Sentries","floor":6,"turns":14},{"damage":0,"enemies":"2 Fungi Beasts","floor":10,"turns":3},{"damage":1,"enemies":"Red Slaver","floor":11,"turns":3},{"damage":0,"enemies":"Exordium Thugs","floor":13,"turns":4},{"damage":28,"enemies":"Gremlin Nob","floor":14,"turns":4},{"damage":23,"enemies":"Hexaghost","floor":16,"turns":15},{"damage":2,"enemies":"Chosen","floor":18,"turns":4},{"damage":2,"enemies":"Spheric Guardian","floor":21,"turns":4},{"damage":0,"enemies":"Centurion and Healer","floor":22,"turns":6},{"damage":18,"enemies":"Colosseum Slavers","floor":24,"turns":6},{"damage":8,"enemies":"Colosseum Nobs","floor":24,"turns":4},{"damage":1,"enemies":"Snecko","floor":29,"turns":4},{"damage":0,"enemies":"Sentry and Sphere","floor":31,"turns":6},{"damage":0,"enemies":"Champ","floor":33,"turns":16},{"damage":16,"enemies":"3 Darklings","floor":35,"turns":7},{"damage":0,"enemies":"3 Shapes","floor":38,"turns":4},{"damage":22,"enemies":"Writhing Mass","floor":39,"turns":9},{"damage":0,"enemies":"Giant Head","floor":40,"turns":9},{"damage":0,"enemies":"Nemesis","floor":42,"turns":10},{"damage":39,"enemies":"Reptomancer","floor":44,"turns":11},{"damage":0,"enemies":"Jaw Worm Horde","floor":45,"turns":5},{"damage":39,"enemies":"Awakened One","floor":50,"turns":20}],"seed_played":"-5355234980294516688","potions_obtained":[{"floor":2,"key":"Ancient Potion"},{"floor":5,"key":"GamblersBrew"},{"floor":16,"key":"Explosive Potion"},{"floor":18,"key":"Poison Potion"},{"floor":21,"key":"Ancient Potion"},{"floor":24,"key":"Poison Potion"},{"floor":29,"key":"SpeedPotion"},{"floor":37,"key":"Energy Potion"}],"is_trial":false,"path_per_floor":["M","M","M","?","M","E","R","?","T","M","M","R","M","E","R","B",null,"M","?","$","M","M","T","?","?","T","?","R","M","$","M","R","B",null,"M","?","?","M","M","E","R","E","T","E","M","?","?","T","R","B",null],"character_chosen":"THE_SILENT","items_purchased":["Apotheosis+1","Backflip+1","Strength Potion","Calculated Gamble+1"],"campfire_rested":3,"item_purchase_floors":[20,20,20,30],"current_hp_per_floor":[54,54,54,54,37,12,31,31,31,31,30,40,40,12,34,11,60,58,53,53,51,51,51,49,49,49,27,27,38,38,50,50,75,80,64,49,49,49,39,51,51,51,51,24,36,36,36,36,60,42],"gold":48,"neow_bonus":"ONE_RARE_RELIC","is_prod":false,"is_daily":false,"chose_seed":false,"campfire_upgraded":0,"win_rate":0,"timestamp":1556050346,"path_taken":["M","M","M","?","M","E","R","?","T","M","?","R","?","E","R","BOSS","M","?","$","?","M","?","?","?","T","?","R","M","$","M","R","BOSS","M","?","?","M","M","E","R","E","T","E","?","?","?","?","R","BOSS"],"build_version":"2019-01-23","purchased_purges":1,"victory":true,"max_hp_per_floor":[66,66,66,66,66,66,66,66,66,66,66,76,76,76,76,76,76,76,76,76,76,76,76,76,76,76,81,81,81,81,81,81,81,81,81,81,81,81,81,81,81,81,81,81,81,81,81,81,81,81],"card_choices":[{"not_picked":["Slice","Blade Dance","Deflect"],"picked":"SKIP","floor":1},{"not_picked":["Slice","Blade Dance"],"picked":"Deflect","floor":1},{"not_picked":["Blade Dance","Deflect","Bane"],"picked":"SKIP","floor":2},{"not_picked":["Sucker Punch","Accuracy"],"picked":"Quick Slash","floor":3},{"not_picked":["PiercingWail","Heel Hook"],"picked":"Backstab","floor":5},{"not_picked":["Underhanded Strike","PiercingWail"],"picked":"Unload","floor":6},{"not_picked":["Underhanded Strike","Crippling Poison"],"picked":"Escape Plan","floor":10},{"not_picked":["Bane","Underhanded Strike"],"picked":"Flying Knee","floor":11},{"not_picked":["Acrobatics","PiercingWail"],"picked":"Footwork","floor":13},{"not_picked":["Bullet Time","Bouncing Flask"],"picked":"Acrobatics","floor":14},{"not_picked":["Burst+1","Grand Finale"],"picked":"After Image","floor":16},{"not_picked":["Skewer","Crippling Poison+1","Endless Agony"],"picked":"SKIP","floor":18},{"not_picked":["Quick Slash","Deadly Poison+1"],"picked":"Deflect+1","floor":21},{"not_picked":["Deflect+1","Prepared+1"],"picked":"Escape Plan+1","floor":22},{"not_picked":["Dagger Spray","Caltrops"],"picked":"Quick Slash","floor":24},{"not_picked":["Flying Knee","Slice","Outmaneuver+1"],"picked":"SKIP","floor":29},{"not_picked":["Tactician+1","Noxious Fumes"],"picked":"Burst+1","floor":31},{"not_picked":["Slice","Caltrops"],"picked":"Acrobatics+1","floor":35},{"not_picked":["Bane","Dash"],"picked":"Dodge and Roll+1","floor":38},{"not_picked":["Flechettes","Bane","Accuracy+1"],"picked":"SKIP","floor":39},{"not_picked":["Flechettes+1","Predator"],"picked":"Acrobatics+1","floor":40},{"not_picked":["Dagger Spray","Deflect+1"],"picked":"Calculated Gamble+1","floor":42},{"not_picked":["Noxious Fumes","Dagger Spray"],"picked":"Backstab","floor":44},{"not_picked":["Storm of Steel+1","Sucker Punch+1"],"picked":"Backflip+1","floor":45},{"not_picked":["Violence+1","The Bomb+1"],"picked":"Deep Breath+1","floor":46}],"player_experience":637720,"relics_obtained":[{"floor":6,"key":"Tough Bandages"},{"floor":9,"key":"Shovel"},{"floor":12,"key":"Pear"},{"floor":14,"key":"Toxic Egg 2"},{"floor":23,"key":"Meat on the Bone"},{"floor":24,"key":"Dead Branch"},{"floor":24,"key":"Kunai"},{"floor":26,"key":"Pantograph"},{"floor":28,"key":"Oddly Smooth Stone"},{"floor":32,"key":"Nunchaku"},{"floor":40,"key":"MawBank"},{"floor":41,"key":"Dodecahedron"},{"floor":42,"key":"War Paint"},{"floor":44,"key":"Gambling Chip"}],"event_choices":[{"cards_removed":["Strike_G"],"damage_healed":0,"gold_gain":0,"player_choice":"Forget","damage_taken":0,"max_hp_gain":0,"max_hp_loss":0,"event_name":"Living Wall","floor":4,"gold_loss":0},{"damage_healed":0,"gold_gain":50,"player_choice":"Pray","damage_taken":0,"max_hp_gain":0,"max_hp_loss":0,"event_name":"Golden Shrine","floor":8,"gold_loss":0},{"damage_healed":0,"gold_gain":0,"player_choice":"Punched","damage_taken":5,"max_hp_gain":0,"max_hp_loss":0,"event_name":"Designer","floor":19,"gold_loss":0},{"damage_healed":0,"gold_gain":0,"player_choice":"Fight","damage_taken":0,"max_hp_gain":0,"max_hp_loss":0,"event_name":"Colosseum","floor":24,"gold_loss":0},{"damage_healed":0,"gold_gain":0,"player_choice":"Fought Nobs","damage_taken":0,"max_hp_gain":0,"max_hp_loss":0,"event_name":"Colosseum","floor":24,"gold_loss":0},{"cards_removed":["Pain"],"damage_healed":0,"gold_gain":0,"player_choice":"Elegance","damage_taken":0,"max_hp_gain":0,"max_hp_loss":0,"event_name":"Back to Basics","floor":25,"gold_loss":0},{"damage_healed":0,"gold_gain":0,"player_choice":"Shed Blood","damage_taken":27,"max_hp_gain":5,"max_hp_loss":0,"event_name":"Forgotten Altar","floor":27,"gold_loss":0},{"damage_healed":0,"gold_gain":0,"player_choice":"Embrace Madness","damage_taken":15,"max_hp_gain":0,"max_hp_loss":0,"event_name":"Winding Halls","floor":36,"gold_loss":0,"cards_obtained":["Madness","Madness"]},{"damage_healed":0,"gold_gain":0,"player_choice":"Bought 1 Potion","damage_taken":0,"max_hp_gain":0,"max_hp_loss":0,"event_name":"The Woman in Blue","floor":37,"gold_loss":0},{"damage_healed":0,"gold_gain":0,"player_choice":"Memory 1","damage_taken":0,"max_hp_gain":0,"max_hp_loss":0,"event_name":"SensoryStone","floor":46,"gold_loss":0},{"damage_healed":0,"gold_gain":0,"player_choice":"Paid","damage_taken":0,"relics_obtained":["Red Mask"],"max_hp_gain":0,"max_hp_loss":0,"event_name":"Tomb of Lord Red Mask","floor":47,"gold_loss":363}],"is_beta":false,"boss_relics":[{"not_picked":["Pandora\u0027s Box","Tiny House"],"picked":"Cursed Key"},{"not_picked":["Busted Crown","Sozu"],"picked":"Ring of the Serpent"}],"items_purged_floors":[30],"is_endless":false,"potions_floor_spawned":[2,5,11,14,16,18,21,22,24,29,38,44,45],"ascension_level":17}