{"gold_per_floor":[110,129,279,33,33,33,60,76,101,101,101,112,112,128,128,128],"floor_reached":16,"playtime":442,"items_purged":["Doubt"],"score":175,"play_id":"4fa2e9c9-311e-4f2a-90ba-86f3d19ed891","local_time":"20190201180014","is_ascension_mode":true,"campfire_choices":[{"data":"Brutality","floor":6.0,"key":"SMITH"},{"data":"Searing Blow","floor":10,"key":"SMITH"},{"data":"Searing Blow+1","floor":13,"key":"SMITH"},{"data":"Searing Blow+2","floor":15,"key":"SMITH"}],"neow_cost":"NONE","seed_source_timestamp":0,"circlet_count":0,"master_deck":["AscendersBane","Strike_R","Strike_R","Strike_R","Strike_R+1","Strike_R+1","Defend_R","Defend_R","Defend_R","Defend_R","Bash","Brutality+1","Iron Wave","Feed","Good Instincts","Inflame","Searing Blow+3","Headbutt"],"special_seed":0,"relics":["Burning Blood","Lantern","Omamori"],"potions_floor_usage":[7,16],"damage_taken":[{"damage":10.0,"enemies":"2 Louse","floor":1.0,"turns":4.0},{"damage":8.0,"enemies":"Jaw Worm","floor":2.0,"turns":5.0},{"damage":22,"enemies":"Lagavulin","floor":7,"turns":6},{"damage":3,"enemies":"Small Slimes","floor":8,"turns":4},{"damage":10,"enemies":"Looter","floor":12,"turns":4},{"damage":13,"enemies":"Blue Slaver","floor":14,"turns":3},{"damage":27,"enemies":"The Guardian","floor":16,"turns":6}],"seed_played":"-7104993299583005904","potions_obtained":[{"floor":2.0,"key":"SkillPotion"},{"floor":7,"key":"LiquidBronze"}],"is_trial":false,"path_per_floor":["M","M","?","$","?","R","E","M","T","R","$","M","R","M","R","B"],"character_chosen":"IRONCLAD","items_purchased":["Good Instincts","Inflame"],"campfire_rested":0,"item_purchase_floors":[4,4],"current_hp_per_floor":[64,62,62,62,39,39,26,32,32,32,32,31,31,27,27,0],"gold":128,"neow_bonus":"ONE_RANDOM_RARE_CARD","is_prod":false,"is_daily":false,"chose_seed":false,"campfire_upgraded":4,"win_rate":0,"timestamp":1549044014,"path_taken":["M","M","?","$","?","R","E","M","T","R","?","?","R","M","R","BOSS"],"build_version":"2019-01-23","purchased_purges":1,"victory":false,"max_hp_per_floor":[75,75,75,75,75,75,78,81,81,81,81,84,84,87,87,87],"card_choices":[{"not_picked":["Cleave","Twin Strike"],"picked":"Iron Wave","floor":1.0},{"not_picked":["Rampage","Uppercut"],"picked":"Feed","floor":2.0},{"not_picked":["Wild Strike","Power Through"],"picked":"Searing Blow","floor":7},{"not_picked":["Bloodletting","Wild Strike","Uppercut"],"picked":"SKIP","floor":8},{"not_picked":["Rupture","Heavy Blade"],"picked":"Headbutt","floor":12},{"not_picked":["Entrench","Uppercut","Clash"],"picked":"SKIP","floor":14}],"player_experience":173362,"relics_obtained":[{"floor":7,"key":"Lantern"},{"floor":9,"key":"Omamori"}],"event_choices":[{"damage_healed":0.0,"max_hp_gain":0.0,"max_hp_loss":0.0,"gold_gain":150.0,"event_name":"Liars Game","player_choice":"AGREE","floor":3.0,"gold_loss":0.0,"damage_taken":0.0,"cards_obtained":["Doubt"]},{"damage_healed":0.0,"max_hp_gain":0.0,"max_hp_loss":0.0,"gold_gain":0.0,"event_name":"Shining Light","player_choice":"Entered Light","floor":5.0,"gold_loss":0.0,"damage_taken":23.0,"cards_upgraded":["Strike_R","Strike_R"]}],"is_beta":false,"boss_relics":[],"items_purged_floors":[4],"is_endless":false,"potions_floor_spawned":[2,7],"killed_by":"The Guardian","ascension_level":15}