{"gold_per_floor":[114,114,129,144,144,144,144,144,219,219,249,264,279,294,294,394,394,409,424,52,67,67,97,97,112,112,112,112,112,127,142,142,242,242,257,307,307,307,322,352,352,58,83,83,98,113,128,143,143,143],"floor_reached":51,"playtime":5071,"items_purged":[],"score":1076,"play_id":"e9fdea3b-5277-4ccb-baf4-ddf3965c59cd","local_time":"20180629001914","daily_mods":["Insanity","Uncertain Future","Hoarder"],"is_ascension_mode":false,"campfire_choices":[{"data":"Armaments","floor":8,"key":"SMITH"},{"data":"Immolate","floor":10,"key":"SMITH"},{"data":"Double Tap","floor":15,"key":"SMITH"},{"floor":24,"key":"REST"},{"data":"Armaments","floor":27,"key":"SMITH"},{"data":"Armaments","floor":32,"key":"SMITH"},{"data":"Armaments","floor":41,"key":"SMITH"},{"data":"Shockwave","floor":44,"key":"SMITH"},{"data":"Barricade","floor":49,"key":"SMITH"}],"neow_cost":"","seed_source_timestamp":0,"circlet_count":0,"master_deck":["Barricade+1","Heavy Blade","Seeing Red","Sword Boomerang","Double Tap+1","Shrug It Off","Power Through","Rampage","Ghostly Armor","Demon Form","Headbutt","Uppercut+1","Sever Soul","Warcry","Metallicize","Demon Form","Reckless Charge","Warcry","Intimidate","Bludgeon","Immolate+1","Uppercut","Ghostly Armor","Rampage","Dual Wield","Inflame","Flex","Havoc","Uppercut","Havoc","Berserk","Bash+1","Shrug It Off","Thunderclap","Armaments+1","Rage","Havoc","Iron Wave","Shockwave+1","Entrench","Inflame","Rage","Barricade+1","Reaper","Rampage","Cleave","Defend_R","Perfected Strike","Uppercut+1","Ghostly Armor","Ghostly Armor","Ghostly Armor","Warcry","Warcry","Warcry","Feel No Pain","Feel No Pain","Feel No Pain","Pummel","Pummel","Pummel","Flex","Flex","Flex","Metallicize","Metallicize","Metallicize","Flame Barrier","Flame Barrier","Flame Barrier","Feed","Feed","Feed","Whirlwind","Whirlwind","Whirlwind","Flame Barrier+1","Flame Barrier+1","Flame Barrier+1","Disarm","Disarm","Disarm","Body Slam","Body Slam","Body Slam","Exhume","Exhume","Exhume","Armaments+1","Armaments+1","Armaments+1","Ghostly Armor+1","Ghostly Armor+1","Ghostly Armor+1","Ghostly","Ghostly","Ghostly","Ghostly","Ghostly","Ghostly","Ghostly","Ghostly","Ghostly","Ghostly","Ghostly","Ghostly","Ghostly","Ghostly","Ghostly","Juggernaut","Juggernaut","Juggernaut","Fiend Fire","Fiend Fire","Fiend Fire","Flex+1","Flex+1","Flex+1","Battle Trance","Battle Trance","Battle Trance","Disarm","Disarm","Disarm","Body Slam+1","Body Slam+1","Body Slam+1","Headbutt+1","Headbutt+1","Headbutt+1"],"special_seed":17711,"relics":["Burning Blood","Juzu Bracelet","Bottled Flame","Ice Cream","Runic Dome","Thread and Needle","Dream Catcher","Peace Pipe","Singing Bowl","Sozu","Turnip","Oddly Smooth Stone","Whetstone","Potion Belt"],"potions_floor_usage":[11,50,50,50],"damage_taken":[{"damage":0,"enemies":"Small Slimes","floor":1,"turns":1},{"damage":2,"enemies":"Jaw Worm","floor":3,"turns":3},{"damage":0,"enemies":"Cultist","floor":4,"turns":3},{"damage":13,"enemies":"Gremlin Nob","floor":11,"turns":3},{"damage":0,"enemies":"Gremlin Gang","floor":12,"turns":1},{"damage":3,"enemies":"Blue Slaver","floor":13,"turns":2},{"damage":0,"enemies":"Exordium Wildlife","floor":14,"turns":2},{"damage":24,"enemies":"Slime Boss","floor":16,"turns":6},{"damage":8,"enemies":"2 Thieves","floor":18,"turns":2},{"damage":13,"enemies":"Shell Parasite","floor":19,"turns":4},{"damage":0,"enemies":"Cultist and Chosen","floor":21,"turns":5},{"damage":25,"enemies":"Slavers","floor":23,"turns":7},{"damage":0,"enemies":"Snecko","floor":25,"turns":6},{"damage":0,"enemies":"Centurion and Healer","floor":30,"turns":6},{"damage":0,"enemies":"Sentry and Sphere","floor":31,"turns":4},{"damage":0,"enemies":"Automaton","floor":33,"turns":13},{"damage":0,"enemies":"3 Shapes","floor":35,"turns":5},{"damage":25,"floor":36,"turns":4},{"damage":0,"enemies":"3 Darklings","floor":39,"turns":3},{"damage":0,"enemies":"Nemesis","floor":40,"turns":9},{"damage":7,"enemies":"4 Shapes","floor":45,"turns":3},{"damage":0,"enemies":"Sphere and 2 Shapes","floor":46,"turns":4},{"damage":0,"enemies":"3 Darklings","floor":47,"turns":3},{"damage":0,"enemies":"4 Shapes","floor":48,"turns":5},{"damage":35,"enemies":"Donu and Deca","floor":50,"turns":10}],"seed_played":"6162315489128863662","potions_obtained":[{"floor":1,"key":"PowerPotion"},{"floor":5,"key":"SteroidPotion"},{"floor":5,"key":"Weak Potion"},{"floor":11,"key":"PowerPotion"},{"floor":14,"key":"Dexterity Potion"}],"is_trial":false,"path_per_floor":["M","?","M","M","?","T","$","R","T","R","E","M","M","M","R","B",null,"M","M","$","M","?","E","R","M","T","R","?","?","M","M","R","B",null,"M","?","?","?","M","E","R","$","T","R","M","M","M","M","R","B"],"character_chosen":"IRONCLAD","items_purchased":["Thread and Needle","Disarm","Battle Trance","Disarm","Whetstone"],"campfire_rested":1,"item_purchase_floors":[20,20,42,42,42],"current_hp_per_floor":[80,64,68,74,74,74,74,74,74,74,67,73,76,80,80,62,80,78,71,71,80,65,46,71,81,81,81,42,42,44,50,50,50,50,52,38,38,38,46,52,52,52,52,52,61,64,64,72,72,43],"gold":143,"neow_bonus":"","is_prod":false,"is_daily":true,"chose_seed":false,"campfire_upgraded":8,"win_rate":0,"timestamp":1530242354,"path_taken":["M","?","M","M","?","?","$","R","T","R","E","M","M","M","R","BOSS","M","M","$","M","?","E","R","M","T","R","?","?","M","M","R","BOSS","M","?","?","?","M","E","R","$","T","R","M","M","M","M","R","BOSS"],"build_version":"2018-06-28","purchased_purges":0,"victory":true,"max_hp_per_floor":[80,80,80,80,80,80,80,80,80,80,80,80,80,80,80,80,80,80,80,80,80,85,85,85,85,85,85,42,42,44,50,50,50,50,52,57,57,57,59,59,59,59,59,59,61,64,64,72,72,72],"card_choices":[{"not_picked":["Warcry","Perfected Strike"],"picked":"Ghostly Armor","floor":1},{"not_picked":["Headbutt","Pommel Strike"],"picked":"Warcry","floor":3},{"not_picked":["Headbutt","Anger"],"picked":"Feel No Pain","floor":4},{"not_picked":["Uppercut","Entrench"],"picked":"Pummel","floor":11},{"not_picked":["Rampage","Inflame"],"picked":"Flex","floor":12},{"not_picked":["Sword Boomerang","Carnage"],"picked":"Metallicize","floor":13},{"not_picked":["Carnage","True Grit"],"picked":"Flame Barrier","floor":14},{"not_picked":["Brutality","Bludgeon"],"picked":"Feed","floor":16},{"not_picked":["Pommel Strike+1","Warcry"],"picked":"Whirlwind","floor":18},{"not_picked":["Clash","Iron Wave"],"picked":"Flame Barrier+1","floor":19},{"not_picked":["Heavy Blade","Wild Strike"],"picked":"Body Slam","floor":21},{"not_picked":["Headbutt","Blood for Blood"],"picked":"Exhume","floor":23},{"not_picked":["Evolve","Clash"],"picked":"Armaments","floor":24},{"not_picked":["Heavy Blade","Anger"],"picked":"Ghostly Armor+1","floor":25},{"not_picked":["Perfected Strike","Sword Boomerang","Armaments+1"],"picked":"Singing Bowl","floor":30},{"not_picked":["Flame Barrier+1","Body Slam"],"picked":"Juggernaut","floor":31},{"not_picked":["Reaper","Brutality"],"picked":"Fiend Fire","floor":33},{"not_picked":["Bloodletting","Spot Weakness+1","Iron Wave+1"],"picked":"Singing Bowl","floor":35},{"not_picked":["Cleave","Uppercut","Anger+1"],"picked":"Singing Bowl","floor":36},{"not_picked":["Rage+1","Sword Boomerang","Hemokinesis"],"picked":"Singing Bowl","floor":39},{"not_picked":["Iron Wave","Shrug It Off"],"picked":"Flex+1","floor":40},{"not_picked":["Heavy Blade+1","Entrench","Blood for Blood+1"],"picked":"Singing Bowl","floor":45},{"not_picked":["Cleave+1","Rampage"],"picked":"Body Slam+1","floor":46},{"not_picked":["Anger","Rage"],"picked":"Headbutt+1","floor":47},{"not_picked":["Heavy Blade+1","Perfected Strike","Anger+1"],"picked":"Singing Bowl","floor":48}],"player_experience":277607,"relics_obtained":[{"floor":6,"key":"Juzu Bracelet"},{"floor":9,"key":"Bottled Flame"},{"floor":11,"key":"Ice Cream"},{"floor":23,"key":"Dream Catcher"},{"floor":26,"key":"Peace Pipe"},{"floor":36,"key":"Turnip"},{"floor":40,"key":"Oddly Smooth Stone"},{"floor":43,"key":"Potion Belt"}],"event_choices":[{"event_name":"Shining Light","player_choice":"Entered Light","floor":2,"damage_taken":0},{"event_name":"The Lab","player_choice":"Got Potions","floor":5,"damage_taken":0},{"event_name":"Forgotten Altar","player_choice":"Shed Blood","floor":22,"damage_taken":0},{"event_name":"Ghosts","player_choice":"Became a Ghost","floor":28,"damage_taken":0},{"event_name":"The Mausoleum","player_choice":"Yes","floor":29,"damage_taken":0},{"event_name":"Mysterious Sphere","player_choice":"Fight","floor":36,"damage_taken":0},{"event_name":"Falling","player_choice":"Removed Attack","floor":37,"damage_taken":0},{"event_name":"Tomb of Lord Red Mask","player_choice":"Ignored","floor":38,"damage_taken":0}],"boss_relics":[{"not_picked":["Cursed Key","Lizard Tail"],"picked":"Runic Dome"},{"not_picked":["Empty Cage","Orrery"],"picked":"Sozu"}],"items_purged_floors":[],"is_endless":false,"potions_floor_spawned":[1,11,12,14,19,21,23,25,35,39,45],"ascension_level":0}