{"path_per_floor":["M","?","?","?","?","R","$","E","T","M","M","M","R","M","R","B",null,"M","M","?"],"character_chosen":"IRONCLAD","items_purchased":["Vajra"],"gold_per_floor":[116,116,66,166,166,166,15,45,45,60,78,92,92,109,109,213,213,224,234,234],"floor_reached":21,"campfire_rested":1,"playtime":649,"current_hp_per_floor":[70,70,70,70,58,58,58,43,43,48,54,59,59,47,70,11,61,47,47,31],"items_purged":[],"gold":234,"score":286,"play_id":"44ae3dfd-c5df-49a5-824b-015b218fc4aa","local_time":"20180305142848","is_prod":false,"is_daily":false,"is_ascension_mode":true,"campfire_upgraded":2,"timestamp":1520260128,"path_taken":["M","?","?","?","?","R","$","E","T","M","M","M","R","M","R","BOSS","M","?","?","?"],"build_version":"2018-03-01-PROD1","purchased_purges":0,"victory":false,"master_deck":["Strike_R","Strike_R","Strike_R","Strike_R","Strike_R","Defend_R","Defend_R","Defend_R","Defend_R","Bash+1","Heavy Blade","Cleave","Seeing Red+1","Spot Weakness","Limit Break","Pummel+1","Necronomicurse"],"max_hp_per_floor":[77,77,77,77,77,77,77,77,77,77,77,77,77,77,77,77,77,77,77,77],"relics":["Burning Blood","Peace Pipe","Dream Catcher","Vajra","The Courier","Shuriken","Sozu","Necronomicon"],"card_choices":[{"not_picked":["Corruption","Havoc"],"picked":"Heavy Blade"},{"not_picked":["Shrug It Off","Heavy Blade"],"picked":"Cleave"},{"not_picked":["Thunderclap","Shrug It Off"],"picked":"Seeing Red"},{"not_picked":["Sword Boomerang","Body Slam"],"picked":"Spot Weakness"},{"not_picked":["Dark Embrace","Impervious"],"picked":"Limit Break"},{"not_picked":["Rupture","Searing Blow"],"picked":"Pummel"}],"player_experience":196427,"potions_floor_usage":[16,16,18],"damage_taken":[{"damage":8,"enemies":"Jaw Worm","floor":1,"turns":5},{"damage":21,"enemies":"Gremlin Nob","floor":8,"turns":4},{"damage":1,"enemies":"Cultist","floor":10,"turns":3},{"damage":0,"enemies":"Small Slimes","floor":11,"turns":3},{"damage":1,"enemies":"2 Fungi Beasts","floor":12,"turns":3},{"damage":18,"enemies":"Large Slime","floor":14,"turns":4},{"damage":65,"enemies":"Hexaghost","floor":16,"turns":7},{"damage":20,"enemies":"Shell Parasite","floor":18,"turns":3},{"damage":6,"enemies":"Spheric Guardian","floor":19,"turns":3},{"damage":38,"enemies":"Centurion and Healer","floor":21,"turns":4}],"event_choices":[{"event_name":"Big Fish","player_choice":"Box","floor":2,"damage_taken":0},{"event_name":"The Cleric","player_choice":"Card Removal","floor":3,"damage_taken":0},{"event_name":"Wheel of Change","player_choice":"Gold","floor":4,"damage_taken":0},{"event_name":"Scrap Ooze","player_choice":"success","floor":5,"damage_taken":12},{"event_name":"Cursed Tome","player_choice":"Obtained Book","floor":20,"damage_taken":0}],"boss_relics":[{"not_picked":["Lizard Tail","Snecko Eye"],"picked":"Sozu"}],"potions_floor_spawned":[11,14,16],"seed_played":"-7933657815462286314","killed_by":"Centurion and Healer","ascension_level":12,"is_trial":false}