{"gold_per_floor":[110,120,138,156,36,36,61,80,107,135,135,135,148,160,160,160],"floor_reached":16,"playtime":772,"items_purged":["Strike_B"],"score":160,"play_id":"25937636-49a6-47e5-8677-f6ef2d27a4fc","local_time":"20190427165547","is_ascension_mode":true,"campfire_choices":[{"data":"Zap","floor":6,"key":"SMITH"},{"floor":11,"key":"REST"},{"data":"Gash","floor":15,"key":"SMITH"}],"neow_cost":"NONE","seed_source_timestamp":291129110916118,"circlet_count":0,"master_deck":["Strike_B","Strike_B","Strike_B","Defend_B","Defend_B","Defend_B","Defend_B","Zap+1","Dualcast","Gash","Seek","Beam Cell+1","Gash+1","Conserve Battery","Beam Cell","Hologram","Beam Cell"],"relics":["Cracked Core","Anchor","Smiling Mask","PreservedInsect","Lantern"],"potions_floor_usage":[7,10,16,16],"damage_taken":[{"damage":0,"enemies":"Cultist","floor":1,"turns":3},{"damage":0,"enemies":"2 Louse","floor":2,"turns":3},{"damage":0,"enemies":"Jaw Worm","floor":3,"turns":3},{"damage":2,"enemies":"Exordium Wildlife","floor":4,"turns":3},{"damage":17,"enemies":"3 Sentries","floor":7,"turns":11},{"damage":3,"enemies":"2 Fungi Beasts","floor":8,"turns":3},{"damage":8,"enemies":"Gremlin Nob","floor":10,"turns":3},{"damage":7,"enemies":"3 Louse","floor":13,"turns":3},{"damage":2,"enemies":"Gremlin Gang","floor":14,"turns":3},{"damage":55,"enemies":"Hexaghost","floor":16,"turns":9}],"seed_played":"-4582211142573793472","potions_obtained":[{"floor":3,"key":"SkillPotion"},{"floor":4,"key":"Poison Potion"},{"floor":13,"key":"AttackPotion"},{"floor":14,"key":"SkillPotion"}],"is_trial":false,"path_per_floor":["M","M","M","M","$","R","E","M","T","E","R","?","M","M","R","B"],"character_chosen":"DEFECT","items_purchased":["Conserve Battery"],"campfire_rested":1,"item_purchase_floors":[5],"current_hp_per_floor":[68,68,68,66,66,66,49,46,46,38,60,60,53,51,51,0],"gold":160,"neow_bonus":"RANDOM_COMMON_RELIC","is_prod":false,"is_daily":false,"chose_seed":false,"campfire_upgraded":2,"win_rate":0,"timestamp":1556405747,"path_taken":["M","M","M","M","$","R","E","?","T","E","R","?","?","?","R","BOSS"],"build_version":"2019-04-23","purchased_purges":1,"victory":false,"max_hp_per_floor":[75,75,75,75,75,75,75,75,75,75,75,75,75,75,75,75],"card_choices":[{"not_picked":["Beam Cell","Compile Driver"],"picked":"Gash","floor":1},{"not_picked":["Streamline","Compile Driver"],"picked":"Seek","floor":2},{"not_picked":["Hello World","Go for the Eyes"],"picked":"Beam Cell","floor":3},{"not_picked":["Double Energy","Compile Driver"],"picked":"Gash","floor":4},{"not_picked":["Heatsinks","Consume"],"picked":"Beam Cell","floor":7},{"not_picked":["Rebound","Leap"],"picked":"Hologram","floor":8},{"not_picked":["Static Discharge","Turbo"],"picked":"Beam Cell","floor":10},{"not_picked":["Storm","Fission","Beam Cell"],"picked":"SKIP","floor":13},{"not_picked":["Ball Lightning","Consume","Force Field"],"picked":"SKIP","floor":14}],"player_experience":532311,"relics_obtained":[{"floor":7,"key":"Smiling Mask"},{"floor":9,"key":"PreservedInsect"},{"floor":10,"key":"Lantern"}],"event_choices":[{"damage_healed":0,"gold_gain":0,"player_choice":"Upgraded","damage_taken":0,"max_hp_gain":0,"max_hp_loss":0,"event_name":"Upgrade Shrine","floor":12,"gold_loss":0,"cards_upgraded":["Beam Cell"]}],"is_beta":true,"boss_relics":[],"items_purged_floors":[5],"is_endless":false,"potions_floor_spawned":[3,4,13,14],"killed_by":"Hexaghost","ascension_level":8}