{"path_per_floor":["M","?","M","?","M","R","M","R","T","E","$","?","R","M","R","B",null,"M","?","?","$","M","R","M","M","T","M","?","M","R","T","R","B",null,"M","?","M","$","?","E","?","R","T","R","?","$","?","T","R","B"],"character_chosen":"IRONCLAD","items_purchased":["Omamori","Double Tap","Offering","Vajra"],"gold_per_floor":[113,63,78,78,95,95,106,106,159,192,40,101,101,120,120,216,216,232,232,232,7,23,23,42,59,59,74,74,93,93,93,93,191,191,207,207,220,67,0,29,77,77,101,101,101,26,26,26,26,26],"floor_reached":51,"campfire_rested":1,"playtime":2287,"current_hp_per_floor":[72,72,72,58,62,62,68,68,68,66,66,53,53,59,79,27,79,75,75,75,75,79,79,76,78,78,74,74,76,76,76,76,39,79,79,79,65,65,65,50,51,51,51,51,71,71,71,71,71,73],"items_purged":["Defend_R"],"gold":26,"score":570,"play_id":"5df070a8-4252-46d9-95ad-bfdd93db9d3a","is_prod":false,"is_daily":false,"is_ascension_mode":true,"campfire_upgraded":9,"path_taken":["M","?","M","?","M","R","M","R","T","E","?","?","R","M","R","BOSS","M","?","?","?","M","R","M","M","T","M","?","M","R","?","R","BOSS","M","?","M","$","?","E","?","R","T","R","?","?","?","?","R","BOSS"],"build_version":"2018-02-12-PROD1","purchased_purges":1,"victory":true,"master_deck":["Strike_R","Strike_R","Defend_R+1","Bash+1","Flex+1","Shrug It Off+1","Heavy Blade+1","Cleave+1","Spot Weakness+1","Inflame+1","Flame Barrier+1","Whirlwind+1","Double Tap+1","Offering+1","Limit Break+1","Shrug It Off+1"],"max_hp_per_floor":[72,72,72,72,72,72,72,72,72,72,72,79,79,79,79,79,79,79,79,79,79,79,79,79,79,79,79,79,79,79,79,79,79,79,79,79,79,79,79,79,79,79,79,79,79,79,79,79,79,79],"relics":["Burning Blood","Tiny Chest","Molten Egg 2","Omamori","Strawberry","Orrery","Juzu Bracelet","Gambling Chip","Red Skull","Sozu","Vajra","Red Mask","Gremlin Horn","Frozen Eye","Dream Catcher","Thread and Needle"],"card_choices":[{"not_picked":["Perfected Strike","Burning Pact"],"picked":"Flex"},{"not_picked":["True Grit","Clash"],"picked":"Shrug It Off"},{"not_picked":["Sword Boomerang","Wild Strike"],"picked":"Heavy Blade"},{"not_picked":["Perfected Strike","Feed"],"picked":"Cleave"},{"not_picked":["Wild Strike","Perfected Strike"],"picked":"Spot Weakness"},{"not_picked":["Body Slam","Shockwave"],"picked":"Inflame"},{"not_picked":["Seeing Red","Headbutt"],"picked":"Flame Barrier"},{"not_picked":["Anger","Twin Strike"],"picked":"Whirlwind"},{"not_picked":["Berserk","Reaper"],"picked":"Limit Break"},{"not_picked":["Warcry","Body Slam"],"picked":"Shrug It Off"}],"player_experience":67975,"potions_floor_usage":[7,16,24,25,33],"damage_taken":[{"damage":3,"enemies":"Jaw Worm","floor":1,"turns":4},{"damage":5,"enemies":"Cultist","floor":3,"turns":4},{"damage":2,"enemies":"Small Slimes","floor":5,"turns":4},{"damage":0,"enemies":"Gremlin Gang","floor":7,"turns":3},{"damage":8,"enemies":"3 Sentries","floor":10,"turns":9},{"damage":26,"enemies":"Lagavulin Event","floor":12,"turns":5},{"damage":0,"enemies":"Looter","floor":14,"turns":1},{"damage":58,"enemies":"Hexaghost","floor":16,"turns":7},{"damage":10,"enemies":"Chosen","floor":18,"turns":6},{"damage":0,"enemies":"3 Byrds","floor":22,"turns":3},{"damage":9,"enemies":"Snake Plant","floor":24,"turns":3},{"damage":4,"enemies":"Cultist and Chosen","floor":25,"turns":3},{"damage":10,"enemies":"Centurion and Healer","floor":27,"turns":5},{"damage":4,"enemies":"Snecko","floor":29,"turns":1},{"damage":43,"enemies":"Automaton","floor":33,"turns":8},{"damage":4,"enemies":"Orb Walker","floor":35,"turns":1},{"damage":20,"enemies":"3 Shapes","floor":37,"turns":2},{"damage":21,"enemies":"2 Orb Walkers","floor":40,"turns":2},{"damage":5,"enemies":"Mysterious Sphere","floor":41,"turns":3},{"damage":4,"enemies":"Donu and Deca","floor":50,"turns":2}],"event_choices":[{"event_name":"The Cleric","player_choice":"Card Removal","floor":2,"damage_taken":0},{"event_name":"Shining Light","player_choice":"Entered Light","floor":4,"damage_taken":0},{"event_name":"Dead Adventurer","player_choice":"Searched \u00273\u0027 times","floor":12,"damage_taken":0},{"event_name":"The Mausoleum","player_choice":"Yes","floor":19,"damage_taken":0},{"event_name":"The Lab","player_choice":"Got Potions","floor":20,"damage_taken":0},{"event_name":"Beggar","player_choice":"Ignored","floor":28,"damage_taken":0},{"event_name":"Tomb of Lord Red Mask","player_choice":"Paid","floor":39,"damage_taken":0},{"event_name":"Mysterious Sphere","player_choice":"Fight","floor":41,"damage_taken":0},{"event_name":"Winding Halls","player_choice":"Writhe","floor":45,"damage_taken":0},{"event_name":"Bonfire Elementals","player_choice":"BASIC","floor":47,"damage_taken":0}],"boss_relics":[{"not_picked":["Question Card","Runic Pyramid"],"picked":"Orrery"},{"not_picked":["Astrolabe","Runic Cube"],"picked":"Sozu"}],"potions_floor_spawned":[3,14,16,24,27,29,37],"seed_played":"6473614197647561260","ascension_level":1,"is_trial":false}