{"gold_per_floor":[111,61,74,249,265,265,265,309,360,399,423,437,518,480,480,605,605,625,641,356,356,0,0],"floor_reached":23,"playtime":784,"items_purged":["Defend_B"],"score":294,"play_id":"d2699f0d-61c9-4e17-8a96-7791b4a7b48c","local_time":"20180829144139","is_ascension_mode":true,"campfire_choices":[{"data":"Zap","floor":6.0,"key":"SMITH"},{"floor":15,"key":"REST"}],"neow_cost":"NONE","seed_source_timestamp":0,"circlet_count":0,"master_deck":["Strike_B","Strike_B","Strike_B","Defend_B","Defend_B","Defend_B","Zap+1","Dualcast","FTL","Melter","Seek","Gash","Gash","Gash","Core Surge","Conserve Battery","FTL","Conserve Battery","Gash","Gash+1","Dark Shackles","Cold Snap","Steam"],"special_seed":0,"relics":["Cracked Core","Omamori","Bloody Idol","Orichalcum","Ancient Tea Set","Question Card","Cables","Orrery","Tiny Chest","Kunai"],"potions_floor_usage":[],"damage_taken":[{"damage":2.0,"enemies":"Jaw Worm","floor":1.0,"turns":3.0},{"damage":1.0,"enemies":"2 Louse","floor":3.0,"turns":2.0},{"damage":0.0,"enemies":"Small Slimes","floor":5.0,"turns":2.0},{"damage":20.0,"enemies":"3 Sentries","floor":8.0,"turns":5.0},{"damage":24.0,"enemies":"Lagavulin","floor":10.0,"turns":5.0},{"damage":6,"enemies":"2 Fungi Beasts","floor":11,"turns":3},{"damage":2,"enemies":"Gremlin Gang","floor":12,"turns":4},{"damage":41,"enemies":"The Guardian","floor":16,"turns":9},{"damage":28,"enemies":"3 Byrds","floor":18,"turns":5},{"damage":32,"enemies":"2 Thieves","floor":19,"turns":4},{"damage":8,"enemies":"Book of Stabbing","floor":23,"turns":1}],"seed_played":"-1459535475303129169","potions_obtained":[{"floor":1.0,"key":"FocusPotion"},{"floor":8.0,"key":"Ancient Potion"},{"floor":10.0,"key":"FairyPotion"},{"floor":18,"key":"FairyPotion"}],"is_trial":false,"path_per_floor":["M","?","M","?","M","R","?","E","T","E","M","M","T","?","R","B",null,"M","M","$","?","$"],"character_chosen":"DEFECT","items_purchased":["Tiny Chest","Dark Shackles","Kunai","Cold Snap","Steam"],"campfire_rested":1,"item_purchase_floors":[20,20,22,22,22],"current_hp_per_floor":[66,66,65,65,65,65,65,45,45,21,15,13,13,13,35,2,57,29,7,7,7,7,0],"gold":0,"neow_bonus":"RANDOM_COMMON_RELIC","is_prod":false,"is_daily":false,"chose_seed":false,"campfire_upgraded":1,"win_rate":0,"timestamp":1535575299,"path_taken":["M","?","M","?","M","R","?","E","T","E","M","M","?","?","R","BOSS","M","M","$","?","$","E"],"build_version":"2018-08-28","purchased_purges":1,"victory":false,"max_hp_per_floor":[75,75,75,75,75,75,75,75,75,75,75,75,75,75,75,75,75,75,75,75,75,75,75],"card_choices":[{"not_picked":["Streamline","Compile Driver"],"picked":"FTL","floor":1.0},{"not_picked":["Hologram","Coolheaded"],"picked":"Melter","floor":3.0},{"not_picked":["Sweeping Beam","Compile Driver","Blizzard"],"picked":"SKIP","floor":5.0},{"not_picked":["Self Repair","Steam"],"picked":"Seek","floor":8.0},{"not_picked":["Sweeping Beam","Stack"],"picked":"Gash","floor":10.0},{"not_picked":["Hologram","Streamline","Genetic Algorithm"],"picked":"Gash","floor":11},{"not_picked":["Sweeping Beam","Skim","Steam"],"picked":"Gash","floor":12},{"not_picked":["Biased Cognition","Amplify","Electrodynamics"],"picked":"Core Surge","floor":16},{"not_picked":["Melter","Sweeping Beam","Genetic Algorithm"],"picked":"Conserve Battery","floor":17},{"not_picked":["Hologram","Streamline","Amplify"],"picked":"FTL","floor":17},{"not_picked":["Redo","Consume","Reprogram"],"picked":"Conserve Battery","floor":17},{"not_picked":["Creative AI","Streamline","Conserve Battery"],"picked":"Gash","floor":18},{"not_picked":["Leap+1","Hologram+1","Barrage"],"picked":"Gash+1","floor":19}],"player_experience":516013,"relics_obtained":[{"floor":8.0,"key":"Orichalcum"},{"floor":9.0,"key":"Ancient Tea Set"},{"floor":10.0,"key":"Question Card"},{"floor":13,"key":"Cables"}],"event_choices":[{"event_name":"The Cleric","player_choice":"Card Removal","floor":2.0,"damage_taken":0.0},{"event_name":"Liars Game","player_choice":"agreed","floor":4.0,"damage_taken":0.0},{"event_name":"Golden Idol","player_choice":"Take Wound","floor":7.0,"damage_taken":0.0},{"event_name":"World of Goop","player_choice":"Left","floor":14,"damage_taken":0},{"event_name":"Forgotten Altar","player_choice":"Gave Idol","floor":21,"damage_taken":0}],"is_beta":true,"boss_relics":[{"not_picked":["Black Star","Snecko Eye"],"picked":"Orrery"}],"items_purged_floors":[20],"is_endless":false,"potions_floor_spawned":[1,8,10,18],"killed_by":"Book of Stabbing","ascension_level":7}