{"gold_per_floor":[218,218,24,24,40,40,61,61,85,103,103,124,124,173,185,197],"floor_reached":16,"playtime":311,"items_purged":[],"score":144,"play_id":"01b5578f-5605-4460-a093-a8a7f0fc7891","local_time":"20190117213145","is_ascension_mode":true,"campfire_choices":[{"data":"Blade Dance","floor":6,"key":"SMITH"},{"data":"Caltrops","floor":8,"key":"SMITH"},{"floor":13,"key":"REST"},{"data":"Burning Pact","floor":15,"key":"SMITH"}],"neow_cost":"NONE","seed_source_timestamp":2002706692109126,"circlet_count":0,"master_deck":["AscendersBane","Strike_R","Strike_R","Strike_R","Strike_R+1","Strike_R","Defend_R","Defend_R","Defend_R","Defend_R","Bash","Reckless Charge","Regret","Blade Dance+1","Caltrops+1","Turbo+1","Burning Pact+1"],"relics":["Burning Blood","Question Card","PrismaticShard","Golden Idol","Ancient Tea Set","MawBank"],"potions_floor_usage":[5,12],"damage_taken":[{"damage":7,"enemies":"Small Slimes","floor":1,"turns":3},{"damage":9,"enemies":"Jaw Worm","floor":5,"turns":3},{"damage":10,"enemies":"2 Louse","floor":7,"turns":2},{"damage":23,"enemies":"Exordium Thugs","floor":10,"turns":4},{"damage":22,"enemies":"Exordium Wildlife","floor":12,"turns":6},{"damage":40,"enemies":"Hexaghost","floor":16,"turns":5}],"seed_played":"7927500400621128192","potions_obtained":[{"floor":1,"key":"Energy Potion"},{"floor":10,"key":"Dexterity Potion"}],"is_trial":false,"path_per_floor":["M","?","$","?","M","R","M","R","T","M","?","M","R","T","R","B"],"character_chosen":"IRONCLAD","items_purchased":["PrismaticShard"],"campfire_rested":1,"item_purchase_floors":[3],"current_hp_per_floor":[71,71,71,71,68,68,64,64,64,47,32,16,38,38,38,0],"gold":197,"neow_bonus":"HUNDRED_GOLD","is_prod":false,"is_daily":false,"chose_seed":false,"campfire_upgraded":3,"win_rate":0,"timestamp":1547760705,"path_taken":["M","?","$","?","M","R","M","R","T","M","?","M","R","?","R","BOSS"],"build_version":"2019-01-10","purchased_purges":0,"victory":false,"max_hp_per_floor":[80,80,80,74,74,74,74,74,74,74,74,74,74,74,74,74],"card_choices":[{"not_picked":["Heavy Blade","Wild Strike"],"picked":"Reckless Charge","floor":1},{"not_picked":["Backflip","Dropkick","Defragment"],"picked":"Blade Dance","floor":5},{"not_picked":["Anger","Concentrate","Double Energy"],"picked":"Caltrops","floor":7},{"not_picked":["Coolheaded","Evolve","Dramatic Entrance"],"picked":"Turbo","floor":10},{"not_picked":["Havoc","Outmaneuver","Loop"],"picked":"Burning Pact","floor":12}],"player_experience":402753,"relics_obtained":[{"floor":9,"key":"Ancient Tea Set"},{"floor":14,"key":"MawBank"}],"event_choices":[{"damage_healed":0,"gold_gain":0,"player_choice":"Box","damage_taken":0,"relics_obtained":["Question Card"],"max_hp_gain":0,"max_hp_loss":0,"event_name":"Big Fish","floor":2,"gold_loss":0,"cards_obtained":["Regret"]},{"damage_healed":0,"gold_gain":0,"player_choice":"Lose Max HP","damage_taken":0,"relics_obtained":["Golden Idol"],"max_hp_gain":0,"max_hp_loss":6,"event_name":"Golden Idol","floor":4,"gold_loss":0},{"damage_healed":0,"gold_gain":0,"player_choice":"Entered Light","damage_taken":15,"max_hp_gain":0,"max_hp_loss":0,"event_name":"Shining Light","floor":11,"gold_loss":0,"cards_upgraded":["Turbo","Strike_R"]}],"is_beta":false,"boss_relics":[],"items_purged_floors":[],"is_endless":false,"potions_floor_spawned":[1,10],"killed_by":"Hexaghost","ascension_level":12}