{"gold_per_floor":[109,126,146,163,11,11,45,45,125,152,171,171,171,185,185,315,315,315,315,270,270,270,270,270,270,270,270,270,39,39,39,39,39,39,39,39,39,39,39,39,39,39,39,39,39,39,39,39,39,39],"floor_reached":51,"playtime":6015,"items_purged":["Strike_B"],"score":710,"play_id":"48394c7e-93fb-40b8-9b76-dd6a4fb0dda3","local_time":"20190430165831","is_ascension_mode":true,"campfire_choices":[{"data":"Beam Cell","floor":6.0,"key":"SMITH"},{"floor":15.0,"key":"REST"},{"floor":23.0,"key":"REST"},{"floor":25.0,"key":"REST"},{"floor":32.0,"key":"REST"},{"data":"Static Discharge","floor":40,"key":"SMITH"},{"data":"Zap","floor":42,"key":"SMITH"},{"data":"Sweeping Beam","floor":44,"key":"SMITH"},{"data":"Barrage","floor":49,"key":"SMITH"}],"neow_cost":"NONE","seed_source_timestamp":0,"circlet_count":0,"master_deck":["Strike_B+1","Strike_B+1","Strike_B+1","Defend_B+1","Defend_B+1","Defend_B+1","Defend_B+1","Zap+1","Dualcast","BootSequence","Genetic Algorithm+1","Beam Cell+1","Self Repair","Static Discharge+1","Blizzard","Rip and Tear","Streamline+1","Coolheaded+1","Echo Form+1","Cold Snap+1","Sweeping Beam+1","Coolheaded+1","Reinforced Body+1","Multi-Cast","Ball Lightning+1","Redo+1","All For One","Sweeping Beam+1","Ball Lightning","Barrage+1","Streamline+1","Parasite","Buffer+1","FTL","Conserve Battery+1"],"special_seed":0,"relics":["Cracked Core","Pen Nib","Du-Vu Doll","Frozen Egg 2","Omamori","Ancient Tea Set","Golden Idol","Ectoplasm","Nunchaku","PreservedInsect","Red Mask","WarpedTongs","DataDisk","Tiny House","War Paint","Gambling Chip","Ice Cream"],"potions_floor_usage":[37,39,41,45,50],"damage_taken":[{"damage":1.0,"enemies":"Jaw Worm","floor":1.0,"turns":4.0},{"damage":0.0,"enemies":"Cultist","floor":2.0,"turns":3.0},{"damage":0.0,"enemies":"2 Louse","floor":3.0,"turns":2.0},{"damage":5.0,"enemies":"Large Slime","floor":4.0,"turns":6.0},{"damage":42.0,"enemies":"3 Sentries","floor":7.0,"turns":9.0},{"damage":22.0,"enemies":"Gremlin Nob","floor":10.0,"turns":4.0},{"damage":4.0,"enemies":"Lots of Slimes","floor":11.0,"turns":5.0},{"damage":14.0,"enemies":"Gremlin Gang","floor":14.0,"turns":4.0},{"damage":13.0,"enemies":"Slime Boss","floor":16.0,"turns":8.0},{"damage":20.0,"enemies":"Spheric Guardian","floor":18.0,"turns":4.0},{"damage":6.0,"enemies":"2 Thieves","floor":20.0,"turns":4.0},{"damage":40.0,"enemies":"Sentry and Sphere","floor":21.0,"turns":6.0},{"damage":12.0,"enemies":"Chosen and Byrds","floor":22.0,"turns":6.0},{"damage":60.0,"enemies":"Slavers","floor":24.0,"turns":6.0},{"damage":22.0,"enemies":"Masked Bandits","floor":27.0,"turns":6.0},{"damage":7.0,"enemies":"Centurion and Healer","floor":30.0,"turns":7.0},{"damage":54.0,"enemies":"Automaton","floor":33.0,"turns":10.0},{"damage":4,"enemies":"Orb Walker","floor":35,"turns":2},{"damage":7,"enemies":"3 Darklings","floor":37,"turns":4},{"damage":17,"enemies":"Writhing Mass","floor":39,"turns":5},{"damage":4,"enemies":"Jaw Worm Horde","floor":41,"turns":4},{"damage":0,"enemies":"Spire Growth","floor":45,"turns":2},{"damage":3,"enemies":"Writhing Mass","floor":46,"turns":5},{"damage":3,"enemies":"Mind Bloom Boss Battle","floor":47,"turns":6},{"damage":0,"enemies":"2 Orb Walkers","floor":48,"turns":5},{"damage":68,"enemies":"Donu and Deca","floor":50,"turns":9}],"seed_played":"-2923680313402931960","potions_obtained":[{"floor":3.0,"key":"Swift Potion"},{"floor":7.0,"key":"Poison Potion"},{"floor":11.0,"key":"Poison Potion"},{"floor":16.0,"key":"Swift Potion"},{"floor":20.0,"key":"Regen Potion"},{"floor":22.0,"key":"LiquidBronze"},{"floor":24.0,"key":"SmokeBomb"},{"floor":27.0,"key":"SteroidPotion"},{"floor":30.0,"key":"Poison Potion"},{"floor":33.0,"key":"Dexterity Potion"},{"floor":34,"key":"PowerPotion"},{"floor":37,"key":"Energy Potion"},{"floor":41,"key":"Regen Potion"}],"is_trial":false,"path_per_floor":["M","M","M","M","$","R","E","?","T","E","M","?","?","M","R","B",null,"M","?","M","M","M","R","E","R","T","?","?","$","M","?","R","B",null,"M","?","M","?","M","R","M","R","T","R","M","M","?","?","R","B",null],"character_chosen":"DEFECT","items_purchased":["Pen Nib","DataDisk"],"campfire_rested":4,"item_purchase_floors":[5,29],"current_hp_per_floor":[81,81,81,76,76,76,41,41,41,26,29,26,26,19,43,37,82,69,69,63,51,46,70,17,41,41,26,26,26,39,39,63,19,87,83,83,83,83,73,73,79,79,79,79,83,80,83,83,83,37],"gold":39,"neow_bonus":"TEN_PERCENT_HP_BONUS","is_prod":false,"is_daily":false,"chose_seed":false,"campfire_upgraded":5,"win_rate":0,"timestamp":1556636311,"path_taken":["M","M","M","M","$","R","E","?","T","E","?","?","?","M","R","BOSS","M","?","M","?","?","R","E","R","T","?","?","$","?","?","R","BOSS","M","?","M","?","M","R","M","R","T","R","M","M","?","?","R","BOSS"],"build_version":"2019-01-23","purchased_purges":1,"victory":true,"max_hp_per_floor":[82,82,82,82,82,82,82,82,82,82,82,82,82,82,82,82,82,82,82,82,82,82,82,82,82,82,82,82,82,82,82,82,82,87,87,87,87,83,83,83,83,83,83,83,83,83,83,83,83,83],"card_choices":[{"not_picked":["Steam","Hologram"],"picked":"BootSequence","floor":1.0},{"not_picked":["Heatsinks","Doom and Gloom"],"picked":"Genetic Algorithm","floor":2.0},{"not_picked":["Leap","Go for the Eyes"],"picked":"Beam Cell","floor":3.0},{"not_picked":["Genetic Algorithm","Hologram"],"picked":"Self Repair","floor":4.0},{"not_picked":["FTL","Reboot"],"picked":"Static Discharge","floor":7.0},{"not_picked":["Melter","Beam Cell"],"picked":"Rip and Tear","floor":10.0},{"not_picked":["Turbo","Gash"],"picked":"Streamline","floor":11.0},{"not_picked":["Auto Shields","Blizzard"],"picked":"Coolheaded","floor":14.0},{"not_picked":["Buffer+1","Amplify"],"picked":"Echo Form+1","floor":16.0},{"not_picked":["Beam Cell","Leap"],"picked":"Cold Snap+1","floor":18.0},{"not_picked":["Compile Driver","Hologram"],"picked":"Sweeping Beam","floor":20.0},{"not_picked":["Cold Snap","Force Field"],"picked":"Coolheaded+1","floor":21.0},{"not_picked":["Turbo","Stack+1"],"picked":"Reinforced Body+1","floor":22.0},{"not_picked":["Double Energy","Cold Snap"],"picked":"Multi-Cast","floor":24.0},{"not_picked":["Go for the Eyes","Compile Driver"],"picked":"Ball Lightning+1","floor":27.0},{"not_picked":["Fusion+1","Turbo"],"picked":"Redo+1","floor":30.0},{"not_picked":["Hyperbeam","Reboot"],"picked":"All For One","floor":33.0},{"not_picked":["Self Repair+1","Hologram"],"picked":"Sweeping Beam+1","floor":34},{"not_picked":["Conserve Battery","Gash"],"picked":"Ball Lightning","floor":35},{"not_picked":["Steam","Coolheaded"],"picked":"Barrage","floor":37},{"not_picked":["Turbo+1","Double Energy","White Noise"],"picked":"SKIP","floor":39},{"not_picked":["Aggregate","Redo+1"],"picked":"Streamline+1","floor":41},{"not_picked":["Auto Shields+1","Steam"],"picked":"Buffer+1","floor":46},{"not_picked":["Skim","Aggregate+1"],"picked":"FTL","floor":47},{"not_picked":["Stack","Barrage"],"picked":"Conserve Battery+1","floor":48}],"player_experience":148638,"relics_obtained":[{"floor":7.0,"key":"Du-Vu Doll"},{"floor":9.0,"key":"Frozen Egg 2"},{"floor":10.0,"key":"Omamori"},{"floor":24.0,"key":"Nunchaku"},{"floor":26.0,"key":"PreservedInsect"},{"floor":27.0,"key":"Red Mask"},{"floor":43,"key":"War Paint"},{"floor":47,"key":"Gambling Chip"},{"floor":48,"key":"Ice Cream"}],"event_choices":[{"damage_healed":0.0,"max_hp_gain":0.0,"max_hp_loss":0.0,"gold_gain":0.0,"event_name":"Match and Keep!","player_choice":"2 cards matched","floor":8.0,"gold_loss":0.0,"damage_taken":0.0,"cards_obtained":["Blizzard","Fission"]},{"damage_healed":0.0,"max_hp_gain":0.0,"max_hp_loss":0.0,"gold_gain":0.0,"event_name":"Scrap Ooze","player_choice":"Success","floor":12.0,"gold_loss":0.0,"damage_taken":3.0,"relics_obtained":["Ancient Tea Set"]},{"damage_healed":0.0,"max_hp_gain":0.0,"max_hp_loss":0.0,"gold_gain":0.0,"event_name":"Golden Idol","player_choice":"Take Wound","floor":13.0,"gold_loss":0.0,"damage_taken":0.0,"relics_obtained":["Golden Idol"],"cards_obtained":["Injury"]},{"cards_removed":["Fission"],"damage_healed":0.0,"max_hp_gain":0.0,"max_hp_loss":0.0,"gold_gain":0.0,"event_name":"Purifier","player_choice":"Purged","floor":19.0,"gold_loss":0.0,"damage_taken":0.0},{"damage_healed":0.0,"max_hp_gain":0.0,"max_hp_loss":0.0,"gold_gain":0.0,"event_name":"Masked Bandits","player_choice":"Fought Bandits","floor":27.0,"gold_loss":0.0,"damage_taken":0.0},{"damage_healed":0.0,"max_hp_gain":0.0,"max_hp_loss":0.0,"gold_gain":0.0,"event_name":"Accursed Blacksmith","player_choice":"Rummage","floor":28.0,"gold_loss":0.0,"damage_taken":0.0,"relics_obtained":["WarpedTongs"],"cards_obtained":["Pain"]},{"damage_healed":0.0,"max_hp_gain":0.0,"max_hp_loss":0.0,"gold_gain":0.0,"event_name":"Back to Basics","player_choice":"Simplicity","floor":31.0,"gold_loss":0.0,"damage_taken":0.0,"cards_upgraded":["Strike_B","Strike_B","Strike_B","Defend_B","Defend_B","Defend_B","Defend_B"]},{"damage_healed":0,"gold_gain":0,"player_choice":"Ignored","damage_taken":0,"max_hp_gain":0,"max_hp_loss":0,"event_name":"The Moai Head","floor":36,"gold_loss":0},{"damage_healed":0,"gold_gain":0,"player_choice":"Max HP","damage_taken":0,"max_hp_gain":0,"max_hp_loss":4,"event_name":"Winding Halls","floor":38,"gold_loss":0},{"damage_healed":0,"gold_gain":0,"player_choice":"Fight","damage_taken":0,"max_hp_gain":0,"max_hp_loss":0,"event_name":"MindBloom","floor":47,"gold_loss":0},{"damage_healed":0,"gold_gain":0,"player_choice":"Fight","damage_taken":0,"max_hp_gain":0,"max_hp_loss":0,"event_name":"Mysterious Sphere","floor":48,"gold_loss":0}],"is_beta":false,"boss_relics":[{"not_picked":["Inserter","Orrery"],"picked":"Ectoplasm"},{"not_picked":["Fusion Hammer","Cursed Key"],"picked":"Tiny House"}],"items_purged_floors":[29],"is_endless":false,"potions_floor_spawned":[3,7,11,16,20,22,24,27,30,33,35,37,41],"ascension_level":1}