{"path_per_floor":["M","$","M","M","M","E","R","M","T","R","M","R","M","M","R","B",null,"M","$","?","$","M","R","M","R","T","E","R","M","$","E","R","B",null,"M","?","$","M","T","R","M","R","T","?","R","E","M","M","R","B"],"character_chosen":"IRONCLAD","items_purchased":["Spot Weakness","Seeing Red","Battle Trance","Pommel Strike"],"gold_per_floor":[114,0,16,31,46,80,80,93,93,93,113,113,124,143,143,242,242,257,142,67,67,84,84,94,94,94,129,129,145,45,76,76,180,180,196,196,174,184,209,209,219,219,219,0,0,29,41,59,59,59],"floor_reached":51,"campfire_rested":0,"playtime":2766,"current_hp_per_floor":[70,70,67,71,73,46,46,49,49,49,51,51,57,57,57,69,80,64,64,64,64,70,70,76,76,76,70,70,72,72,39,39,26,80,70,70,70,69,69,69,52,52,52,52,52,50,56,50,50,34],"items_purged":["Strike_R","Strike_R"],"gold":59,"play_id":"0388ce94-f4d1-4efe-8a2b-5e70b2e56353","is_prod":false,"is_daily":false,"is_ascension_mode":false,"campfire_upgraded":12,"path_taken":["M","$","M","?","M","E","R","M","T","R","M","R","M","M","R","BOSS","M","$","?","$","M","R","?","R","T","E","R","M","?","E","R","BOSS","M","?","?","?","?","R","M","R","T","?","R","E","?","M","R","BOSS"],"build_version":"2018-01-26-BETA1","purchased_purges":3,"victory":true,"master_deck":["Defend_R","Defend_R","Defend_R","Defend_R","Bash","Dark Embrace","Ghostly Armor","Spot Weakness","Seeing Red","Heavy Blade","Searing Blow+12","Shrug It Off","Battle Trance","Headbutt","Iron Wave+1","Battle Trance","Cleave","Headbutt","Heavy Blade+1","Offering","Hemokinesis","Pommel Strike","Armaments"],"max_hp_per_floor":[80,80,80,80,80,80,80,80,80,80,80,80,80,80,80,80,80,80,80,80,80,80,80,80,80,80,80,80,80,80,80,80,80,80,80,80,80,80,80,80,80,80,80,80,80,80,80,80,80,80],"relics":["Burning Blood","Pen Nib","Oddly Smooth Stone","Sozu","Champion Belt","Bottled Tornado","Meat on the Bone","Regal Pillow","Frozen Eye","Red Mask","Red Skull"],"card_choices":[{"not_picked":["Metallicize","Warcry"],"picked":"Ghostly Armor"},{"not_picked":["Havoc","Anger"],"picked":"Heavy Blade"},{"not_picked":["Pommel Strike","Burning Pact"],"picked":"Searing Blow"},{"not_picked":["Metallicize","True Grit"],"picked":"Shrug It Off"},{"not_picked":["Second Wind","Wild Strike"],"picked":"Battle Trance"},{"not_picked":["Searing Blow","Iron Wave"],"picked":"Headbutt"},{"not_picked":["Havoc","Dropkick"],"picked":"Iron Wave"},{"not_picked":["Dropkick","Havoc"],"picked":"Cleave"},{"not_picked":["Sword Boomerang","Pommel Strike"],"picked":"Headbutt"},{"not_picked":["Flame Barrier","Anger"],"picked":"Heavy Blade"},{"not_picked":["Juggernaut","Dark Embrace"],"picked":"Offering"},{"not_picked":["Barricade","Cleave"],"picked":"Armaments"}],"player_experience":116225,"potions_floor_usage":[6,14,16],"damage_taken":[{"damage":16,"enemies":"Blue Slaver","floor":1,"turns":5},{"damage":9,"enemies":"Jaw Worm","floor":3,"turns":4},{"damage":2,"enemies":"Small Slimes","floor":4,"turns":5},{"damage":4,"enemies":"Gremlin Gang","floor":5,"turns":6},{"damage":33,"enemies":"Gremlin Nob","floor":6,"turns":5},{"damage":3,"enemies":"Red Slaver","floor":8,"turns":4},{"damage":4,"enemies":"Exordium Thugs","floor":11,"turns":5},{"damage":0,"enemies":"Looter","floor":13,"turns":2},{"damage":6,"enemies":"Lots of Slimes","floor":14,"turns":4},{"damage":0,"enemies":"Slime Boss","floor":16,"turns":3},{"damage":22,"enemies":"3 Byrds","floor":18,"turns":6},{"damage":0,"enemies":"Shell Parasite","floor":22,"turns":4},{"damage":0,"enemies":"Centurion and Healer","floor":24,"turns":5},{"damage":12,"enemies":"Gremlin Leader","floor":27,"turns":3},{"damage":4,"enemies":"Chosen and Byrds","floor":29,"turns":3},{"damage":39,"enemies":"Slavers","floor":31,"turns":6},{"damage":31,"enemies":"Collector","floor":33,"turns":6},{"damage":16,"enemies":"3 Darklings","floor":35,"turns":4},{"damage":7,"enemies":"Orb Walker","floor":38,"turns":3},{"damage":23,"enemies":"3 Darklings","floor":41,"turns":7},{"damage":8,"enemies":"Giant Head","floor":46,"turns":6},{"damage":0,"enemies":"Flame Bruiser 2 Orb","floor":47,"turns":1},{"damage":24,"enemies":"4 Shapes","floor":48,"turns":5},{"damage":34,"enemies":"Donu and Deca","floor":50,"turns":5}],"event_choices":[{"event_name":"Beggar","player_choice":"Gave Gold","floor":20,"damage_taken":0},{"event_name":"Transmorgrifier","player_choice":"Transform","floor":36,"damage_taken":0},{"event_name":"Tomb of Lord Red Mask","player_choice":"Paid","floor":44,"damage_taken":0}],"boss_relics":[{"not_picked":["Cursed Key","Calling Bell"],"picked":"Sozu"},{"not_picked":["Orrery","Runic Pyramid","Snecko Eye"]}],"potions_floor_spawned":[1,3,8,11,14,22,29,31,41,46],"seed_played":"7975816025109496509","ascension_level":0,"is_trial":false}