{"gold_per_floor":[118,132,132,57,67,100,100,120,145,180,180,180,180,196,196,196],"floor_reached":16,"playtime":571,"items_purged":[],"score":320,"play_id":"d432000e-4b5d-472b-8ba0-c5ec548c4cc9","local_time":"20180920190420","is_ascension_mode":true,"campfire_choices":[{"data":"Seeing Red","floor":7,"key":"SMITH"},{"floor":13,"key":"REST"},{"data":"Bludgeon","floor":15,"key":"SMITH"}],"neow_cost":"NONE","seed_source_timestamp":539018799529494,"circlet_count":0,"master_deck":["Strike_R","Strike_R","Strike_R","Strike_R","Defend_R","Defend_R","Defend_R","Defend_R","Bash","AscendersBane","Cleave","Inflame","Seeing Red+1","Bludgeon+1","Uppercut","Demon Form"],"relics":["Burning Blood","Lantern","Blood Vial","Vajra","Juzu Bracelet"],"potions_floor_usage":[10,10],"damage_taken":[{"damage":7,"enemies":"Cultist","floor":1,"turns":4},{"damage":5,"enemies":"Small Slimes","floor":2,"turns":3},{"damage":7,"enemies":"Jaw Worm","floor":5,"turns":3},{"damage":40,"enemies":"3 Sentries","floor":6,"turns":11},{"damage":15,"enemies":"Gremlin Gang","floor":8,"turns":3},{"damage":20,"enemies":"Lagavulin","floor":10,"turns":3},{"damage":13,"enemies":"Red Slaver","floor":14,"turns":3}],"seed_played":"-4719779458316235074","potions_obtained":[{"floor":6,"key":"Regen Potion"},{"floor":8,"key":"AttackPotion"}],"is_trial":false,"path_per_floor":["M","M","$","?","M","E","R","M","T","E","?","$","R","M","R"],"character_chosen":"IRONCLAD","items_purchased":[],"campfire_rested":1,"item_purchase_floors":[],"current_hp_per_floor":[67,68,68,68,67,33,33,26,26,23,19,19,41,36,36,0],"gold":196,"neow_bonus":"RANDOM_COMMON_RELIC","is_prod":false,"is_daily":false,"chose_seed":false,"campfire_upgraded":2,"win_rate":0,"timestamp":1537466660,"path_taken":["M","M","?","?","M","E","R","M","T","E","?","$","R","M","R","BOSS"],"build_version":"2018-09-06","purchased_purges":0,"victory":false,"max_hp_per_floor":[75,75,75,75,75,75,75,75,75,75,75,75,75,75,75,75],"card_choices":[{"not_picked":["Wild Strike","Headbutt"],"picked":"Cleave","floor":1},{"not_picked":["Fire Breathing","Clash","Heavy Blade"],"picked":"SKIP","floor":2},{"not_picked":["Thunderclap","Intimidate"],"picked":"Inflame","floor":5},{"not_picked":["Thunderclap","Disarm"],"picked":"Seeing Red","floor":6},{"not_picked":["Body Slam","Cleave"],"picked":"Bludgeon","floor":8},{"not_picked":["Armaments","Rupture"],"picked":"Uppercut","floor":10},{"not_picked":["Cleave","Dual Wield"],"picked":"Demon Form","floor":14}],"player_experience":386546,"relics_obtained":[{"floor":6,"key":"Blood Vial"},{"floor":9,"key":"Vajra"},{"floor":10,"key":"Juzu Bracelet"}],"event_choices":[{"event_name":"The Cleric","player_choice":"Card Removal","floor":4,"damage_taken":0},{"event_name":"The Woman in Blue","player_choice":"Bought 0 Potions","floor":11,"damage_taken":0}],"is_beta":false,"boss_relics":[],"items_purged_floors":[],"is_endless":false,"potions_floor_spawned":[6,8],"killed_by":"The Guardian","ascension_level":20}