{"gold_per_floor":[211,223,223,223,237,237,237,237,237,252,252,177,177,177,177,177],"floor_reached":16,"playtime":409,"items_purged":[],"score":172,"play_id":"831a3c77-e311-4477-8f80-efde6e9dda85","local_time":"20180913154808","is_ascension_mode":true,"campfire_choices":[{"floor":6,"key":"REST"},{"floor":8,"key":"REST"},{"data":"Uppercut","floor":11,"key":"SMITH"},{"data":"Disarm","floor":13,"key":"SMITH"},{"floor":15,"key":"REST"}],"neow_cost":"NONE","seed_source_timestamp":2510769277941816,"circlet_count":0,"master_deck":["Strike_R","Strike_R","Strike_R","Strike_R","Defend_R+1","Defend_R+1","Defend_R","Bash","AscendersBane","Flex","Uppercut+1","Disarm+1"],"relics":["Burning Blood","Golden Idol","Bird Faced Urn"],"potions_floor_usage":[16],"damage_taken":[{"damage":9,"enemies":"Jaw Worm","floor":1,"turns":3},{"damage":0,"enemies":"2 Louse","floor":2,"turns":2},{"damage":10,"enemies":"Small Slimes","floor":5,"turns":5},{"damage":4,"enemies":"2 Fungi Beasts","floor":10,"turns":4},{"damage":78,"enemies":"Hexaghost","floor":16,"turns":12}],"seed_played":"-4745725531491503831","potions_obtained":[{"floor":1,"key":"Swift Potion"}],"is_trial":false,"path_per_floor":["M","M","?","?","M","R","?","R","T","M","R","?","R","$","R"],"character_chosen":"IRONCLAD","items_purchased":[],"campfire_rested":3,"item_purchase_floors":[],"current_hp_per_floor":[65,71,64,41,37,59,33,55,55,57,57,57,57,57,75,0],"gold":177,"neow_bonus":"HUNDRED_GOLD","is_prod":false,"is_daily":false,"chose_seed":false,"campfire_upgraded":2,"win_rate":0,"timestamp":1536850088,"path_taken":["M","M","?","?","M","R","?","R","T","M","R","?","R","$","R","BOSS"],"build_version":"2018-09-06","purchased_purges":0,"victory":false,"max_hp_per_floor":[75,75,75,75,75,75,75,75,75,75,75,75,75,75,75,75],"card_choices":[{"not_picked":["Burning Pact","Dual Wield"],"picked":"Flex","floor":1},{"not_picked":["Shockwave","Body Slam","Intimidate"],"picked":"SKIP","floor":2},{"not_picked":["Thunderclap","Clash"],"picked":"Uppercut","floor":5},{"not_picked":["Bloodletting","Ghostly Armor"],"picked":"Disarm","floor":10}],"player_experience":349773,"relics_obtained":[{"floor":9,"key":"Bird Faced Urn"}],"event_choices":[{"event_name":"Golden Wing","player_choice":"Card Removal","floor":3,"damage_taken":0},{"event_name":"Shining Light","player_choice":"Entered Light","floor":4,"damage_taken":0},{"event_name":"Golden Idol","player_choice":"Take Damage","floor":7,"damage_taken":0},{"event_name":"The Cleric","player_choice":"Card Removal","floor":12,"damage_taken":0}],"is_beta":false,"boss_relics":[],"items_purged_floors":[],"is_endless":false,"potions_floor_spawned":[1],"killed_by":"Hexaghost","ascension_level":19}