{"path_per_floor":["M","M","?","?","M","E","R","T","T","?","R","M","$","?","R","B",null,"M","?","M","M","M","E","$","R","T","R","M","R","?","?","R","B",null,"M","M","?"],"character_chosen":"THE_SILENT","items_purchased":["Dagger Throw"],"gold_per_floor":[11,30,30,205,222,253,253,253,278,278,278,294,219,169,169,292,330,350,350,334,347,370,404,258,258,288,288,306,306,231,201,201,325,325,349,369,369],"floor_reached":38,"campfire_rested":3,"playtime":3637,"current_hp_per_floor":[70,70,65,65,64,45,45,45,45,45,45,45,45,45,45,32,76,74,74,60,55,50,11,11,33,33,55,52,75,75,75,75,9,82,42,30,30],"items_purged":["Doubt","Strike_G"],"gold":369,"play_id":"bd74fb90-1ff3-4561-a8b7-ecad5becdd12","is_prod":false,"is_daily":false,"campfire_rituals":0,"campfire_upgraded":4,"is_hardmode":false,"path_taken":["M","M","?","?","?","E","R","?","T","?","R","M","$","?","R","BOSS","M","?","?","M","M","E","$","R","T","R","M","R","?","?","R","BOSS","M","M","?","M"],"build_version":"2018-01-11-PROD2","purchased_purges":2,"victory":false,"master_deck":["Defend_G","Defend_G","Defend_G","Survivor","Neutralize","Finisher","Sucker Punch","Flying Knee","Prepared","Tactician","Underhanded Strike","Well Laid Plans","Cloak And Dagger","Cloak And Dagger","Reflex","Heel Hook","Dagger Throw","Tools of the Trade","Reflex","Eviscerate","Concentrate","Footwork","Caltrops"],"max_hp_per_floor":[70,70,77,77,77,77,77,77,77,71,71,71,71,71,71,71,76,76,76,76,76,76,76,76,76,76,76,78,78,78,78,78,78,82,82,84,84],"relics":["Ring of the Snake","Strawberry","Bronze Scales","Ancient Tea Set","Blood Vial","Golden Idol","Tiny House","Singing Bowl","Tiny Chest","Orrery"],"campfire_meditates":0,"card_choices":[{"not_picked":["Predator","Endless Agony"],"picked":"Finisher"},{"not_picked":["Acrobatics","Venomology"],"picked":"Sucker Punch"},{"not_picked":["Deflect","Backstab"],"picked":"Flying Knee"},{"not_picked":["Dodge and Roll","Dagger Spray"],"picked":"Prepared"},{"not_picked":["Unload","Tools of the Trade"],"picked":"Tactician"},{"not_picked":["Slice","Sucker Punch"],"picked":"Underhanded Strike"},{"not_picked":["Dagger Throw","Poisoned Stab"],"picked":"Well Laid Plans"},{"not_picked":["Noxious Fumes","Deadly Poison"],"picked":"Cloak And Dagger"},{"not_picked":["Poisoned Stab","Dagger Spray"],"picked":"Cloak And Dagger"},{"not_picked":["PiercingWail","Flechettes"],"picked":"Reflex"},{"not_picked":["Footwork","Terror"],"picked":"Heel Hook"},{"not_picked":["Doppelganger","Unload"],"picked":"Tools of the Trade"},{"not_picked":["Sucker Punch","Cloak And Dagger"],"picked":"Reflex"},{"not_picked":["Poisoned Stab","PiercingWail"],"picked":"Eviscerate"},{"not_picked":["Distraction","Backflip"],"picked":"Concentrate"},{"not_picked":["Dagger Spray","Deadly Poison"],"picked":"Footwork"}],"player_experience":257540,"potions_floor_usage":[6,6,20,21,22,33,33,33],"damage_taken":[{"damage":0,"enemies":"Jaw Worm","floor":1,"turns":6},{"damage":0,"enemies":"Small Slimes","floor":2,"turns":3},{"damage":1,"enemies":"2 Louse","floor":5,"turns":6},{"damage":19,"enemies":"Gremlin Nob","floor":6,"turns":5},{"damage":2,"enemies":"Large Slime","floor":12,"turns":5},{"damage":15,"enemies":"The Guardian","floor":16,"turns":13},{"damage":2,"enemies":"3 Byrds","floor":18,"turns":3},{"damage":16,"enemies":"2 Thieves","floor":20,"turns":4},{"damage":7,"enemies":"Chosen and Byrds","floor":21,"turns":9},{"damage":7,"enemies":"Snake Plant","floor":22,"turns":5},{"damage":41,"enemies":"Gremlin Leader","floor":23,"turns":9},{"damage":7,"enemies":"3 Cultists","floor":28,"turns":6},{"damage":68,"enemies":"Collector","floor":33,"turns":19},{"damage":40,"enemies":"3 Shapes","floor":35,"turns":10},{"damage":16,"enemies":"Orb Walker","floor":36,"turns":4},{"damage":32,"enemies":"4 Shapes","floor":38,"turns":3}],"event_choices":[{"event_name":"Scrap Ooze","player_choice":"success","floor":3,"damage_taken":12},{"event_name":"Liars Game","player_choice":"agreed","floor":4,"damage_taken":0},{"event_name":"Golden Idol","player_choice":"Lose Max HP","floor":10,"damage_taken":0},{"event_name":"The Cleric","player_choice":"Card Removal","floor":14,"damage_taken":0},{"event_name":"Back to Basics","player_choice":"Elegance","floor":19,"damage_taken":0},{"event_name":"Beggar","player_choice":"Gave Gold","floor":30,"damage_taken":0},{"event_name":"The Woman in Blue","player_choice":"Bought 2 Potions","floor":31,"damage_taken":0},{"event_name":"Transmorgrifier","player_choice":"Transform","floor":37,"damage_taken":0}],"boss_relics":[{"not_picked":["Cursed Key","Philosopher\u0027s Stone"],"picked":"Tiny House"},{"not_picked":["Runic Pyramid","Question Card"],"picked":"Orrery"}],"potions_floor_spawned":[1,2,5,18,21,23],"seed_played":"593952473806119582","killed_by":"4 Shapes","is_trial":false}