{"path_per_floor":["M","?","M","?","M","R","E","?","T","E","?","M","T","M","R"],"character_chosen":"DEFECT","items_purchased":[],"gold_per_floor":[109,109,122,122,137,137,172,202,250,282,304,316,370,381,381,381],"floor_reached":16,"campfire_rested":1,"playtime":600,"item_purchase_floors":[],"current_hp_per_floor":[75,75,75,75,75,75,75,75,75,38,31,31,31,31,68,0],"items_purged":[],"gold":381,"score":169,"play_id":"4bf1203c-0575-4190-be41-f8989cd6c74d","local_time":"20180611151955","is_prod":false,"is_daily":false,"chose_seed":false,"is_ascension_mode":true,"campfire_upgraded":1,"win_rate":0,"timestamp":1528726795,"campfire_choices":[{"data":"Hyperbeam","floor":6,"key":"SMITH"},{"floor":15,"key":"REST"}],"path_taken":["M","?","M","?","?","R","E","?","T","E","?","?","?","M","R","BOSS"],"build_version":"2018-06-07v3","seed_source_timestamp":333019812366267,"purchased_purges":0,"victory":false,"master_deck":["Strike_B","Strike_B","Strike_B","Strike_B","Defend_B","Defend_B","Defend_B","Defend_B","Dualcast","Double Energy","Hyperbeam+1","Double Energy","Coolheaded"],"max_hp_per_floor":[75,75,75,75,75,75,75,75,75,75,75,75,75,75,75,75],"relics":["Cracked Core","NeowsBlessing","Vajra","DataDisk","Regal Pillow","Blue Candle","Odd Mushroom","Tiny Chest"],"card_choices":[{"not_picked":["Force Field","Stack"],"picked":"Double Energy","floor":1},{"not_picked":["Capacitor","Streamline","Steam"],"picked":"SKIP","floor":3},{"not_picked":["Chill","Redo"],"picked":"Double Energy","floor":5},{"not_picked":["Conserve Battery","Compile Driver","Streamline"],"picked":"SKIP","floor":7},{"not_picked":["Ball Lightning","BootSequence","Force Field"],"picked":"SKIP","floor":10},{"not_picked":["Go for the Eyes","Gash"],"picked":"Coolheaded","floor":11},{"not_picked":["Steam","Go for the Eyes","Chill"],"picked":"SKIP","floor":12},{"not_picked":["Gash","Steam","Darkness"],"picked":"SKIP","floor":14}],"player_experience":296833,"potions_floor_usage":[7,16],"damage_taken":[{"damage":0,"enemies":"Small Slimes","floor":1,"turns":1},{"damage":0,"enemies":"Cultist","floor":3,"turns":1},{"damage":0,"enemies":"Jaw Worm","floor":5,"turns":1},{"damage":0,"enemies":"Gremlin Nob","floor":7,"turns":2},{"damage":37,"enemies":"Lagavulin","floor":10,"turns":7},{"damage":7,"floor":11,"turns":2},{"damage":0,"enemies":"Blue Slaver","floor":12,"turns":3},{"damage":0,"enemies":"Large Slime","floor":14,"turns":4},{"damage":89,"enemies":"The Guardian","floor":16,"turns":11}],"relics_obtained":[{"floor":7,"key":"Vajra"},{"floor":9,"key":"Regal Pillow"},{"floor":10,"key":"Blue Candle"},{"floor":11,"key":"Odd Mushroom"},{"floor":13,"key":"Tiny Chest"}],"event_choices":[{"event_name":"Match and Keep!","player_choice":"1 cards matched","floor":2,"damage_taken":0},{"event_name":"Living Wall","player_choice":"Forget","floor":4,"damage_taken":0},{"event_name":"Dead Adventurer","player_choice":"Searched \u00272\u0027 times","floor":8,"damage_taken":0},{"event_name":"Mushrooms","player_choice":"Fought Mushrooms","floor":11,"damage_taken":0}],"boss_relics":[],"items_purged_floors":[],"potions_floor_spawned":[1,11,12],"seed_played":"-1104526634768010198","killed_by":"The Guardian","ascension_level":5,"potions_obtained":[{"floor":1,"key":"GamblersBrew"},{"floor":11,"key":"SmokeBomb"},{"floor":12,"key":"Block Potion"}],"is_trial":false}