{"path_per_floor":["M","?","M","?","M","R","E","M","T","M","M","?","R","?","R"],"character_chosen":"IRONCLAD","items_purchased":[],"gold_per_floor":[18,18,35,35,51,51,77,95,95,106,116,174,174,126,126],"floor_reached":16,"campfire_rested":2,"playtime":610,"current_hp_per_floor":[70,70,64,64,64,64,10,11,11,17,24,24,48,48,72],"items_purged":[],"gold":126,"score":153,"play_id":"0671fd84-0a6f-47fd-8de0-28036489f5bd","is_prod":false,"is_daily":false,"is_ascension_mode":true,"campfire_upgraded":1,"path_taken":["M","?","M","?","?","R","E","M","T","M","M","?","R","?","R","BOSS"],"build_version":"2018-02-22-PROD2","purchased_purges":0,"victory":false,"master_deck":["Strike_R","Strike_R","Strike_R","Strike_R","Strike_R","Defend_R+1","Defend_R+1","Defend_R","Defend_R","Bash+1","Parasite","Havoc+1","Feel No Pain","Seeing Red","Warcry","Disarm","Shrug It Off","Entrench"],"max_hp_per_floor":[80,80,80,80,80,80,80,80,80,80,80,80,80,80,80],"relics":["Burning Blood","Charon\u0027s Ashes","War Paint","Dream Catcher"],"card_choices":[{"not_picked":["Headbutt","Wild Strike"],"picked":"Havoc"},{"not_picked":["Reckless Charge","Corruption"],"picked":"Feel No Pain"},{"not_picked":["Wild Strike","Anger"],"picked":"Seeing Red"},{"not_picked":["Wild Strike","Perfected Strike"],"picked":"Warcry"},{"not_picked":["Anger","Power Through"],"picked":"Disarm"},{"not_picked":["Havoc","Brutality"],"picked":"Shrug It Off"},{"not_picked":["Perfected Strike","Searing Blow"],"picked":"Entrench"}],"player_experience":153704,"potions_floor_usage":[11,16,16],"damage_taken":[{"damage":8,"enemies":"2 Louse","floor":1,"turns":4},{"damage":12,"enemies":"Jaw Worm","floor":3,"turns":2},{"damage":6,"enemies":"Cultist","floor":5,"turns":3},{"damage":60,"enemies":"Lagavulin","floor":7,"turns":7},{"damage":5,"enemies":"Blue Slaver","floor":8,"turns":3},{"damage":0,"enemies":"Exordium Wildlife","floor":10,"turns":4},{"damage":8,"enemies":"Lots of Slimes","floor":11,"turns":4},{"damage":79,"enemies":"Slime Boss","floor":16,"turns":10}],"event_choices":[{"event_name":"The Cleric","player_choice":"Leave","floor":2,"damage_taken":0},{"event_name":"Living Wall","player_choice":"Grow","floor":4,"damage_taken":0},{"event_name":"Golden Wing","player_choice":"Gained Gold","floor":12,"damage_taken":0},{"event_name":"World of Goop","player_choice":"Left","floor":14,"damage_taken":0}],"boss_relics":[],"potions_floor_spawned":[5,8,10],"seed_played":"6763574548727360502","killed_by":"Slime Boss","ascension_level":10,"is_trial":false}