{"gold_per_floor":[11,31,48,64,14,47,47,81,159,173,173,173,205,69,69,167,167,180,180,45,63,74,74,104,104,104,104,136,147,147,157,157,157],"floor_reached":33,"playtime":2632,"items_purged":["Strike_B","Parasite"],"score":442,"play_id":"f9f97ec0-6dc4-49f1-a608-16425bcc51bc","local_time":"20190418205531","is_ascension_mode":true,"campfire_choices":[{"data":"Zap","floor":7,"key":"SMITH"},{"data":"Strike_B","floor":11,"key":"PURGE"},{"floor":15,"key":"REST"},{"floor":23,"key":"REST"},{"data":"Strike_B","floor":25,"key":"PURGE"},{"floor":27,"key":"REST"},{"data":"Hyperbeam","floor":32,"key":"SMITH"}],"neow_cost":"NO_GOLD","seed_source_timestamp":639250421352713,"circlet_count":0,"master_deck":["Defend_B+1","Defend_B+1","Defend_B+1","Defend_B+1","Zap+1","Dualcast","Ball Lightning","Cold Snap","Doom and Gloom","Compile Driver","Core Surge","Buffer","Lockon","Hyperbeam+1","Coolheaded+1","Core Surge","Genetic Algorithm","Conserve Battery+1","Self Repair+1"],"relics":["Cracked Core","Pocketwatch","Regal Pillow","Peace Pipe","Kunai","MawBank","Velvet Choker","Meat on the Bone","Mercury Hourglass"],"potions_floor_usage":[8,10,28,33],"damage_taken":[{"damage":2,"enemies":"Jaw Worm","floor":1,"turns":3},{"damage":3,"enemies":"Small Slimes","floor":2,"turns":2},{"damage":0,"enemies":"Cultist","floor":3,"turns":2},{"damage":2,"enemies":"Exordium Thugs","floor":4,"turns":4},{"damage":10,"enemies":"Gremlin Nob","floor":6,"turns":3},{"damage":24,"enemies":"3 Sentries","floor":8,"turns":5},{"damage":6,"enemies":"Large Slime","floor":10,"turns":3},{"damage":25,"enemies":"Lagavulin","floor":13,"turns":7},{"damage":26,"enemies":"The Guardian","floor":16,"turns":11},{"damage":10,"enemies":"Spheric Guardian","floor":18,"turns":4},{"damage":18,"enemies":"2 Thieves","floor":21,"turns":3},{"damage":29,"enemies":"Snake Plant","floor":22,"turns":4},{"damage":18,"enemies":"Gremlin Leader","floor":24,"turns":4},{"damage":43,"enemies":"Book of Stabbing","floor":28,"turns":7},{"damage":24,"enemies":"Shelled Parasite and Fungi","floor":29,"turns":6},{"damage":1,"enemies":"Centurion and Healer","floor":31,"turns":5},{"damage":51,"enemies":"Automaton","floor":33,"turns":12}],"seed_played":"318127026945626754","potions_obtained":[{"floor":1,"key":"SmokeBomb"},{"floor":3,"key":"Energy Potion"},{"floor":6,"key":"Weak Potion"},{"floor":8,"key":"GamblersBrew"},{"floor":13,"key":"GamblersBrew"},{"floor":16,"key":"Regen Potion"},{"floor":21,"key":"Ancient Potion"},{"floor":22,"key":"FocusPotion"},{"floor":29,"key":"SkillPotion"}],"is_trial":false,"path_per_floor":["M","M","M","M","?","E","R","E","T","M","R","?","E","$","R","B",null,"M","?","$","M","M","R","E","R","T","R","E","M","?","M","R","B"],"character_chosen":"DEFECT","items_purchased":["Lockon","Genetic Algorithm"],"campfire_rested":3,"item_purchase_floors":[14,20],"current_hp_per_floor":[66,63,63,61,61,51,51,27,27,21,21,39,14,14,51,25,63,53,53,53,35,6,42,24,24,24,60,39,27,27,48,48,0],"gold":157,"neow_bonus":"ONE_RARE_RELIC","is_prod":false,"is_daily":false,"chose_seed":false,"campfire_upgraded":2,"win_rate":0,"timestamp":1555638931,"path_taken":["M","M","M","M","?","E","R","E","T","M","R","?","E","?","R","BOSS","M","?","$","M","?","R","E","R","T","R","E","M","?","M","R","BOSS"],"build_version":"2019-01-23","purchased_purges":2,"victory":false,"max_hp_per_floor":[75,75,75,75,75,75,75,75,75,75,75,75,75,75,75,75,75,75,75,72,72,72,72,72,72,72,72,72,72,72,72,72,72],"card_choices":[{"not_picked":["Consume","Undo","Coolheaded"],"picked":"SKIP","floor":1},{"not_picked":["Recycle","Blizzard"],"picked":"Ball Lightning","floor":2},{"not_picked":["Double Energy","Rebound"],"picked":"Cold Snap","floor":3},{"not_picked":["Ball Lightning","Heatsinks"],"picked":"Doom and Gloom","floor":4},{"not_picked":["Recycle","Undo","Beam Cell"],"picked":"SKIP","floor":6},{"not_picked":["Gash","FTL"],"picked":"Compile Driver","floor":8},{"not_picked":["Doom and Gloom","Rebound"],"picked":"Core Surge","floor":10},{"not_picked":["Rebound","Compile Driver"],"picked":"Buffer","floor":13},{"not_picked":["Reboot","Rainbow"],"picked":"Hyperbeam","floor":16},{"not_picked":["Conserve Battery","Rebound"],"picked":"Coolheaded+1","floor":18},{"not_picked":["Heatsinks","Sunder","Capacitor+1"],"picked":"SKIP","floor":21},{"not_picked":["Gash","Coolheaded+1"],"picked":"Conserve Battery+1","floor":22},{"not_picked":["Capacitor","Coolheaded"],"picked":"Self Repair+1","floor":24},{"not_picked":["Scrape","BootSequence","Go for the Eyes"],"picked":"SKIP","floor":28},{"not_picked":["Buffer","Ball Lightning","Genetic Algorithm"],"picked":"SKIP","floor":29},{"not_picked":["Rebound+1","Barrage+1","White Noise"],"picked":"SKIP","floor":31}],"player_experience":616516,"relics_obtained":[{"floor":6,"key":"Regal Pillow"},{"floor":8,"key":"Peace Pipe"},{"floor":9,"key":"Kunai"},{"floor":13,"key":"MawBank"},{"floor":26,"key":"Meat on the Bone"},{"floor":28,"key":"Mercury Hourglass"}],"event_choices":[{"cards_removed":["Strike_B"],"damage_healed":0,"gold_gain":0,"player_choice":"Card Removal","damage_taken":0,"max_hp_gain":0,"max_hp_loss":0,"event_name":"The Cleric","floor":5,"gold_loss":50},{"damage_healed":18,"gold_gain":0,"player_choice":"Healed and dodged fight","damage_taken":0,"max_hp_gain":0,"max_hp_loss":0,"event_name":"Mushrooms","floor":12,"gold_loss":0,"cards_obtained":["Parasite"]},{"damage_healed":0,"gold_gain":0,"player_choice":"Copied","damage_taken":0,"max_hp_gain":0,"max_hp_loss":0,"event_name":"Duplicator","floor":19,"gold_loss":0,"cards_obtained":["Core Surge"]},{"damage_healed":0,"gold_gain":0,"player_choice":"Simplicity","damage_taken":0,"max_hp_gain":0,"max_hp_loss":0,"event_name":"Back to Basics","floor":30,"gold_loss":0,"cards_upgraded":["Defend_B","Defend_B","Defend_B","Defend_B"]}],"is_beta":false,"boss_relics":[{"not_picked":["Coffee Dripper","Ectoplasm"],"picked":"Velvet Choker"}],"items_purged_floors":[14,20],"is_endless":false,"potions_floor_spawned":[1,3,6,8,13,16,21,22,24,29],"killed_by":"Automaton","ascension_level":9}