{"gold_per_floor":[110,185,14,30,40,71,82,82,382,415,415,450,470,481,481,481],"floor_reached":16,"playtime":657,"items_purged":[],"score":244,"play_id":"77b96a33-3a46-409c-bdc2-9dea95c4fd19","local_time":"20190430184535","is_ascension_mode":true,"campfire_choices":[{"floor":8,"key":"REST"},{"floor":11,"key":"REST"},{"floor":15,"key":"REST"}],"neow_cost":"TEN_PERCENT_HP_LOSS","seed_source_timestamp":3736430247841199,"circlet_count":0,"master_deck":["AscendersBane","Defend_G","Defend_G","Defend_G","Defend_G","Defend_G","Strike_G+1","Strike_G","Strike_G","Strike_G+1","Strike_G","Survivor","Neutralize","Noxious Fumes","Backflip","Sucker Punch","PiercingWail","Leg Sweep","Terror","PiercingWail"],"relics":["Ring of the Snake","FossilizedHelix","Whetstone","Ninja Scroll","Old Coin","Nunchaku","Bottled Flame"],"potions_floor_usage":[10,10,13,16],"damage_taken":[{"damage":0,"enemies":"Cultist","floor":1,"turns":5},{"damage":0,"enemies":"Small Slimes","floor":4,"turns":4},{"damage":0,"enemies":"Jaw Worm","floor":5,"turns":3},{"damage":38,"enemies":"Lagavulin","floor":6,"turns":9},{"damage":0,"enemies":"Blue Slaver","floor":7,"turns":2},{"damage":5,"enemies":"3 Sentries","floor":10,"turns":8},{"damage":34,"enemies":"Gremlin Nob","floor":12,"turns":5},{"damage":0,"enemies":"Large Slime","floor":13,"turns":6},{"damage":1,"enemies":"Exordium Thugs","floor":14,"turns":6},{"damage":26,"enemies":"Hexaghost","floor":16,"turns":10}],"seed_played":"-7345084410810147750","potions_obtained":[{"floor":1,"key":"Strength Potion"},{"floor":5,"key":"SmokeBomb"},{"floor":6,"key":"GamblersBrew"},{"floor":12,"key":"AttackPotion"},{"floor":13,"key":"GamblersBrew"}],"is_trial":false,"path_per_floor":["M","?","$","M","M","E","M","R","T","E","R","E","M","M","R","B"],"character_chosen":"THE_SILENT","items_purchased":["Whetstone"],"campfire_rested":3,"item_purchase_floors":[3],"current_hp_per_floor":[59,48,48,48,48,10,10,28,28,23,41,7,7,6,24,0],"gold":481,"neow_bonus":"ONE_RARE_RELIC","is_prod":false,"is_daily":false,"chose_seed":false,"campfire_upgraded":0,"win_rate":0,"timestamp":1556646335,"path_taken":["M","?","$","M","M","E","M","R","T","E","R","E","M","M","R","BOSS"],"build_version":"2019-01-23","purchased_purges":0,"victory":false,"max_hp_per_floor":[60,60,60,60,60,60,60,60,60,60,60,60,60,60,60,60],"card_choices":[{"not_picked":["Accuracy","Blade Dance","Dagger Throw"],"picked":"SKIP","floor":1},{"not_picked":["Dash","Dagger Throw"],"picked":"Noxious Fumes","floor":4},{"not_picked":["Infinite Blades","Reflex","Blur"],"picked":"SKIP","floor":5},{"not_picked":["Underhanded Strike","Catalyst"],"picked":"Backflip","floor":6},{"not_picked":["Flying Knee","Accuracy"],"picked":"Sucker Punch","floor":7},{"not_picked":["Riddle With Holes","Underhanded Strike"],"picked":"PiercingWail","floor":10},{"not_picked":["Phantasmal Killer","Underhanded Strike"],"picked":"Leg Sweep","floor":12},{"not_picked":["Acrobatics","Bouncing Flask"],"picked":"Terror","floor":13},{"not_picked":["Dagger Spray","Expertise"],"picked":"PiercingWail","floor":14}],"player_experience":743631,"relics_obtained":[{"floor":6,"key":"Ninja Scroll"},{"floor":9,"key":"Old Coin"},{"floor":10,"key":"Nunchaku"},{"floor":12,"key":"Bottled Flame"}],"event_choices":[{"damage_healed":0,"gold_gain":75,"player_choice":"Gather Gold","damage_taken":11,"max_hp_gain":0,"max_hp_loss":0,"event_name":"World of Goop","floor":2,"gold_loss":0}],"is_beta":false,"boss_relics":[],"items_purged_floors":[],"is_endless":false,"potions_floor_spawned":[1,5,6,7,12,13],"killed_by":"Hexaghost","ascension_level":20}