{"gold_per_floor":[109,123,134,152,170,195,195,213,238,13,42,42,42,53,53,154,154,172,172,30,4,4,4,29,29,55,75,75,101,119,135,135,233,233,249,264,264,274,287,287,26,36,66,112,166,166,180,180,180,180],"floor_reached":51,"playtime":2233,"items_purged":["Parasite"],"score":919,"play_id":"37fac0b1-2aa9-4458-875b-302c95dd1a6d","local_time":"20180821004239","is_ascension_mode":true,"campfire_choices":[{"floor":12,"key":"REST"},{"floor":15,"key":"REST"},{"floor":23,"key":"REST"},{"floor":25,"key":"REST"},{"data":"Biased Cognition","floor":28,"key":"SMITH"},{"data":"Sunder","floor":32,"key":"SMITH"},{"floor":40,"key":"REST"},{"floor":46,"key":"DIG"},{"floor":49,"key":"DIG"}],"neow_cost":"","seed_source_timestamp":40301645327507,"circlet_count":0,"master_deck":["Strike_B","Strike_B","Strike_B","Strike_B","Defend_B","Defend_B","Defend_B","Defend_B","Zap","Dualcast","BootSequence","Beam Cell","Leap","Core Surge","Coolheaded","Bandage Up","Biased Cognition+1","Core Surge","Go for the Eyes+1","Glacier","Blizzard","Coolheaded","Necronomicurse","Machine Learning","Chill+1","Sunder+1","Beam Cell","Core Surge","Hologram+1","Conserve Battery","Hologram+1","Decay","Pain","Ball Lightning+1","Gash+1","Finesse","Mind Blast","Apotheosis"],"relics":["Cracked Core","DataDisk","Bag of Marbles","StoneCalendar","Vajra","Nuclear Battery","Necronomicon","Potion Belt","Art of War","Matryoshka","Cursed Key","Bottled Flame","Tiny Chest","Shovel","Prayer Wheel","Bronze Scales","Pen Nib","Ornamental Fan","Bottled Tornado"],"potions_floor_usage":[5,5,6,11,16,31,33,50,50,50],"damage_taken":[{"damage":1,"enemies":"Cultist","floor":1,"turns":3},{"damage":2,"enemies":"Jaw Worm","floor":2,"turns":3},{"damage":1,"enemies":"2 Louse","floor":3,"turns":3},{"damage":1,"enemies":"Exordium Wildlife","floor":4,"turns":3},{"damage":5,"enemies":"Lots of Slimes","floor":5,"turns":4},{"damage":51,"enemies":"Gremlin Nob","floor":6,"turns":6},{"damage":2,"enemies":"Looter","floor":8,"turns":3},{"damage":15,"enemies":"Lagavulin","floor":11,"turns":8},{"damage":0,"enemies":"2 Fungi Beasts","floor":14,"turns":2},{"damage":14,"enemies":"Hexaghost","floor":16,"turns":9},{"damage":25,"enemies":"3 Byrds","floor":18,"turns":6},{"damage":3,"enemies":"Gremlin Leader","floor":24,"turns":9},{"damage":5,"enemies":"Chosen","floor":27,"turns":4},{"damage":27,"enemies":"Book of Stabbing","floor":29,"turns":7},{"damage":0,"enemies":"Snecko","floor":30,"turns":7},{"damage":0,"enemies":"Cultist and Chosen","floor":31,"turns":5},{"damage":42,"enemies":"Automaton","floor":33,"turns":14},{"damage":20,"enemies":"Flame Bruiser 1 Orb","floor":35,"turns":3},{"damage":0,"enemies":"3 Shapes","floor":36,"turns":7},{"damage":0,"enemies":"3 Darklings","floor":38,"turns":6},{"damage":3,"enemies":"4 Shapes","floor":39,"turns":7},{"damage":0,"enemies":"Maw","floor":42,"turns":7},{"damage":4,"floor":44,"turns":7},{"damage":5,"enemies":"3 Darklings","floor":47,"turns":7},{"damage":7,"enemies":"Time Eater","floor":50,"turns":9}],"seed_played":"-2184233624024044762","potions_obtained":[{"floor":2,"key":"Energy Potion"},{"floor":4,"key":"Strength Potion"},{"floor":5,"key":"Fire Potion"},{"floor":6,"key":"Swift Potion"},{"floor":14,"key":"Strength Potion"},{"floor":29,"key":"Strength Potion"},{"floor":30,"key":"AttackPotion"},{"floor":31,"key":"SkillPotion"},{"floor":35,"key":"Dexterity Potion"},{"floor":39,"key":"EssenceOfSteel"}],"is_trial":false,"path_per_floor":["M","M","M","M","M","E","?","M","T","$","E","R","?","M","R","B",null,"M","?","$","$","?","R","E","R","T","M","R","E","M","M","R","B",null,"M","M","$","M","M","R","$","M","T","?","T","R","M","?","R","B"],"character_chosen":"DEFECT","items_purchased":["Coolheaded","Bandage Up","Glacier","Blizzard","Coolheaded","Bottled Flame"],"campfire_rested":5,"item_purchase_floors":[10,10,20,20,21,41],"current_hp_per_floor":[67,65,64,63,58,7,25,23,23,23,12,33,21,21,42,32,62,41,41,41,41,25,46,47,68,68,67,67,44,48,52,52,14,58,42,46,46,50,51,72,72,72,72,72,72,72,69,59,59,56],"gold":180,"neow_bonus":"","is_prod":false,"is_daily":false,"chose_seed":false,"campfire_upgraded":2,"win_rate":0,"timestamp":1534833759,"path_taken":["M","?","M","M","M","E","?","?","T","$","E","R","?","M","R","BOSS","M","?","?","$","?","R","E","R","T","M","R","E","M","M","R","BOSS","M","M","$","M","M","R","$","M","T","?","?","R","M","?","R","BOSS"],"build_version":"2018-08-16","purchased_purges":1,"victory":true,"max_hp_per_floor":[75,75,75,75,75,75,75,75,75,72,72,72,72,72,72,72,72,72,72,72,72,72,72,72,72,72,72,72,72,72,72,72,72,72,72,72,72,72,72,72,72,72,72,72,72,72,72,72,72,72],"card_choices":[{"not_picked":["Turbo","Blizzard","Barrage"],"picked":"SKIP","floor":1},{"not_picked":["Compile Driver","Hologram"],"picked":"BootSequence","floor":2},{"not_picked":["Auto Shields","Force Field","Recycle"],"picked":"SKIP","floor":3},{"not_picked":["Aggregate","Redo"],"picked":"Beam Cell","floor":4},{"not_picked":["Barrage","Stack"],"picked":"Leap","floor":5},{"not_picked":["Scrape","Reprogram","Melter"],"picked":"SKIP","floor":6},{"not_picked":["Compile Driver","Gash"],"picked":"Core Surge","floor":8},{"not_picked":["Coolheaded","Capacitor"],"picked":"Biased Cognition","floor":11},{"not_picked":["Gash","Force Field","White Noise"],"picked":"SKIP","floor":14},{"not_picked":["Thunder Strike","Amplify"],"picked":"Core Surge","floor":16},{"not_picked":["Undo","Rebound"],"picked":"Go for the Eyes+1","floor":18},{"not_picked":["Sweeping Beam","Gash","Consume"],"picked":"SKIP","floor":24},{"not_picked":["Barrage","Steam Power"],"picked":"Machine Learning","floor":27},{"not_picked":["Gash","Genetic Algorithm+1"],"picked":"Chill+1","floor":29},{"not_picked":["Fusion","Rebound"],"picked":"Sunder","floor":30},{"not_picked":["Turbo","Blizzard"],"picked":"Beam Cell","floor":31},{"not_picked":["Machine Learning","Reboot"],"picked":"Core Surge","floor":33},{"not_picked":["Reprogram","Turbo+1","Loop"],"picked":"SKIP","floor":35},{"not_picked":["Fusion","Leap","Streamline+1"],"picked":"SKIP","floor":36},{"not_picked":["BootSequence+1","Gash"],"picked":"Hologram+1","floor":38},{"not_picked":["Turbo+1","Sweeping Beam"],"picked":"Conserve Battery","floor":39},{"not_picked":["Turbo","Barrage"],"picked":"Hologram+1","floor":42},{"not_picked":["Fusion","Sweeping Beam+1"],"picked":"Ball Lightning+1","floor":47},{"not_picked":["Creative AI","Recycle+1"],"picked":"Gash+1","floor":47},{"not_picked":["Blind","Chrysalis"],"picked":"Finesse","floor":48},{"not_picked":["Master of Strategy","Apotheosis"],"picked":"Mind Blast","floor":48},{"not_picked":["Dark Shackles","Finesse"],"picked":"Apotheosis","floor":48}],"player_experience":503225,"relics_obtained":[{"floor":6,"key":"DataDisk"},{"floor":9,"key":"Bag of Marbles"},{"floor":11,"key":"StoneCalendar"},{"floor":22,"key":"Necronomicon"},{"floor":24,"key":"Potion Belt"},{"floor":26,"key":"Art of War"},{"floor":29,"key":"Matryoshka"},{"floor":43,"key":"Tiny Chest"},{"floor":43,"key":"Shovel"},{"floor":44,"key":"Prayer Wheel"},{"floor":45,"key":"Bronze Scales"},{"floor":45,"key":"Pen Nib"},{"floor":46,"key":"Ornamental Fan"},{"floor":49,"key":"Bottled Tornado"}],"event_choices":[{"event_name":"Mushrooms","player_choice":"Healed and dodged fight","floor":7,"damage_taken":0},{"event_name":"Scrap Ooze","player_choice":"success","floor":13,"damage_taken":12},{"event_name":"Drug Dealer","player_choice":"Ignored","floor":19,"damage_taken":0},{"event_name":"Cursed Tome","player_choice":"Obtained Book","floor":22,"damage_taken":0},{"event_name":"Mysterious Sphere","player_choice":"Fight","floor":44,"damage_taken":0},{"event_name":"SensoryStone","player_choice":"Memory 3","floor":48,"damage_taken":0}],"is_beta":true,"boss_relics":[{"not_picked":["Pandora\u0027s Box","Philosopher\u0027s Stone"],"picked":"Nuclear Battery"},{"not_picked":["White Beast Statue","Calling Bell"],"picked":"Cursed Key"}],"items_purged_floors":[10],"is_endless":false,"potions_floor_spawned":[2,4,5,6,14,29,30,31,35,38,39],"ascension_level":6}