{"path_per_floor":["M","?","M","M","M","R","E","M","T","M","M","E","?","M","R","B",null,"M","M","M","M","$","E","?","?","T","E","M","$","?","T","R","B",null,"M","M","M","$","?","E","?","R","T","E","M","E","$","M","R","B"],"character_chosen":"IRONCLAD","items_purchased":["Pen Nib","Art of War","Prayer Wheel","Dramatic Entrance","Uppercut","Dead Branch","Flex","Happy Flower","Blood Vial","Bottled Lightning","Shrug It Off","Heavy Blade"],"gold_per_floor":[114,114,133,152,171,171,239,258,333,352,371,409,584,603,603,728,728,747,766,785,804,260,298,248,148,148,186,205,124,374,399,399,524,524,543,562,581,230,230,268,601,601,626,656,671,701,47,62,62,62],"floor_reached":51,"campfire_rested":3,"playtime":1854,"current_hp_per_floor":[77,83,83,83,72,72,41,38,44,36,31,38,44,44,73,67,104,89,89,75,60,60,59,59,59,65,46,32,32,38,44,82,69,135,135,118,114,114,114,114,114,114,120,106,103,99,99,98,140,132],"items_purged":[],"gold":62,"score":1196,"play_id":"65612b1f-193f-4e30-8f03-2c025b373cfb","local_time":"20180323213507","daily_mods":["Allstar","Cursed Run","Insanity"],"is_prod":false,"is_daily":true,"is_ascension_mode":false,"campfire_upgraded":2,"timestamp":1521862507,"path_taken":["M","?","M","M","M","R","E","M","T","?","M","E","?","M","R","BOSS","M","M","M","?","$","E","?","?","T","E","?","$","?","?","R","BOSS","M","M","M","$","?","E","?","R","T","E","M","E","?","M","R","BOSS"],"build_version":"2018-03-22","purchased_purges":1,"victory":true,"master_deck":["Impervious","Power Through","Warcry","Warcry+1","Flame Barrier","Sever Soul","Headbutt","Shrug It Off","Flame Barrier","Impervious","Entrench","Pommel Strike","Clash","Strike_R","Sentinel","Rampage","Corruption+1","Infernal Blade","Clothesline","Seeing Red","Twin Strike","Second Wind","Iron Wave","Brutality","Bash","Disarm+1","Flame Barrier","Sever Soul","Uppercut","Bloodletting","Dual Wield","Searing Blow","Shockwave","Headbutt","Double Tap","Wild Strike","Headbutt","Rage","Armaments","Shockwave","Anger","Sever Soul","Flex","Power Through","Corruption","Rampage+1","Bludgeon","Headbutt","Uppercut","True Grit","Blind","Transmutation","Whirlwind","Injury","Perfected Strike","Flex","Feel No Pain","Headbutt","Flex","Clumsy","Ghostly Armor","Shrug It Off","Exhume","Doubt","Parasite","Demon Form","Perfected Strike","Blood for Blood","Flame Barrier+1","Dramatic Entrance","Seeing Red","J.A.X.","Parasite","Pommel Strike","Perfected Strike","Uppercut","Regret","Clumsy","Carnage","Parasite","Heavy Blade","Flex","Second Wind+1","Clumsy","Sentinel+1","Battle Trance+1","Headbutt+1","Shrug It Off","Heavy Blade","Shrug It Off+1","Clumsy"],"max_hp_per_floor":[80,86,86,86,86,86,86,86,92,92,92,92,98,98,98,104,104,104,104,104,104,104,111,111,111,117,117,117,117,123,129,129,135,135,135,135,135,135,135,135,135,135,141,141,141,141,141,141,141,147],"relics":["Cursed Key","Darkstone Periapt","Du-Vu Doll","Tiny Chest","Letter Opener","War Paint","Snecko Eye","Pen Nib","Art of War","Prayer Wheel","Strawberry","Orichalcum","Ornamental Fan","Juzu Bracelet","Sozu","Dead Branch","Bottled Tornado","Oddly Smooth Stone","Paper Frog","Gambling Chip","Happy Flower","Blood Vial","Bottled Lightning"],"card_choices":[{"not_picked":["Rupture","Sever Soul"],"picked":"Whirlwind","floor":1},{"not_picked":["Havoc","Sword Boomerang"],"picked":"Perfected Strike","floor":3},{"not_picked":["Second Wind","Headbutt"],"picked":"Flex","floor":4},{"not_picked":["Clash","Fiend Fire"],"picked":"Feel No Pain","floor":5},{"not_picked":["Cleave","Body Slam"],"picked":"Headbutt","floor":7},{"not_picked":["Ghostly Armor","Headbutt"],"picked":"Flex","floor":8},{"not_picked":["Combust","Pommel Strike"],"picked":"Ghostly Armor","floor":10},{"not_picked":["Rage","Dropkick"],"picked":"Shrug It Off","floor":11},{"not_picked":["Hemokinesis","Anger"],"picked":"Exhume","floor":12},{"not_picked":["Barricade","Brutality"],"picked":"Demon Form","floor":16},{"not_picked":["Anger","Infernal Blade"],"picked":"Perfected Strike","floor":19},{"not_picked":["Fire Breathing","Searing Blow"],"picked":"Blood for Blood","floor":20},{"not_picked":["True Grit","Hemokinesis"],"picked":"Flame Barrier","floor":21},{"not_picked":["Berserk","Pommel Strike"],"picked":"Seeing Red","floor":23},{"not_picked":["Iron Wave","Clash"],"picked":"Pommel Strike","floor":26},{"not_picked":["Clash","Dark Embrace"],"picked":"Perfected Strike","floor":27},{"not_picked":["Spot Weakness","Wild Strike"],"picked":"Carnage","floor":31},{"not_picked":["Impervious","Barricade"],"picked":"Juggernaut","floor":33},{"not_picked":["Flex","Feel No Pain"],"picked":"Heavy Blade","floor":35},{"not_picked":["Bloodletting","Wild Strike"],"picked":"Second Wind","floor":40},{"not_picked":["Uppercut","Dual Wield"],"picked":"Sentinel","floor":43},{"not_picked":["Twin Strike","Feed"],"picked":"Battle Trance","floor":44},{"not_picked":["Thunderclap","Dual Wield"],"picked":"Headbutt","floor":46},{"not_picked":["Power Through","Wild Strike"],"picked":"Shrug It Off","floor":48}],"player_experience":259286,"potions_floor_usage":[12,12,16,20,20,23,27,33],"damage_taken":[{"damage":3,"enemies":"Jaw Worm","floor":1,"turns":2},{"damage":0,"enemies":"2 Louse","floor":3,"turns":1},{"damage":0,"enemies":"Small Slimes","floor":4,"turns":3},{"damage":11,"enemies":"Gremlin Gang","floor":5,"turns":4},{"damage":31,"enemies":"Lagavulin","floor":7,"turns":4},{"damage":3,"enemies":"3 Louse","floor":8,"turns":2},{"damage":8,"enemies":"Exordium Wildlife","floor":10,"turns":2},{"damage":5,"enemies":"Lots of Slimes","floor":11,"turns":3},{"damage":2,"enemies":"Gremlin Nob","floor":12,"turns":4},{"damage":0,"enemies":"Large Slime","floor":14,"turns":4},{"damage":12,"enemies":"The Guardian","floor":16,"turns":7},{"damage":15,"enemies":"2 Thieves","floor":18,"turns":2},{"damage":0,"enemies":"Spheric Guardian","floor":19,"turns":1},{"damage":14,"enemies":"Slaver and Parasite","floor":20,"turns":3},{"damage":15,"enemies":"Snecko","floor":21,"turns":3},{"damage":8,"enemies":"Book of Stabbing","floor":23,"turns":3},{"damage":19,"enemies":"Slavers","floor":27,"turns":4},{"damage":14,"enemies":"Chosen and Byrds","floor":28,"turns":3},{"damage":19,"enemies":"Champ","floor":33,"turns":6},{"damage":0,"enemies":"3 Shapes","floor":35,"turns":4},{"damage":17,"enemies":"3 Darklings","floor":36,"turns":3},{"damage":4,"enemies":"4 Shapes","floor":37,"turns":2},{"damage":0,"enemies":"Giant Head","floor":40,"turns":4},{"damage":14,"enemies":"2 Orb Walkers","floor":44,"turns":3},{"damage":3,"enemies":"Maw","floor":45,"turns":1},{"damage":4,"enemies":"Giant Head","floor":46,"turns":2},{"damage":3,"enemies":"3 Darklings","floor":48,"turns":1},{"damage":15,"enemies":"Awakened One","floor":50,"turns":3}],"event_choices":[{"event_name":"Golden Idol","player_choice":"Take Wound","floor":2,"damage_taken":0},{"event_name":"Liars Game","player_choice":"agreed","floor":13,"damage_taken":0},{"event_name":"The Joust","player_choice":"Bet on Murderer","floor":24,"damage_taken":0},{"event_name":"Drug Dealer","player_choice":"Got JAXXED","floor":25,"damage_taken":0},{"event_name":"Golden Shrine","player_choice":"Desecrate","floor":30,"damage_taken":0},{"event_name":"The Moai Head","player_choice":"Gave Idol","floor":41,"damage_taken":0}],"boss_relics":[{"not_picked":["Runic Cube","Philosopher\u0027s Stone"],"picked":"Snecko Eye"},{"not_picked":["Runic Pyramid","Black Star"],"picked":"Sozu"}],"potions_floor_spawned":[3,5,7,14,16,19,21,28,35,36,45,48],"seed_played":"-8935585720801490496","ascension_level":0,"is_trial":false}