{"gold_per_floor":[119,21,21,35,35,35,55,55,55,90,90,4,23,41,41,115,115,130,80,99,13,28,57,57,69,142,156,156,166,266,266],"floor_reached":31,"playtime":1234,"items_purged":[],"score":488,"play_id":"fef80f9b-762b-43bb-b97c-eae37fb8e46f","local_time":"20190201233005","is_ascension_mode":true,"campfire_choices":[{"data":"Wild Strike","floor":6,"key":"SMITH"},{"data":"Hemokinesis","floor":8,"key":"SMITH"},{"data":"Evolve","floor":15,"key":"SMITH"},{"floor":24,"key":"REST"},{"floor":28,"key":"REST"}],"neow_cost":"NONE","seed_source_timestamp":104906400888622,"circlet_count":0,"master_deck":["AscendersBane","Strike_R","Strike_R+1","Strike_R","Strike_R","Strike_R","Defend_R+1","Defend_R","Defend_R","Defend_R","Bash","Wild Strike","Battle Trance","Finesse","Wild Strike+1","Hemokinesis+1","Ghostly Armor","Evolve+1","Fiend Fire","Impervious","Feel No Pain","Power Through"],"relics":["Burning Blood","Sundial","Matryoshka","Singing Bowl","Sozu","Self Forming Clay","Pantograph","The Courier","Girya","Bottled Tornado"],"potions_floor_usage":[16,16,23],"damage_taken":[{"damage":2,"enemies":"Small Slimes","floor":1,"turns":4},{"damage":7,"enemies":"Jaw Worm","floor":4,"turns":3},{"damage":0,"enemies":"2 Louse","floor":7,"turns":2},{"damage":22,"enemies":"3 Sentries","floor":10,"turns":8},{"damage":5,"enemies":"Blue Slaver","floor":13,"turns":3},{"damage":14,"enemies":"Gremlin Gang","floor":14,"turns":5},{"damage":28,"enemies":"Hexaghost","floor":16,"turns":8},{"damage":23,"enemies":"2 Thieves","floor":18,"turns":4},{"damage":19,"enemies":"3 Byrds","floor":20,"turns":5},{"damage":20,"enemies":"Centurion and Healer","floor":22,"turns":8},{"damage":40,"enemies":"Slavers","floor":23,"turns":5},{"damage":4,"enemies":"Snecko","floor":25,"turns":3},{"damage":16,"enemies":"Snake Plant","floor":27,"turns":3},{"damage":16,"enemies":"Shelled Parasite and Fungi","floor":29,"turns":5},{"damage":14,"enemies":"Colosseum Slavers","floor":30,"turns":6},{"damage":31,"enemies":"Colosseum Nobs","floor":30,"turns":7},{"damage":26,"enemies":"Gremlin Leader","floor":31,"turns":2}],"seed_played":"521010908155488641","potions_obtained":[{"floor":7,"key":"LiquidBronze"},{"floor":10,"key":"GamblersBrew"},{"floor":13,"key":"SkillPotion"},{"floor":16,"key":"Regen Potion"}],"is_trial":false,"path_per_floor":["M","$","?","M","T","R","M","R","T","E","?","$","M","M","R","B",null,"M","?","M","$","M","E","R","M","T","M","R","M","?","E"],"character_chosen":"IRONCLAD","items_purchased":["Finesse","Ghostly Armor","Impervious"],"campfire_rested":2,"item_purchase_floors":[2,12,21],"current_hp_per_floor":[72,72,72,71,71,71,75,75,75,61,66,66,69,61,61,39,73,58,58,47,47,35,17,44,48,48,38,66,56,25,0],"gold":266,"neow_bonus":"THREE_CARDS","is_prod":false,"is_daily":false,"chose_seed":false,"campfire_upgraded":3,"win_rate":0,"timestamp":1549063805,"path_taken":["M","$","?","M","?","R","M","R","T","E","?","?","?","M","R","BOSS","M","?","M","$","M","E","R","M","T","M","R","?","?","E"],"build_version":"2019-01-23","purchased_purges":0,"victory":false,"max_hp_per_floor":[75,75,75,75,75,75,75,75,75,77,82,82,84,84,84,84,84,86,86,88,88,90,92,92,94,94,94,94,94,96,96],"card_choices":[{"not_picked":["Headbutt","Flex"],"picked":"Wild Strike","floor":0},{"not_picked":["Pommel Strike","Searing Blow"],"picked":"Battle Trance","floor":1},{"not_picked":["Clash","Entrench"],"picked":"Wild Strike","floor":4},{"not_picked":["Battle Trance","Heavy Blade"],"picked":"Hemokinesis","floor":7},{"not_picked":["Body Slam","Dual Wield","Spot Weakness"],"picked":"Singing Bowl","floor":10},{"not_picked":["Sword Boomerang","Pummel","Entrench"],"picked":"Singing Bowl","floor":13},{"not_picked":["Shrug It Off","Warcry"],"picked":"Evolve","floor":14},{"not_picked":["Demon Form","Brutality"],"picked":"Fiend Fire","floor":16},{"not_picked":["Iron Wave","Clothesline","Flame Barrier"],"picked":"Singing Bowl","floor":18},{"not_picked":["Infernal Blade+1","Perfected Strike","Anger"],"picked":"Singing Bowl","floor":20},{"not_picked":["Heavy Blade","Sentinel","Evolve"],"picked":"Singing Bowl","floor":22},{"not_picked":["Anger","Wild Strike","Uppercut"],"picked":"Singing Bowl","floor":23},{"not_picked":["Wild Strike","Iron Wave","Searing Blow"],"picked":"Singing Bowl","floor":25},{"not_picked":["Clothesline","Headbutt"],"picked":"Feel No Pain","floor":27},{"not_picked":["Bloodletting","Fire Breathing"],"picked":"Power Through","floor":29},{"not_picked":["Cleave+1","Wild Strike","Searing Blow"],"picked":"Singing Bowl","floor":30}],"player_experience":515980,"relics_obtained":[{"floor":5,"key":"Sundial"},{"floor":9,"key":"Matryoshka"},{"floor":10,"key":"Singing Bowl"},{"floor":23,"key":"Self Forming Clay"},{"floor":26,"key":"Pantograph"},{"floor":26,"key":"The Courier"},{"floor":30,"key":"Girya"},{"floor":30,"key":"Bottled Tornado"}],"event_choices":[{"damage_healed":0,"gold_gain":0,"player_choice":"Leave","damage_taken":0,"max_hp_gain":0,"max_hp_loss":0,"event_name":"The Cleric","floor":3,"gold_loss":0},{"damage_healed":0,"gold_gain":0,"player_choice":"Donut","damage_taken":0,"max_hp_gain":5,"max_hp_loss":0,"event_name":"Big Fish","floor":11,"gold_loss":0},{"damage_healed":0,"gold_gain":0,"player_choice":"Upgraded Two","damage_taken":0,"max_hp_gain":0,"max_hp_loss":0,"event_name":"Designer","floor":19,"gold_loss":50,"cards_upgraded":["Strike_R","Defend_R"]},{"damage_healed":0,"gold_gain":0,"player_choice":"Fight","damage_taken":0,"max_hp_gain":0,"max_hp_loss":0,"event_name":"Colosseum","floor":30,"gold_loss":0},{"damage_healed":0,"gold_gain":0,"player_choice":"Fought Nobs","damage_taken":0,"max_hp_gain":0,"max_hp_loss":0,"event_name":"Colosseum","floor":30,"gold_loss":0}],"is_beta":false,"boss_relics":[{"not_picked":["Runic Dome","White Beast Statue"],"picked":"Sozu"}],"items_purged_floors":[],"is_endless":false,"potions_floor_spawned":[7,10,13,16,23,25,27,29,30],"killed_by":"Gremlin Leader","ascension_level":16}