{"path_per_floor":["M","?","M","?","M","E","R","M","T","M","?","M","?","M","R","B",null,"M","M","$","?","?","R","M","?","T","$","M","M","R"],"character_chosen":"IRONCLAD","items_purchased":["Oddly Smooth Stone","Infernal Blade","Flame Barrier"],"gold_per_floor":[0,0,14,14,24,52,52,68,68,88,88,113,113,131,131,252,252,270,288,39,39,39,39,56,56,56,56,74,85,85],"floor_reached":31,"campfire_rested":4,"playtime":2081,"current_hp_per_floor":[96,101,99,99,94,35,65,58,58,42,42,48,48,47,75,73,96,59,47,47,47,47,75,78,62,62,62,41,39,67],"items_purged":[],"gold":85,"play_id":"0ea8219c-7cb2-4b88-af73-0c13930fa29b","is_prod":false,"is_daily":false,"campfire_rituals":0,"campfire_upgraded":0,"is_hardmode":false,"path_taken":["M","?","M","?","M","E","R","M","T","M","?","?","?","?","R","BOSS","M","M","$","?","?","R","M","?","T","$","M","M","R","M"],"build_version":"2017-12-21-PROD1","purchased_purges":0,"victory":false,"master_deck":["Strike_R","Strike_R","Strike_R","Strike_R","Strike_R","Defend_R","Defend_R","Defend_R","Defend_R","Bash","Barricade","Flex","Body Slam","Anger","Twin Strike","Uppercut","Thunderclap","Demon Form","Hemokinesis","Infernal Blade","Infernal Blade","Flame Barrier","Heavy Blade","Inflame","Inflame","Sword Boomerang"],"max_hp_per_floor":[96,101,101,101,101,101,101,101,101,101,96,96,96,96,96,96,96,96,96,96,96,96,96,96,96,96,96,96,96,96],"relics":["Burning Blood","Toxic Egg","Ornamental Fan","Bloody Idol","Sozu","Oddly Smooth Stone","Nilry\u0027s Codex","Calipers"],"campfire_meditates":0,"card_choices":[{"not_picked":["Dual Wield","Pommel Strike"],"picked":"Barricade"},{"not_picked":["True Grit","Twin Strike"],"picked":"Flex"},{"not_picked":["Armaments","Cleave"],"picked":"Body Slam"},{"not_picked":["Infernal Blade","Heavy Blade"],"picked":"Anger"},{"not_picked":["Hemokinesis","Flex"],"picked":"Twin Strike"},{"not_picked":["Infernal Blade","Reckless Charge"],"picked":"Uppercut"},{"not_picked":["Perfected Strike","True Grit"],"picked":"Thunderclap"},{"not_picked":["Offering","Reaper"],"picked":"Demon Form"},{"not_picked":["Feel No Pain","Wild Strike"],"picked":"Hemokinesis"},{"not_picked":["Armaments","Clothesline"],"picked":"Infernal Blade"},{"not_picked":["Dual Wield","True Grit"],"picked":"Inflame"},{"not_picked":["Twin Strike","Battle Trance"],"picked":"Inflame"},{"not_picked":["Wild Strike","Juggernaut"],"picked":"Sword Boomerang"}],"player_experience":25230,"potions_floor_usage":[10,16,16,16],"damage_taken":[{"damage":5,"enemies":"Looter","floor":1,"turns":4},{"damage":8,"enemies":"Jaw Worm","floor":3,"turns":8},{"damage":11,"enemies":"Blue Slaver","floor":5,"turns":4},{"damage":65,"enemies":"Lagavulin","floor":6,"turns":13},{"damage":13,"enemies":"Exordium Wildlife","floor":8,"turns":5},{"damage":22,"enemies":"Exordium Thugs","floor":10,"turns":8},{"damage":0,"enemies":"Large Slime","floor":12,"turns":5},{"damage":7,"enemies":"3 Louse","floor":14,"turns":3},{"damage":23,"enemies":"The Guardian","floor":16,"turns":10},{"damage":43,"enemies":"3 Byrds","floor":18,"turns":6},{"damage":18,"enemies":"Chosen","floor":19,"turns":4},{"damage":8,"enemies":"3 Cultists","floor":24,"turns":5},{"damage":32,"enemies":"Centurion and Healer","floor":28,"turns":3},{"damage":13,"enemies":"Snake Plant","floor":29,"turns":3},{"damage":68,"enemies":"Slaver and Parasite","floor":31,"turns":5}],"event_choices":[{"event_name":"Big Fish","player_choice":"Donut","floor":2,"damage_taken":0},{"event_name":"The Cleric","player_choice":"Leave","floor":4,"damage_taken":0},{"event_name":"Golden Idol","player_choice":"Lose Max HP","floor":11,"damage_taken":0},{"event_name":"The Lab","player_choice":"Got Potions","floor":13,"damage_taken":0},{"event_name":"The Library","player_choice":"Read","floor":21,"damage_taken":0},{"event_name":"Forgotten Altar","player_choice":"Gave Idol","floor":22,"damage_taken":0},{"event_name":"Cursed Tome","player_choice":"Obtained Book","floor":25,"damage_taken":0}],"boss_relics":[{"not_picked":["White Beast Statue","Eternal Feather"],"picked":"Sozu"}],"potions_floor_spawned":[3,8,10,12,19,29],"seed_played":"8131821696740825639","killed_by":"Slaver and Parasite","is_trial":false}