{"gold_per_floor":[112,132,152,327,342,370,386,386,386,454,181,199,230,241,241,337,337,356,304,304,316,192,227,246,171,171,171,197,197,208,208,208,303,353,373,386,399,413,269,303,303,319,319,319,10,10,10,39,39,39],"floor_reached":50,"playtime":2282,"items_purged":["Doubt","Defend_B"],"score":782,"play_id":"124a039b-d5be-420a-9a4a-9bdbef7f6961","local_time":"20180819135008","is_ascension_mode":true,"campfire_choices":[{"floor":8.0,"key":"REST"},{"floor":15.0,"key":"REST"},{"floor":29,"key":"REST"},{"floor":32,"key":"REST"},{"floor":41,"key":"REST"},{"floor":49,"key":"REST"}],"neow_cost":"NONE","seed_source_timestamp":0,"circlet_count":0,"master_deck":["Strike_B","Strike_B","Strike_B+1","Strike_B","Defend_B","Defend_B+1","Zap","Dualcast","Go for the Eyes","Ball Lightning+1","Steam+1","Conserve Battery","Seek","Ball Lightning","Conserve Battery","Buffer","Core Surge","BootSequence","Conserve Battery","Electrodynamics","Coolheaded","Conserve Battery+1","Conserve Battery","Cold Snap","Conserve Battery","Beam Cell","RitualDagger","Core Surge","Leap","Echo Form","Conserve Battery","Defragment","FTL","Doubt"],"special_seed":0,"relics":["Cracked Core","Juzu Bracelet","Whetstone","Bird Faced Urn","Torii","Busted Crown","Ice Cream","War Paint","Letter Opener","Tiny House","Bronze Scales","Potion Belt","Singing Bowl","Bag of Marbles","Orichalcum"],"potions_floor_usage":[16,16,16,21,28,35,46,50,50],"damage_taken":[{"damage":0.0,"enemies":"Small Slimes","floor":1.0,"turns":2.0},{"damage":4.0,"enemies":"Jaw Worm","floor":2.0,"turns":3.0},{"damage":0.0,"enemies":"Cultist","floor":3.0,"turns":3.0},{"damage":4.0,"enemies":"Red Slaver","floor":5.0,"turns":3.0},{"damage":35.0,"enemies":"Gremlin Nob","floor":6.0,"turns":5.0},{"damage":6.0,"enemies":"Looter","floor":7.0,"turns":3.0},{"damage":6.0,"enemies":"Exordium Wildlife","floor":12.0,"turns":4.0},{"damage":1.0,"enemies":"3 Sentries","floor":13.0,"turns":5.0},{"damage":0.0,"enemies":"3 Louse","floor":14.0,"turns":3.0},{"damage":16,"enemies":"The Guardian","floor":16,"turns":11},{"damage":1,"enemies":"Spheric Guardian","floor":18,"turns":3},{"damage":0,"enemies":"3 Byrds","floor":21,"turns":3},{"damage":21,"enemies":"Book of Stabbing","floor":23,"turns":7},{"damage":0,"enemies":"Snecko","floor":24,"turns":4},{"damage":36,"enemies":"Gremlin Leader","floor":28,"turns":6},{"damage":7,"enemies":"Centurion and Healer","floor":30,"turns":4},{"damage":48,"enemies":"Collector","floor":33,"turns":11},{"damage":0,"enemies":"Flame Bruiser 1 Orb","floor":35,"turns":5},{"damage":1,"enemies":"3 Shapes","floor":36,"turns":5},{"damage":11,"enemies":"3 Darklings","floor":37,"turns":5},{"damage":9,"enemies":"Jaw Worm Horde","floor":38,"turns":4},{"damage":36,"enemies":"Nemesis","floor":40,"turns":8},{"damage":20,"enemies":"Transient","floor":42,"turns":5},{"damage":0,"enemies":"Giant Head","floor":46,"turns":7},{"damage":23,"enemies":"Nemesis","floor":48,"turns":7},{"damage":93,"enemies":"Time Eater","floor":50,"turns":12}],"seed_played":"-5924131628663739170","potions_obtained":[{"floor":2.0,"key":"EssenceOfSteel"},{"floor":6.0,"key":"FearPotion"},{"floor":7.0,"key":"Dexterity Potion"},{"floor":12.0,"key":"Dexterity Potion"},{"floor":13.0,"key":"Weak Potion"},{"floor":18,"key":"Fire Potion"},{"floor":24,"key":"AttackPotion"},{"floor":33,"key":"Swift Potion"},{"floor":34,"key":"Ancient Potion"},{"floor":38,"key":"SmokeBomb"},{"floor":40,"key":"FocusPotion"}],"is_trial":false,"path_per_floor":["M","M","M","?","M","E","M","R","T","?","$","M","E","M","R","B",null,"M","$","?","M","$","E","M","?","T","?","E","R","M","?","R","B",null,"M","M","M","M","$","E","R","M","T","?","$","E","?","E","R"],"character_chosen":"DEFECT","items_purchased":["Conserve Battery","Buffer","Conserve Battery","Conserve Battery","Bronze Scales","Bag of Marbles","Defragment","FTL"],"campfire_rested":6,"item_purchase_floors":[11,11,19,22,39,45,45,45],"current_hp_per_floor":[68,64,64,64,60,25,19,41,41,41,41,35,34,34,56,42,67,68,68,68,70,70,53,57,57,57,57,25,47,44,38,60,16,65,69,72,63,56,56,22,46,34,34,34,34,46,80,60,82,0],"gold":39,"neow_bonus":"RANDOM_COMMON_RELIC","is_prod":false,"is_daily":false,"chose_seed":false,"campfire_upgraded":0,"win_rate":0,"timestamp":1534708208,"path_taken":["M","M","M","?","M","E","M","R","T","?","$","M","E","M","R","BOSS","M","$","?","M","$","E","M","?","T","?","E","R","M","?","R","BOSS","M","M","M","M","$","E","R","M","T","?","$","E","?","E","R","BOSS"],"build_version":"2018-08-16","purchased_purges":2,"victory":false,"max_hp_per_floor":[75,75,75,75,75,75,75,75,75,75,75,75,75,75,75,75,75,75,75,75,75,75,75,75,75,75,75,75,75,75,75,75,75,80,80,80,80,80,80,80,80,80,80,80,80,80,80,82,82,82],"card_choices":[{"not_picked":["Stack","Gash"],"picked":"Go for the Eyes","floor":1.0},{"not_picked":["Self Repair","Doom and Gloom"],"picked":"Ball Lightning","floor":2.0},{"not_picked":["Self Repair","Hello World"],"picked":"Steam","floor":3.0},{"not_picked":["Redo","Go for the Eyes"],"picked":"Conserve Battery","floor":5.0},{"not_picked":["Self Repair","Hello World"],"picked":"Seek","floor":6.0},{"not_picked":["Aggregate","Stack"],"picked":"Ball Lightning","floor":7.0},{"not_picked":["Compile Driver","Leap"],"picked":"Core Surge","floor":12.0},{"not_picked":["Stack","Rebound"],"picked":"BootSequence","floor":13.0},{"not_picked":["Capacitor","Streamline"],"picked":"Conserve Battery","floor":14.0},{"not_picked":["Hyperbeam","Seek"],"picked":"Electrodynamics","floor":16},{"not_picked":[],"picked":"Coolheaded","floor":18},{"not_picked":["Recycle"],"picked":"SKIP","floor":21},{"not_picked":[],"picked":"Cold Snap","floor":23},{"not_picked":[],"picked":"Conserve Battery","floor":24},{"not_picked":[],"picked":"Beam Cell","floor":28},{"not_picked":["Redo"],"picked":"SKIP","floor":30},{"not_picked":[],"picked":"Core Surge","floor":33},{"not_picked":[],"picked":"Leap","floor":35},{"not_picked":["Go for the Eyes"],"picked":"SKIP","floor":36},{"not_picked":["Compile Driver"],"picked":"SKIP","floor":37},{"not_picked":["Gash+1"],"picked":"SKIP","floor":38},{"not_picked":[],"picked":"Echo Form","floor":40},{"not_picked":[],"picked":"Conserve Battery","floor":42},{"not_picked":["Conserve Battery"],"picked":"Singing Bowl","floor":48}],"player_experience":495352,"relics_obtained":[{"floor":6.0,"key":"Whetstone"},{"floor":9.0,"key":"Bird Faced Urn"},{"floor":13.0,"key":"Torii"},{"floor":23,"key":"Ice Cream"},{"floor":26,"key":"War Paint"},{"floor":28,"key":"Letter Opener"},{"floor":40,"key":"Potion Belt"},{"floor":43,"key":"Singing Bowl"},{"floor":48,"key":"Orichalcum"}],"event_choices":[{"event_name":"Liars Game","player_choice":"agreed","floor":4.0,"damage_taken":0.0},{"event_name":"Golden Wing","player_choice":"Gained Gold","floor":10.0,"damage_taken":0.0},{"event_name":"Vampires","player_choice":"Ignored","floor":20,"damage_taken":0},{"event_name":"Beggar","player_choice":"Gave Gold","floor":25,"damage_taken":0},{"event_name":"Ghosts","player_choice":"Ignored","floor":27,"damage_taken":0},{"event_name":"Nest","player_choice":"Joined the Cult","floor":31,"damage_taken":0},{"event_name":"Tomb of Lord Red Mask","player_choice":"Ignored","floor":44,"damage_taken":0},{"event_name":"MindBloom","player_choice":"Heal","floor":47,"damage_taken":0}],"is_beta":true,"boss_relics":[{"not_picked":["Velvet Choker","FrozenCore"],"picked":"Busted Crown"},{"not_picked":["Black Star","Astrolabe"],"picked":"Tiny House"}],"items_purged_floors":[11,22],"is_endless":false,"potions_floor_spawned":[2,6,7,12,13,18,24,33,38,40,46],"killed_by":"Time Eater","ascension_level":6}