{"gold_per_floor":[118,43,43,54,72,98,110,140,140,175,175],"floor_reached":11,"playtime":944,"items_purged":["Defend_G"],"score":130,"play_id":"586078c6-fad2-4e68-91c7-a6a3165e06b0","local_time":"20180817222452","is_ascension_mode":true,"campfire_choices":[],"neow_cost":"NONE","seed_source_timestamp":84005687442910,"circlet_count":0,"master_deck":["Defend_G","Defend_G","Defend_G","Defend_G","Strike_G","Strike_G","Strike_G","Strike_G","Strike_G","Survivor","Neutralize","Terror","Leg Sweep","Venomology","Die Die Die+1"],"relics":["Ring of the Snake","Orichalcum","Blue Candle","Centennial Puzzle","Molten Egg 2","Potion Belt","Ornamental Fan"],"potions_floor_usage":[6,8,10,10,11],"damage_taken":[{"damage":2,"enemies":"Jaw Worm","floor":1,"turns":5},{"damage":2,"enemies":"Small Slimes","floor":4,"turns":5},{"damage":0,"enemies":"Cultist","floor":5,"turns":3},{"damage":19,"enemies":"Gremlin Nob","floor":6,"turns":5},{"damage":5,"enemies":"Looter","floor":7,"turns":3},{"damage":19,"enemies":"Lagavulin","floor":8,"turns":10},{"damage":0,"enemies":"3 Sentries","floor":10,"turns":6},{"damage":14,"enemies":"Gremlin Gang","floor":11,"turns":1}],"seed_played":"-4404658370936431360","potions_obtained":[{"floor":5,"key":"Swift Potion"},{"floor":6,"key":"EssenceOfSteel"},{"floor":10,"key":"Poison Potion"}],"is_trial":false,"path_per_floor":["M","$","?","M","M","E","M","E","T","E"],"character_chosen":"THE_SILENT","items_purchased":[],"campfire_rested":0,"item_purchase_floors":[],"current_hp_per_floor":[68,68,56,54,54,35,30,11,11,11,0],"gold":175,"neow_bonus":"RANDOM_COMMON_RELIC","is_prod":false,"is_daily":false,"chose_seed":false,"campfire_upgraded":0,"win_rate":0,"timestamp":1534515892,"path_taken":["M","$","?","M","M","E","M","E","T","E","?"],"build_version":"2018-08-16","purchased_purges":1,"victory":false,"max_hp_per_floor":[70,70,70,70,70,70,70,70,70,70,70],"card_choices":[{"not_picked":["Flying Knee","Outmaneuver"],"picked":"Terror","floor":1},{"not_picked":["Outmaneuver","Concentrate","Slice"],"picked":"SKIP","floor":4},{"not_picked":["Outmaneuver","Concentrate","Slice"],"picked":"SKIP","floor":4},{"not_picked":["Dodge and Roll","Slice"],"picked":"Leg Sweep","floor":5},{"not_picked":["Terror","Deadly Poison"],"picked":"Venomology","floor":6},{"not_picked":["Quick Slash","Sucker Punch","Slice"],"picked":"SKIP","floor":7},{"not_picked":["Flying Knee","Quick Slash"],"picked":"Die Die Die","floor":8},{"not_picked":["Backflip","Deflect","Choke+1"],"picked":"SKIP","floor":10}],"player_experience":274177,"relics_obtained":[{"floor":6,"key":"Centennial Puzzle"},{"floor":8,"key":"Molten Egg 2"},{"floor":9,"key":"Potion Belt"},{"floor":10,"key":"Ornamental Fan"}],"event_choices":[{"event_name":"Scrap Ooze","player_choice":"success","floor":3,"damage_taken":12}],"is_beta":false,"boss_relics":[],"items_purged_floors":[2],"is_endless":false,"potions_floor_spawned":[5,6,10],"killed_by":"Gremlin Gang","ascension_level":2}