{"gold_per_floor":[114,9,27,27,45,76,76,102,128,128,154,171,200,275,275,349,349,369,384,399,14,30,30,40,40,118,118,128,142,158,158,158,236,236,251,43,54,54,54,54,72,72,72,91,91,109,119,130,130,130],"floor_reached":51,"playtime":1897,"items_purged":[],"score":1565,"play_id":"96de57a9-0dff-4a5e-95a5-d2eb24dc40c6","local_time":"20190426191406","is_ascension_mode":true,"campfire_choices":[{"floor":10,"key":"REST"},{"data":"Defragment","floor":15,"key":"SMITH"},{"data":"Defragment","floor":23,"key":"SMITH"},{"data":"Biased Cognition","floor":25,"key":"SMITH"},{"data":"Defragment","floor":32,"key":"SMITH"},{"data":"Defragment","floor":40,"key":"SMITH"},{"data":"Coolheaded","floor":45,"key":"SMITH"},{"data":"Coolheaded","floor":49,"key":"SMITH"}],"neow_cost":"TEN_PERCENT_HP_LOSS","seed_source_timestamp":2926648987668121,"circlet_count":0,"master_deck":["AscendersBane","Strike_B","Strike_B","Strike_B","Strike_B","Defend_B","Defend_B","Defend_B","Defend_B","Zap","Dualcast","Cold Snap","Loop","Conserve Battery","Coolheaded+1","Defragment+1","Cold Snap","Cold Snap","Coolheaded+1","Conserve Battery","Biased Cognition+1","Hologram+1","Defragment+1","Capacitor","Force Field","Self Repair","Core Surge","Defragment+1","White Noise","Auto Shields","Defragment+1","Electrodynamics","BootSequence+1","Defragment+1","Glacier","Cold Snap","Core Surge","Blizzard+1","Cold Snap+1","Glacier","Undo+1"],"relics":["Cracked Core","StoneCalendar","Orichalcum","Regal Pillow","Omamori","Du-Vu Doll","Prayer Wheel","Runic Dome","Runic Capacitor","Oddly Smooth Stone","Dodecahedron","Lizard Tail","Incense Burner"],"potions_floor_usage":[13,16,33,50,50],"damage_taken":[{"damage":1,"enemies":"Cultist","floor":1,"turns":3},{"damage":5,"enemies":"Small Slimes","floor":3,"turns":4},{"damage":1,"enemies":"2 Louse","floor":5,"turns":2},{"damage":11,"enemies":"Lagavulin","floor":6,"turns":7},{"damage":15,"enemies":"3 Sentries","floor":8,"turns":7},{"damage":2,"enemies":"Lagavulin","floor":11,"turns":7},{"damage":0,"enemies":"Looter","floor":12,"turns":4},{"damage":0,"enemies":"3 Sentries","floor":13,"turns":7},{"damage":19,"enemies":"Hexaghost","floor":16,"turns":13},{"damage":0,"enemies":"3 Byrds","floor":18,"turns":6},{"damage":11,"enemies":"Shell Parasite","floor":19,"turns":7},{"damage":3,"enemies":"Sentry and Sphere","floor":20,"turns":7},{"damage":18,"enemies":"Snecko","floor":22,"turns":6},{"damage":0,"enemies":"Chosen and Byrds","floor":24,"turns":7},{"damage":0,"enemies":"Cultist and Chosen","floor":28,"turns":7},{"damage":2,"enemies":"3 Cultists","floor":29,"turns":7},{"damage":2,"enemies":"Sentry and Sphere","floor":30,"turns":6},{"damage":0,"enemies":"Champ","floor":33,"turns":9},{"damage":7,"enemies":"Orb Walker","floor":35,"turns":4},{"damage":54,"enemies":"3 Shapes","floor":37,"turns":5},{"damage":0,"enemies":"Writhing Mass","floor":41,"turns":7},{"damage":0,"enemies":"3 Darklings","floor":44,"turns":2},{"damage":0,"enemies":"Maw","floor":46,"turns":6},{"damage":4,"enemies":"Spire Growth","floor":47,"turns":7},{"damage":9,"enemies":"4 Shapes","floor":48,"turns":4},{"damage":0,"enemies":"Donu and Deca","floor":50,"turns":9}],"seed_played":"2717395796548923046","potions_obtained":[{"floor":3,"key":"SkillPotion"},{"floor":5,"key":"GamblersBrew"},{"floor":12,"key":"Regen Potion"},{"floor":18,"key":"SpeedPotion"},{"floor":22,"key":"Energy Potion"},{"floor":30,"key":"FocusPotion"},{"floor":33,"key":"Swift Potion"},{"floor":41,"key":"PowerPotion"}],"is_trial":false,"path_per_floor":["M","$","M","$","M","E","?","E","T","R","E","M","E","?","R","B",null,"M","M","M","$","M","R","M","R","T","?","M","M","M","?","R","B",null,"M","$","M","?","$","R","M","$","T","M","R","M","M","M","R","B",null],"character_chosen":"DEFECT","items_purchased":["Loop","Conserve Battery","Runic Capacitor","Oddly Smooth Stone","Defragment","Glacier","FocusPotion"],"campfire_rested":1,"item_purchase_floors":[2,2,21,21,36,36,36],"current_hp_per_floor":[63,63,58,58,57,46,46,31,31,64,62,62,62,51,51,47,60,60,49,46,46,28,28,35,35,35,35,42,47,45,45,45,52,61,61,61,14,52,52,52,52,52,52,52,52,52,52,50,50,52],"gold":130,"neow_bonus":"ONE_RARE_RELIC","is_prod":false,"is_daily":false,"chose_seed":false,"campfire_upgraded":7,"win_rate":0,"timestamp":1556302446,"path_taken":["M","$","M","?","M","E","?","E","T","R","E","M","E","?","R","BOSS","M","M","M","$","M","R","M","R","T","?","M","M","?","?","R","BOSS","M","$","M","?","$","R","M","$","T","M","R","M","M","M","R","BOSS"],"build_version":"2019-01-23","purchased_purges":0,"victory":true,"max_hp_per_floor":[64,64,64,64,64,64,64,64,64,64,64,64,64,64,64,64,64,64,64,64,64,64,64,64,64,64,64,64,64,64,64,64,64,64,64,64,64,52,52,52,52,52,52,52,52,52,52,52,52,52],"card_choices":[{"not_picked":["Conserve Battery","Ball Lightning"],"picked":"Cold Snap","floor":1},{"not_picked":["Redo","Leap"],"picked":"Coolheaded","floor":3},{"not_picked":["Coolheaded","Amplify"],"picked":"Defragment","floor":5},{"not_picked":["Sweeping Beam","Chill"],"picked":"Cold Snap","floor":6},{"not_picked":["Thunder Strike","Steam"],"picked":"Cold Snap","floor":8},{"not_picked":["Double Energy","Turbo"],"picked":"Coolheaded","floor":11},{"not_picked":["Beam Cell","Steam","Hologram"],"picked":"SKIP","floor":12},{"not_picked":["Beam Cell","Steam","Hologram"],"picked":"SKIP","floor":12},{"not_picked":["Sweeping Beam","BootSequence"],"picked":"Conserve Battery","floor":13},{"not_picked":["Fission","Amplify"],"picked":"Biased Cognition","floor":16},{"not_picked":["Streamline","Gash"],"picked":"Hologram+1","floor":18},{"not_picked":["Stack","Go for the Eyes","Coolheaded"],"picked":"SKIP","floor":18},{"not_picked":["Leap","Coolheaded","Compile Driver"],"picked":"SKIP","floor":19},{"not_picked":["Lockon","Recycle","Steam Power"],"picked":"SKIP","floor":19},{"not_picked":["Turbo","Lockon"],"picked":"Defragment","floor":20},{"not_picked":["Rebound","Gash"],"picked":"Capacitor","floor":20},{"not_picked":["Loop","Rebound"],"picked":"Force Field","floor":22},{"not_picked":["Barrage+1","Sweeping Beam"],"picked":"Self Repair","floor":22},{"not_picked":["Gash","Hologram"],"picked":"Core Surge","floor":24},{"not_picked":["Tempest","Steam Power+1","Beam Cell"],"picked":"SKIP","floor":24},{"not_picked":["Streamline","Recycle"],"picked":"White Noise","floor":28},{"not_picked":["Compile Driver","Redo","All For One"],"picked":"SKIP","floor":28},{"not_picked":["Steam Power","Ball Lightning"],"picked":"Auto Shields","floor":29},{"not_picked":["Aggregate+1","Rebound","Chill"],"picked":"SKIP","floor":29},{"not_picked":["Hologram","Rebound","Go for the Eyes"],"picked":"SKIP","floor":30},{"not_picked":["Barrage","Coolheaded","Compile Driver"],"picked":"SKIP","floor":30},{"not_picked":["Multi-Cast","Reboot"],"picked":"Electrodynamics","floor":33},{"not_picked":["Aggregate","Compile Driver"],"picked":"BootSequence+1","floor":35},{"not_picked":["Coolheaded","Redo","Compile Driver+1"],"picked":"SKIP","floor":35},{"not_picked":["Ball Lightning","Sweeping Beam"],"picked":"Cold Snap","floor":37},{"not_picked":["Leap","Sweeping Beam"],"picked":"Core Surge","floor":37},{"not_picked":["Barrage+1","Lockon"],"picked":"Blizzard+1","floor":41},{"not_picked":["Conserve Battery","Gash"],"picked":"Cold Snap+1","floor":41},{"not_picked":["Leap","Turbo+1","BootSequence"],"picked":"SKIP","floor":44},{"not_picked":["Go for the Eyes","Creative AI","Doom and Gloom"],"picked":"SKIP","floor":44},{"not_picked":["Gash","Leap"],"picked":"Glacier","floor":46},{"not_picked":["Beam Cell+1","Turbo","Gash"],"picked":"SKIP","floor":46},{"not_picked":["Gash","Redo","Barrage"],"picked":"SKIP","floor":47},{"not_picked":["Redo","Conserve Battery","Auto Shields"],"picked":"SKIP","floor":47},{"not_picked":["Conserve Battery","Lockon"],"picked":"Undo+1","floor":48},{"not_picked":["Redo","Compile Driver","Sweeping Beam"],"picked":"SKIP","floor":48}],"player_experience":220187,"relics_obtained":[{"floor":6,"key":"Orichalcum"},{"floor":8,"key":"Regal Pillow"},{"floor":9,"key":"Omamori"},{"floor":11,"key":"Du-Vu Doll"},{"floor":13,"key":"Prayer Wheel"},{"floor":26,"key":"Dodecahedron"},{"floor":43,"key":"Incense Burner"}],"event_choices":[{"damage_healed":0,"gold_gain":0,"player_choice":"Ignored","damage_taken":0,"max_hp_gain":0,"max_hp_loss":0,"event_name":"Liars Game","floor":7,"gold_loss":0},{"damage_healed":0,"gold_gain":75,"player_choice":"Gather Gold","damage_taken":11,"max_hp_gain":0,"max_hp_loss":0,"event_name":"World of Goop","floor":14,"gold_loss":0},{"damage_healed":0,"gold_gain":0,"player_choice":"1 cards matched","damage_taken":0,"max_hp_gain":0,"max_hp_loss":0,"event_name":"Match and Keep!","floor":27,"gold_loss":0,"cards_obtained":["Defragment"]},{"damage_healed":0,"gold_gain":0,"player_choice":"Copied","damage_taken":0,"max_hp_gain":0,"max_hp_loss":0,"event_name":"Duplicator","floor":31,"gold_loss":0,"cards_obtained":["Defragment"]},{"damage_healed":52,"gold_gain":0,"player_choice":"Heal","damage_taken":0,"max_hp_gain":0,"max_hp_loss":12,"event_name":"The Moai Head","floor":38,"gold_loss":0}],"is_beta":false,"boss_relics":[{"not_picked":["Velvet Choker","Black Star"],"picked":"Runic Dome"},{"not_picked":["Orrery","Calling Bell"],"picked":"Lizard Tail"}],"items_purged_floors":[],"is_endless":false,"potions_floor_spawned":[3,5,12,18,22,30,33,41,47,48],"ascension_level":18}