{"gold_per_floor":[114,91,110,125,142,142,168,181,181,212,7,18,18,35,35,130,130,140,157,169,169,169,169,199,199,229,261,261,278,303,313,313,412,412,423,423,423,439,439,439,473,488,488,522,272,272,288,302,302,302],"floor_reached":50,"playtime":6432,"items_purged":["Strike_B","Strike_B+1"],"score":810,"play_id":"90a2f0b1-7956-4777-83a2-83fea44037a4","local_time":"20190225163732","is_ascension_mode":true,"campfire_choices":[{"data":"Dualcast","floor":6,"key":"SMITH"},{"data":"Defragment","floor":13,"key":"SMITH"},{"floor":15,"key":"REST"},{"data":"Ghostly","floor":23,"key":"SMITH"},{"data":"Ghostly","floor":25,"key":"SMITH"},{"data":"Coolheaded","floor":28,"key":"SMITH"},{"data":"Ghostly","floor":32,"key":"SMITH"},{"data":"Hologram","floor":40,"key":"SMITH"},{"data":"Zap","floor":46,"key":"SMITH"},{"floor":49,"key":"RECALL"}],"neow_cost":"PERCENT_DAMAGE","seed_source_timestamp":1038384084800108,"circlet_count":0,"master_deck":["Strike_B+1","Strike_B+1","Defend_B+1","Defend_B+1","Defend_B+1","Defend_B+1","Zap+1","Dualcast+1","Streamline","Ball Lightning","Glacier","Compile Driver","Undo","Conserve Battery","Hologram+1","Defragment+1","Coolheaded+1","Ball Lightning","Steam","Electrodynamics","Sweeping Beam","Ghostly+1","Ghostly+1","Ghostly+1","Ghostly","Ghostly","Biased Cognition","Panacea"],"relics":["Cracked Core","Oddly Smooth Stone","Pen Nib","Busted Crown","Peace Pipe","Tiny Chest","Blue Candle","PreservedInsect","Inserter","Sundial","Darkstone Periapt","Vajra","DataDisk"],"potions_floor_usage":[10],"damage_taken":[{"damage":1,"enemies":"Cultist","floor":1,"turns":3},{"damage":1,"enemies":"2 Louse","floor":3,"turns":2},{"damage":0,"enemies":"Small Slimes","floor":4,"turns":2},{"damage":3,"enemies":"Blue Slaver","floor":5,"turns":3},{"damage":21,"enemies":"3 Sentries","floor":7,"turns":8},{"damage":0,"enemies":"Exordium Thugs","floor":8,"turns":6},{"damage":8,"enemies":"Gremlin Nob","floor":10,"turns":4},{"damage":0,"enemies":"Exordium Wildlife","floor":12,"turns":3},{"damage":0,"enemies":"2 Fungi Beasts","floor":14,"turns":2},{"damage":0,"enemies":"Slime Boss","floor":16,"turns":6},{"damage":9,"enemies":"3 Byrds","floor":18,"turns":3},{"damage":4,"enemies":"2 Thieves","floor":19,"turns":3},{"damage":2,"enemies":"Cultist and Chosen","floor":20,"turns":6},{"damage":1,"enemies":"Gremlin Leader","floor":24,"turns":6},{"damage":23,"enemies":"Slavers","floor":27,"turns":6},{"damage":0,"enemies":"Sentry and Sphere","floor":29,"turns":5},{"damage":0,"enemies":"Centurion and Healer","floor":31,"turns":4},{"damage":0,"enemies":"Collector","floor":33,"turns":10},{"damage":0,"enemies":"3 Shapes","floor":35,"turns":3},{"damage":0,"enemies":"Orb Walker","floor":38,"turns":5},{"damage":4,"enemies":"Nemesis","floor":41,"turns":5},{"damage":12,"enemies":"Sphere and 2 Shapes","floor":42,"turns":5},{"damage":5,"enemies":"Giant Head","floor":44,"turns":8},{"damage":0,"enemies":"Writhing Mass","floor":47,"turns":7},{"damage":0,"enemies":"Jaw Worm Horde","floor":48,"turns":4},{"damage":20,"enemies":"Donu and Deca","floor":50,"turns":7}],"seed_played":"7803638431041383141","potions_obtained":[{"floor":1,"key":"LiquidBronze"},{"floor":4,"key":"LiquidBronze"},{"floor":7,"key":"FearPotion"},{"floor":10,"key":"Strength Potion"}],"is_trial":false,"path_per_floor":["M","$","M","M","M","R","E","M","T","E","$","M","R","M","R","B",null,"M","M","M","?","?","R","E","R","T","E","R","M","T","M","R","B",null,"M","?","?","M","?","R","E","M","T","E","$","R","M","M","R","B"],"character_chosen":"DEFECT","items_purchased":["Streamline","Defragment","Coolheaded","DataDisk"],"campfire_rested":1,"item_purchase_floors":[2,11,11,45],"current_hp_per_floor":[67,67,66,66,63,63,42,42,42,34,34,34,34,34,60,60,89,80,76,74,74,44,44,43,43,43,20,20,20,20,20,20,20,44,44,39,39,39,39,39,35,23,23,18,18,18,18,18,18,0],"gold":302,"neow_bonus":"TWENTY_PERCENT_HP_BONUS","is_prod":false,"is_daily":false,"chose_seed":false,"campfire_upgraded":8,"win_rate":0,"timestamp":1551134252,"path_taken":["M","?","M","M","?","R","E","M","T","E","$","M","R","?","R","BOSS","M","M","M","?","?","R","E","R","T","E","R","M","?","?","R","BOSS","M","?","?","M","?","R","E","M","T","E","$","R","M","M","R","BOSS"],"build_version":"2019-01-23","purchased_purges":2,"victory":false,"max_hp_per_floor":[89,89,89,89,89,89,89,89,89,89,89,89,89,89,89,89,89,89,89,89,89,44,44,44,44,44,44,44,44,44,44,44,44,44,44,44,44,44,44,44,44,44,44,44,44,44,44,44,44,44],"card_choices":[{"not_picked":["BootSequence","Gash","Double Energy"],"picked":"SKIP","floor":1},{"not_picked":["Stack","Glacier"],"picked":"Ball Lightning","floor":3},{"not_picked":["Chaos","Streamline"],"picked":"Glacier","floor":4},{"not_picked":["Streamline","Coolheaded"],"picked":"Compile Driver","floor":5},{"not_picked":["Loop","Rainbow"],"picked":"Undo","floor":7},{"not_picked":["Beam Cell","Steam Power"],"picked":"Conserve Battery","floor":8},{"not_picked":["Sweeping Beam","Go for the Eyes"],"picked":"Hologram","floor":10},{"not_picked":["Stack","Hologram"],"picked":"Ball Lightning","floor":12},{"not_picked":["Compile Driver","Sunder"],"picked":"Steam","floor":14},{"not_picked":["Multi-Cast","Thunder Strike"],"picked":"Electrodynamics","floor":16},{"not_picked":[],"picked":"Sweeping Beam","floor":18},{"not_picked":["Steam"],"picked":"SKIP","floor":19},{"not_picked":["Scrape"],"picked":"SKIP","floor":20},{"not_picked":["Turbo"],"picked":"SKIP","floor":24},{"not_picked":["Double Energy+1"],"picked":"SKIP","floor":27},{"not_picked":["Barrage"],"picked":"SKIP","floor":29},{"not_picked":["Darkness+1"],"picked":"SKIP","floor":31},{"not_picked":[],"picked":"Biased Cognition","floor":33},{"not_picked":["Recycle+1"],"picked":"SKIP","floor":35},{"not_picked":[],"picked":"Panacea","floor":36},{"not_picked":["Gash+1"],"picked":"SKIP","floor":38},{"not_picked":["Go for the Eyes+1"],"picked":"SKIP","floor":41},{"not_picked":["Go for the Eyes"],"picked":"SKIP","floor":42},{"not_picked":["Steam Power"],"picked":"SKIP","floor":44},{"not_picked":["Beam Cell+1"],"picked":"SKIP","floor":47},{"not_picked":["Gash+1"],"picked":"SKIP","floor":48}],"player_experience":469534,"relics_obtained":[{"floor":7,"key":"Oddly Smooth Stone"},{"floor":10,"key":"Pen Nib"},{"floor":24,"key":"Peace Pipe"},{"floor":26,"key":"Tiny Chest"},{"floor":27,"key":"Blue Candle"},{"floor":30,"key":"PreservedInsect"},{"floor":41,"key":"Sundial"},{"floor":43,"key":"Darkstone Periapt"},{"floor":44,"key":"Vajra"}],"event_choices":[{"damage_healed":0,"gold_gain":0,"player_choice":"Simplicity","damage_taken":0,"max_hp_gain":0,"max_hp_loss":0,"event_name":"Back to Basics","floor":21,"gold_loss":0,"cards_upgraded":["Strike_B","Strike_B","Strike_B","Defend_B","Defend_B","Defend_B","Defend_B"]},{"damage_healed":0,"gold_gain":0,"player_choice":"Became a Ghost","damage_taken":0,"max_hp_gain":0,"max_hp_loss":45,"event_name":"Ghosts","floor":22,"gold_loss":0,"cards_obtained":["Ghostly","Ghostly","Ghostly","Ghostly","Ghostly"]},{"damage_healed":0,"gold_gain":0,"player_choice":"Memory 2","damage_taken":5,"max_hp_gain":0,"max_hp_loss":0,"event_name":"SensoryStone","floor":36,"gold_loss":0},{"damage_healed":0,"gold_gain":0,"player_choice":"Ignored","damage_taken":0,"max_hp_gain":0,"max_hp_loss":0,"event_name":"Tomb of Lord Red Mask","floor":37,"gold_loss":0},{"damage_healed":0,"gold_gain":0,"player_choice":"Ignored","damage_taken":0,"max_hp_gain":0,"max_hp_loss":0,"event_name":"SecretPortal","floor":39,"gold_loss":0}],"is_beta":false,"boss_relics":[{"not_picked":["Calling Bell","Ectoplasm"],"picked":"Busted Crown"},{"not_picked":["Sozu","Fusion Hammer"],"picked":"Inserter"}],"items_purged_floors":[11,45],"is_endless":false,"potions_floor_spawned":[1,4,7,10,16,20,29,41,47,48],"killed_by":"Donu and Deca","ascension_level":4}