{"gold_per_floor":[115,135,150,150,164,164,198,198,225,225,248,269,51,90,90,210,210,235,235,110,125,125,125,169,185,235,235,40,54,0,18,18,139,139,152,62,75,88,88],"floor_reached":39,"playtime":2261,"items_purged":["Injury"],"score":558,"play_id":"6cad89c5-eeeb-4d6a-bdf5-75aa488c6543","local_time":"20190113165537","is_ascension_mode":true,"campfire_choices":[{"data":"Neutralize","floor":6.0,"key":"SMITH"},{"floor":8.0,"key":"REST"},{"data":"Quick Slash","floor":10.0,"key":"SMITH"},{"floor":15.0,"key":"REST"},{"floor":23.0,"key":"REST"},{"floor":27.0,"key":"REST"},{"floor":32,"key":"REST"}],"neow_cost":"NONE","seed_source_timestamp":0,"circlet_count":0,"master_deck":["Defend_G+1","Defend_G+1","Defend_G+1","Defend_G+1","Strike_G+1","Strike_G+1","Strike_G+1","Survivor","Neutralize+1","Phantasmal Killer+1","Skewer+1","Poisoned Stab+1","PiercingWail","Acrobatics","Quick Slash+1","Acrobatics","Quick Slash+1","Outmaneuver","Master of Strategy+1","Dagger Throw","Quick Slash","Sucker Punch+1","Flechettes","Flechettes+1","PiercingWail","Slice","Deflect","Masterful Stab+1","Glass Knife","Underhanded Strike+1","Dagger Spray+1"],"special_seed":0,"relics":["Astrolabe","Golden Idol","Orichalcum","Omamori","Potion Belt","Runic Pyramid","Calipers","Smiling Mask","Pen Nib","Whetstone","Calling Bell","Centennial Puzzle","Molten Egg 2","Ice Cream"],"potions_floor_usage":[33,33,37,39],"damage_taken":[{"damage":0.0,"enemies":"Cultist","floor":1.0,"turns":2.0},{"damage":0.0,"enemies":"Small Slimes","floor":2.0,"turns":2.0},{"damage":2.0,"enemies":"Jaw Worm","floor":3.0,"turns":3.0},{"damage":3.0,"enemies":"Large Slime","floor":5.0,"turns":6.0},{"damage":26.0,"enemies":"3 Sentries","floor":7.0,"turns":6.0},{"damage":0.0,"enemies":"Exordium Wildlife","floor":11.0,"turns":3.0},{"damage":7.0,"enemies":"2 Fungi Beasts","floor":12.0,"turns":3.0},{"damage":19.0,"enemies":"Lagavulin","floor":14.0,"turns":5.0},{"damage":24.0,"enemies":"The Guardian","floor":16.0,"turns":9.0},{"damage":6.0,"enemies":"Chosen","floor":18.0,"turns":5.0},{"damage":13.0,"enemies":"2 Thieves","floor":21.0,"turns":4.0},{"damage":15.0,"enemies":"Slavers","floor":24.0,"turns":4.0},{"damage":20.0,"enemies":"3 Cultists","floor":25.0,"turns":6.0},{"damage":18,"enemies":"Shelled Parasite and Fungi","floor":29,"turns":4},{"damage":8,"enemies":"Cultist and Chosen","floor":31,"turns":5},{"damage":29,"enemies":"Collector","floor":33,"turns":10},{"damage":6,"enemies":"Orb Walker","floor":35,"turns":3},{"damage":45,"enemies":"3 Darklings","floor":37,"turns":10},{"damage":3,"enemies":"Sphere and 2 Shapes","floor":38,"turns":5},{"damage":22,"enemies":"Spire Growth","floor":39,"turns":3}],"seed_played":"-3500226253483453119","potions_obtained":[{"floor":1.0,"key":"Energy Potion"},{"floor":2.0,"key":"FearPotion"},{"floor":14.0,"key":"Poison Potion"},{"floor":18.0,"key":"FairyPotion"},{"floor":29,"key":"EssenceOfSteel"},{"floor":31,"key":"EssenceOfSteel"},{"floor":33,"key":"AttackPotion"},{"floor":35,"key":"Ancient Potion"},{"floor":38,"key":"Energy Potion"}],"is_trial":false,"path_per_floor":["M","M","M","?","M","R","E","R","T","R","M","M","$","E","R","B",null,"M","?","$","M","?","R","E","M","T","R","$","M","?","M","R","B",null,"M","?","M","M","M"],"character_chosen":"THE_SILENT","items_purchased":["Master of Strategy","Dagger Throw","Fire Potion","Whetstone","Slice"],"campfire_rested":5,"item_purchase_floors":[13,13,20,28,28],"current_hp_per_floor":[63,63,61,61,58,58,32,53,53,53,53,46,46,27,48,24,59,53,53,53,40,40,61,46,26,26,47,47,29,29,21,42,13,56,50,50,5,2,0],"gold":88,"neow_bonus":"BOSS_RELIC","is_prod":false,"is_daily":false,"chose_seed":false,"campfire_upgraded":2,"win_rate":0,"timestamp":1547398537,"path_taken":["M","?","?","?","M","R","E","R","T","R","M","M","?","E","R","BOSS","M","?","$","M","?","R","E","M","T","R","?","M","?","M","R","BOSS","M","?","M","?","M"],"build_version":"2019-01-10","purchased_purges":1,"victory":false,"max_hp_per_floor":[70,70,70,70,70,70,70,70,70,70,70,70,70,70,70,70,70,70,70,70,70,70,70,70,70,70,70,70,70,70,70,70,70,70,70,70,70,70,70],"card_choices":[{"not_picked":["Bane","Cloak And Dagger"],"picked":"PiercingWail","floor":1.0},{"not_picked":["Cloak And Dagger","Dodge and Roll"],"picked":"Acrobatics","floor":2.0},{"not_picked":["Outmaneuver","Caltrops"],"picked":"Quick Slash","floor":3.0},{"not_picked":["Cloak And Dagger","Endless Agony"],"picked":"Acrobatics","floor":5.0},{"not_picked":["Eviscerate","Poisoned Stab"],"picked":"Quick Slash","floor":7.0},{"not_picked":["Masterful Stab","Bane"],"picked":"Outmaneuver","floor":11.0},{"not_picked":["Bouncing Flask","Dash","Backflip"],"picked":"SKIP","floor":12.0},{"not_picked":["Slice","Prepared"],"picked":"Quick Slash","floor":14.0},{"not_picked":["Accuracy","Setup"],"picked":"Sucker Punch","floor":18.0},{"not_picked":["Dagger Throw+1","Cloak And Dagger"],"picked":"Flechettes","floor":21.0},{"not_picked":["Riddle With Holes","Underhanded Strike"],"picked":"Flechettes+1","floor":24.0},{"not_picked":["Heel Hook","Underhanded Strike+1"],"picked":"PiercingWail","floor":25.0},{"not_picked":["Backflip","Acrobatics"],"picked":"Deflect","floor":29},{"not_picked":["Bane","Dodge and Roll"],"picked":"Masterful Stab+1","floor":31},{"not_picked":["Envenom","After Image"],"picked":"Glass Knife","floor":33},{"not_picked":["Sucker Punch+1","Poisoned Stab+1","Underhanded Strike+1"],"picked":"SKIP","floor":35},{"not_picked":["Backflip","Blade Dance"],"picked":"Underhanded Strike+1","floor":37},{"not_picked":["Caltrops+1","Tools of the Trade"],"picked":"Dagger Spray+1","floor":38}],"player_experience":245622,"relics_obtained":[{"floor":7.0,"key":"Orichalcum"},{"floor":9.0,"key":"Omamori"},{"floor":14.0,"key":"Potion Belt"},{"floor":24.0,"key":"Smiling Mask"},{"floor":26.0,"key":"Pen Nib"},{"floor":34,"key":"Centennial Puzzle"},{"floor":34,"key":"Molten Egg 2"},{"floor":34,"key":"Ice Cream"}],"event_choices":[{"damage_healed":0.0,"max_hp_gain":0.0,"max_hp_loss":0.0,"gold_gain":0.0,"event_name":"Golden Idol","player_choice":"Take Wound","floor":4.0,"gold_loss":0.0,"damage_taken":0.0,"relics_obtained":["Golden Idol"],"cards_obtained":["Injury"]},{"damage_healed":0.0,"max_hp_gain":0.0,"max_hp_loss":0.0,"gold_gain":0.0,"event_name":"Back to Basics","player_choice":"Simplicity","floor":19.0,"gold_loss":0.0,"damage_taken":0.0,"cards_upgraded":["Defend_G","Defend_G","Defend_G","Defend_G","Strike_G","Strike_G","Strike_G"]},{"damage_healed":0.0,"max_hp_gain":0.0,"max_hp_loss":0.0,"gold_gain":0.0,"event_name":"The Mausoleum","player_choice":"Opened","floor":22.0,"gold_loss":0.0,"damage_taken":0.0,"relics_obtained":["Calipers"]},{"damage_healed":0,"gold_gain":0,"player_choice":"Paid Fearfully","damage_taken":0,"max_hp_gain":0,"max_hp_loss":0,"event_name":"Masked Bandits","floor":30,"gold_loss":54},{"cards_removed":["Injury"],"damage_healed":0,"gold_gain":0,"player_choice":"Upgrade and Remove","damage_taken":0,"max_hp_gain":0,"max_hp_loss":0,"event_name":"Designer","floor":36,"gold_loss":90,"cards_upgraded":["Master of Strategy"]}],"is_beta":false,"boss_relics":[{"not_picked":["Snecko Eye","Empty Cage"],"picked":"Runic Pyramid"},{"not_picked":["Orrery","Philosopher\u0027s Stone"],"picked":"Calling Bell"}],"items_purged_floors":[20],"is_endless":false,"potions_floor_spawned":[1,2,14,18,29,31,33,35,38],"killed_by":"Spire Growth","ascension_level":7}