{"gold_per_floor":[112,148,24,54,113,148,148,186,211,240,270,303,303,321,321,419,419,438,39,59],"floor_reached":20,"playtime":957,"items_purged":["Normality"],"score":291,"play_id":"e1a04a4c-58b2-4a9a-be6d-059d85b26c77","local_time":"20190116162218","is_ascension_mode":true,"campfire_choices":[{"floor":7,"key":"REST"},{"floor":13,"key":"REST"},{"floor":15,"key":"REST"}],"neow_cost":"CURSE","seed_source_timestamp":1897089917998270,"circlet_count":0,"master_deck":["AscendersBane","Defend_G","Defend_G","Defend_G","Defend_G","Strike_G","Strike_G","Strike_G","Survivor","Neutralize","HandOfGreed","Swift Strike","Dagger Throw","Acrobatics","Flying Knee","Backflip","Dodge and Roll","Quick Slash","Terror","Cloak And Dagger","Backflip","Cloak And Dagger","Glass Knife","Deadly Poison+1","Skewer+1","Slice+1","Backstab","Swift Strike"],"relics":["Ring of the Snake","Blood Vial","Pen Nib","Art of War","Astrolabe","FossilizedHelix"],"potions_floor_usage":[6,11,16,18],"damage_taken":[{"damage":0,"enemies":"Cultist","floor":1,"turns":2},{"damage":1,"enemies":"Jaw Worm","floor":2,"turns":4},{"damage":0,"enemies":"2 Louse","floor":4,"turns":2},{"damage":25,"enemies":"Gremlin Gang","floor":5,"turns":6},{"damage":25,"enemies":"3 Sentries","floor":6,"turns":9},{"damage":9,"enemies":"Blue Slaver","floor":8,"turns":4},{"damage":27,"enemies":"Lagavulin","floor":10,"turns":5},{"damage":0,"enemies":"2 Fungi Beasts","floor":11,"turns":3},{"damage":0,"enemies":"Red Slaver","floor":12,"turns":3},{"damage":0,"enemies":"Blue Slaver","floor":14,"turns":4},{"damage":30,"enemies":"Hexaghost","floor":16,"turns":10},{"damage":38,"enemies":"2 Thieves","floor":18,"turns":4},{"damage":3,"enemies":"Colosseum Slavers","floor":20,"turns":4},{"damage":54,"enemies":"Colosseum Nobs","floor":20,"turns":4}],"seed_played":"1013641663438381846","potions_obtained":[{"floor":5,"key":"Strength Potion"},{"floor":10,"key":"Energy Potion"},{"floor":11,"key":"GhostInAJar"},{"floor":12,"key":"Strength Potion"}],"is_trial":false,"path_per_floor":["M","M","$","M","M","E","R","M","T","E","M","M","R","M","R","B",null,"M","$","?"],"character_chosen":"THE_SILENT","items_purchased":["Flying Knee","FossilizedHelix","Swift Strike"],"campfire_rested":3,"item_purchase_floors":[3,19,19],"current_hp_per_floor":[63,62,62,62,37,12,33,26,26,1,3,5,26,28,49,21,58,22,22,0],"gold":59,"neow_bonus":"RANDOM_COLORLESS_2","is_prod":false,"is_daily":false,"chose_seed":false,"campfire_upgraded":0,"win_rate":0,"timestamp":1547655738,"path_taken":["M","M","$","M","M","E","R","M","T","E","?","M","R","M","R","BOSS","M","$","?"],"build_version":"2019-01-10","purchased_purges":1,"victory":false,"max_hp_per_floor":[70,70,70,70,70,70,70,70,70,70,70,70,70,70,70,70,70,70,70,70],"card_choices":[{"not_picked":["Caltrops","Bouncing Flask"],"picked":"Dagger Throw","floor":1},{"not_picked":["Prepared","Deflect"],"picked":"Acrobatics","floor":2},{"not_picked":["Prepared","Wraith Form v2"],"picked":"Backflip","floor":4},{"not_picked":["Setup","Underhanded Strike"],"picked":"Dodge and Roll","floor":5},{"not_picked":["Terror","After Image"],"picked":"Quick Slash","floor":6},{"not_picked":["Poisoned Stab","Expertise"],"picked":"Terror","floor":8},{"not_picked":["Reflex","Riddle With Holes","Terror"],"picked":"SKIP","floor":10},{"not_picked":["Poisoned Stab","Quick Slash"],"picked":"Cloak And Dagger","floor":11},{"not_picked":["Acrobatics","Doppelganger"],"picked":"Backflip","floor":12},{"not_picked":["Heel Hook","Underhanded Strike"],"picked":"Cloak And Dagger","floor":14},{"not_picked":["Doppelganger","Envenom"],"picked":"Glass Knife","floor":16},{"not_picked":["Dagger Spray","Crippling Poison"],"picked":"Backstab","floor":18}],"player_experience":361893,"relics_obtained":[{"floor":6,"key":"Blood Vial"},{"floor":9,"key":"Pen Nib"},{"floor":10,"key":"Art of War"}],"event_choices":[{"damage_healed":0,"gold_gain":0,"player_choice":"Fight","damage_taken":0,"max_hp_gain":0,"max_hp_loss":0,"event_name":"Colosseum","floor":20,"gold_loss":0},{"damage_healed":0,"gold_gain":0,"player_choice":"Fought Nobs","damage_taken":0,"max_hp_gain":0,"max_hp_loss":0,"event_name":"Colosseum","floor":20,"gold_loss":0}],"is_beta":false,"boss_relics":[{"not_picked":["Coffee Dripper","Calling Bell"],"picked":"Astrolabe"}],"items_purged_floors":[3],"is_endless":false,"potions_floor_spawned":[5,10,11,12,14,20],"killed_by":"Colosseum Nobs","ascension_level":11}