{"gold_per_floor":[118,138,213,232,42,42,76,95,95,95,95,111,84,84,84,188,188,198,198,217,23,23,23,34,34,61,71,21,21,39,56,56,152,152,164,179,179,196,209,209,209,209,284,299,316,329,329,342,342,342],"floor_reached":51,"playtime":2561,"items_purged":[],"score":703,"play_id":"942dd0f8-92a6-44b2-bfd8-fe02d7005fd3","local_time":"20190126152954","is_ascension_mode":false,"campfire_choices":[{"data":"Defragment","floor":6,"key":"SMITH"},{"data":"Skim","floor":10,"key":"SMITH"},{"floor":15,"key":"REST"},{"data":"Genetic Algorithm","floor":23,"key":"SMITH"},{"data":"Coolheaded","floor":25,"key":"SMITH"},{"data":"Machine Learning","floor":32,"key":"SMITH"},{"data":"Barrage","floor":40,"key":"SMITH"},{"floor":42,"key":"RECALL"}],"neow_cost":"NONE","seed_source_timestamp":2756367715665876,"circlet_count":0,"master_deck":["Strike_B+1","Strike_B+1","Defend_B+1","Defend_B+1","Defend_B+1","Defend_B+1","Zap+1","Dualcast+1","Defragment+1","Genetic Algorithm+1","Skim+1","Core Surge+1","Leap+1","Hologram+1","Coolheaded+1","Cold Snap+1","Cold Snap+1","Coolheaded+1","Machine Learning+1","Glacier+1","Coolheaded+1","Barrage+1","Barrage+1"],"relics":["Cracked Core","NeowsBlessing","Runic Capacitor","Mercury Hourglass","Letter Opener","Bottled Tornado","Velvet Choker","Orichalcum","Art of War","Coffee Dripper","Mark of the Bloom","Cables"],"potions_floor_usage":[16,19,33,50],"damage_taken":[{"damage":0,"enemies":"Cultist","floor":1,"turns":1},{"damage":0,"enemies":"Small Slimes","floor":2,"turns":1},{"damage":0,"enemies":"Jaw Worm","floor":4,"turns":1},{"damage":30,"enemies":"3 Sentries","floor":7,"turns":7},{"damage":6,"enemies":"Large Slime","floor":8,"turns":6},{"damage":4,"enemies":"Blue Slaver","floor":12,"turns":3},{"damage":28,"enemies":"Hexaghost","floor":16,"turns":8},{"damage":15,"enemies":"Spheric Guardian","floor":18,"turns":4},{"damage":0,"enemies":"Masked Bandits","floor":19,"turns":2},{"damage":0,"enemies":"3 Byrds","floor":20,"turns":3},{"damage":2,"enemies":"Snake Plant","floor":24,"turns":4},{"damage":0,"enemies":"3 Cultists","floor":27,"turns":5},{"damage":0,"enemies":"Cultist and Chosen","floor":30,"turns":5},{"damage":2,"enemies":"Shelled Parasite and Fungi","floor":31,"turns":6},{"damage":0,"enemies":"Automaton","floor":33,"turns":24},{"damage":5,"enemies":"3 Shapes","floor":35,"turns":3},{"damage":0,"enemies":"Orb Walker","floor":36,"turns":4},{"damage":0,"enemies":"Transient","floor":38,"turns":5},{"damage":6,"enemies":"Maw","floor":39,"turns":11},{"damage":0,"enemies":"4 Shapes","floor":44,"turns":3},{"damage":0,"enemies":"Jaw Worm Horde","floor":45,"turns":3},{"damage":0,"enemies":"Sphere and 2 Shapes","floor":46,"turns":3},{"damage":0,"enemies":"4 Shapes","floor":48,"turns":3},{"damage":9,"enemies":"Time Eater","floor":50,"turns":53}],"seed_played":"4604919670878706649","potions_obtained":[{"floor":1,"key":"SteroidPotion"},{"floor":7,"key":"AttackPotion"},{"floor":12,"key":"SmokeBomb"},{"floor":20,"key":"FocusPotion"},{"floor":24,"key":"SkillPotion"},{"floor":33,"key":"Dexterity Potion"},{"floor":46,"key":"AttackPotion"}],"is_trial":false,"path_per_floor":["M","M","?","M","$","R","E","M","T","R","T","M","$","?","R","B",null,"M","?","M","$","?","R","M","R","T","M","$","?","M","M","R","B",null,"M","M","?","M","M","R","?","R","T","M","M","M","R","M","R","B",null],"character_chosen":"DEFECT","items_purchased":["Runic Capacitor","Leap","Coolheaded","Orichalcum","Cold Snap"],"campfire_rested":1,"item_purchase_floors":[5,13,21,21,28],"current_hp_per_floor":[75,75,64,64,64,64,34,28,28,28,28,24,24,24,46,18,75,60,60,60,60,60,60,58,58,58,58,58,58,58,56,56,56,75,70,70,70,70,64,64,64,64,64,64,64,64,64,64,64,55],"gold":342,"neow_bonus":"THREE_ENEMY_KILL","is_prod":false,"is_daily":false,"chose_seed":false,"campfire_upgraded":6,"win_rate":0,"timestamp":1548516594,"path_taken":["M","?","?","M","$","R","E","M","T","R","?","M","$","?","R","BOSS","M","?","M","$","?","R","M","R","T","?","?","?","M","M","R","BOSS","M","?","?","?","M","R","?","R","T","M","M","M","R","M","R","BOSS"],"build_version":"2019-01-23","purchased_purges":0,"victory":true,"max_hp_per_floor":[75,75,75,75,75,75,75,75,75,75,75,75,75,75,75,75,75,75,75,75,75,75,75,75,75,75,75,75,75,75,75,75,75,75,75,75,75,75,75,75,75,75,75,75,75,75,75,75,75,75],"card_choices":[{"not_picked":["Rip and Tear","Leap"],"picked":"Defragment","floor":1},{"not_picked":["Redo","Genetic Algorithm","Undo"],"picked":"SKIP","floor":2},{"not_picked":["Redo","Undo"],"picked":"Genetic Algorithm","floor":2},{"not_picked":["Stack","BootSequence","Redo"],"picked":"SKIP","floor":4},{"not_picked":["Loop","Compile Driver"],"picked":"Skim","floor":7},{"not_picked":["Aggregate","Rebound"],"picked":"Core Surge","floor":8},{"not_picked":["Melter","Ball Lightning","Stack"],"picked":"SKIP","floor":12},{"not_picked":["Sunder","Go for the Eyes"],"picked":"Hologram+1","floor":18},{"not_picked":["Turbo","Gash","Genetic Algorithm"],"picked":"SKIP","floor":20},{"not_picked":["Undo","Streamline"],"picked":"Cold Snap+1","floor":24},{"not_picked":["Steam+1","Leap","Rainbow"],"picked":"SKIP","floor":27},{"not_picked":["Steam+1","Stack"],"picked":"Coolheaded+1","floor":30},{"not_picked":["Rebound","Redo"],"picked":"Machine Learning","floor":31},{"not_picked":["Redo+1","Fusion+1","Melter"],"picked":"SKIP","floor":35},{"not_picked":["Leap+1","Chill+1"],"picked":"Glacier+1","floor":36},{"not_picked":["Stack+1","Streamline"],"picked":"Coolheaded+1","floor":38},{"not_picked":["Leap","Sweeping Beam+1"],"picked":"Barrage","floor":39},{"not_picked":["Scrape","Ball Lightning","Steam Power+1"],"picked":"SKIP","floor":44},{"not_picked":["Go for the Eyes","Reboot"],"picked":"Barrage+1","floor":45},{"not_picked":["Redo","Fusion","Aggregate"],"picked":"SKIP","floor":46},{"not_picked":["Force Field+1","Sweeping Beam+1","Chaos+1"],"picked":"SKIP","floor":48}],"player_experience":461036,"relics_obtained":[{"floor":7,"key":"Mercury Hourglass"},{"floor":9,"key":"Letter Opener"},{"floor":11,"key":"Bottled Tornado"},{"floor":26,"key":"Art of War"},{"floor":43,"key":"Cables"}],"event_choices":[{"damage_healed":0,"gold_gain":75,"player_choice":"Gather Gold","damage_taken":11,"max_hp_gain":0,"max_hp_loss":0,"event_name":"World of Goop","floor":3,"gold_loss":0},{"damage_healed":0,"gold_gain":0,"player_choice":"Ignored","damage_taken":0,"max_hp_gain":0,"max_hp_loss":0,"event_name":"Shining Light","floor":14,"gold_loss":0},{"damage_healed":0,"gold_gain":0,"player_choice":"Fought Bandits","damage_taken":0,"max_hp_gain":0,"max_hp_loss":0,"event_name":"Masked Bandits","floor":19,"gold_loss":0},{"cards_removed":["Strike_B"],"damage_healed":0,"gold_gain":0,"player_choice":"Offered Basic","damage_taken":0,"max_hp_gain":0,"max_hp_loss":0,"event_name":"Bonfire Elementals","floor":22,"gold_loss":0},{"damage_healed":0,"gold_gain":0,"cards_transformed":["Strike_B"],"player_choice":"Transformed","damage_taken":0,"max_hp_gain":0,"max_hp_loss":0,"event_name":"Transmorgrifier","floor":29,"gold_loss":0,"cards_obtained":["Tempest"]},{"cards_removed":["Tempest"],"damage_healed":0,"gold_gain":0,"player_choice":"Purged","damage_taken":0,"max_hp_gain":0,"max_hp_loss":0,"event_name":"Purifier","floor":37,"gold_loss":0},{"damage_healed":0,"gold_gain":0,"player_choice":"Upgrade","damage_taken":0,"relics_obtained":["Mark of the Bloom"],"max_hp_gain":0,"max_hp_loss":0,"event_name":"MindBloom","floor":41,"gold_loss":0,"cards_upgraded":["Strike_B","Strike_B","Defend_B","Defend_B","Defend_B","Defend_B","Zap","Dualcast","Core Surge","Leap","Cold Snap"]}],"is_beta":false,"boss_relics":[{"not_picked":["Ectoplasm","Tiny House"],"picked":"Velvet Choker"},{"not_picked":["Black Star","Cursed Key"],"picked":"Coffee Dripper"}],"items_purged_floors":[],"is_endless":false,"potions_floor_spawned":[1,7,12,19,20,24,30,33,35,38,45,46],"ascension_level":0}