{"path_per_floor":["M","M","$","?","?","E","R","M","T","M","?","R","M","?","R","B",null,"M","$","?","$","M","R","M"],"character_chosen":"IRONCLAD","items_purchased":["Iron Wave","Pommel Strike","Regen Potion","Demon Form","Heavy Blade"],"gold_per_floor":[114,129,81,81,81,115,115,130,130,146,146,146,159,181,181,280,280,295,194,194,26,36,36,47],"floor_reached":25,"campfire_rested":3,"playtime":1525,"current_hp_per_floor":[80,80,80,80,80,63,63,64,64,59,43,67,60,44,68,34,80,73,73,73,73,36,60,21],"items_purged":[],"gold":47,"play_id":"624c3d03-e69f-412d-9ec2-ef22f90d6623","is_prod":false,"is_daily":false,"campfire_rituals":0,"campfire_upgraded":1,"is_hardmode":false,"path_taken":["M","M","$","?","?","E","R","M","T","M","?","R","?","?","R","BOSS","M","$","?","$","M","R","M","M"],"build_version":"2017-12-21-PROD1","purchased_purges":0,"victory":false,"master_deck":["Strike_R","Strike_R","Strike_R","Strike_R","Strike_R","Defend_R","Defend_R","Defend_R","Defend_R","Bash","Flex","Cleave","Iron Wave","Inflame","Inflame","Fire Breathing","Heavy Blade","Reaper","Pummel","Pommel Strike","Thunderclap","Demon Form","Heavy Blade","Heavy Blade","Feel No Pain"],"max_hp_per_floor":[80,80,80,80,80,80,80,80,80,80,80,80,80,80,80,80,80,80,80,80,80,80,80,80],"relics":["Black Blood","Dodecahedron","Omamori","Odd Mushroom"],"campfire_meditates":0,"card_choices":[{"not_picked":["Spot Weakness","Hemokinesis"],"picked":"Flex"},{"not_picked":["Shrug It Off","Headbutt"],"picked":"Cleave"},{"not_picked":["Twin Strike","Combust"],"picked":"Inflame"},{"not_picked":["Spot Weakness","Perfected Strike"],"picked":"Inflame"},{"not_picked":["Body Slam","Cleave"],"picked":"Fire Breathing"},{"not_picked":["Sever Soul","Juggernaut"],"picked":"Heavy Blade"},{"not_picked":["Berserk","Immolate"],"picked":"Reaper"},{"not_picked":["Body Slam","Shrug It Off"],"picked":"Pummel"},{"not_picked":["Iron Wave","Seeing Red"],"picked":"Heavy Blade"},{"not_picked":["Warcry","Shrug It Off"],"picked":"Feel No Pain"}],"player_experience":17724,"potions_floor_usage":[6,6,14,16,22,24],"damage_taken":[{"damage":5,"enemies":"Cultist","floor":1,"turns":4},{"damage":5,"enemies":"Jaw Worm","floor":2,"turns":4},{"damage":23,"enemies":"3 Sentries","floor":6,"turns":6},{"damage":5,"enemies":"Looter","floor":8,"turns":3},{"damage":11,"enemies":"3 Louse","floor":10,"turns":3},{"damage":13,"enemies":"Large Slime","floor":13,"turns":6},{"damage":25,"enemies":"The Mushroom Lair","floor":14,"turns":3},{"damage":40,"enemies":"The Guardian","floor":16,"turns":7},{"damage":17,"enemies":"Spheric Guardian","floor":18,"turns":4},{"damage":59,"enemies":"Shell Parasite","floor":22,"turns":7},{"damage":53,"enemies":"Centurion and Healer","floor":24,"turns":8},{"damage":31,"enemies":"Snecko","floor":25,"turns":4}],"event_choices":[{"event_name":"Golden Wing","player_choice":"Ignored","floor":4,"damage_taken":0},{"event_name":"The Cleric","player_choice":"Leave","floor":5,"damage_taken":0},{"event_name":"Shining Light","player_choice":"Entered Light","floor":11,"damage_taken":0},{"event_name":"Mushrooms","player_choice":"Fought Mushrooms","floor":14,"damage_taken":0},{"event_name":"The Library","player_choice":"Read","floor":20,"damage_taken":0}],"boss_relics":[{"not_picked":["Black Star","Velvet Choker"],"picked":"Black Blood"}],"potions_floor_spawned":[1,2,13,14,22],"seed_played":"7412287585394781057","killed_by":"Snecko","is_trial":false}