{"gold_per_floor":[115,126,146,123,141,175,175,204,273,301,301,301,314,11,11,108,108,122,135,154,154,429,429,62,82,130,130,55,55,67,79],"floor_reached":31,"playtime":1238,"items_purged":["Strike_B","Regret"],"score":461,"play_id":"8fa11ad6-ca78-4855-809a-326d4aeef108","local_time":"20190430121844","is_ascension_mode":true,"campfire_choices":[{"data":"Dualcast","floor":7,"key":"SMITH"},{"data":"Biased Cognition","floor":15,"key":"SMITH"},{"floor":23,"key":"REST"},{"data":"Loop","floor":27,"key":"SMITH"}],"neow_cost":"TEN_PERCENT_HP_LOSS","seed_source_timestamp":533248977882542,"circlet_count":0,"master_deck":["Strike_B","Strike_B","Defend_B","Defend_B","Defend_B","Defend_B","Zap","Dualcast+1","Glacier","Darkness","Loop+1","Loop+1","FTL","Capacitor","Cold Snap","Biased Cognition+1","Self Repair","Coolheaded+1","Necronomicurse","Defragment+1","Writhe"],"relics":["Cracked Core","Thread and Needle","Happy Flower","Mango","Kunai","Odd Mushroom","Strawberry","HandDrill","Runic Dome","Necronomicon","DataDisk","Tiny Chest","Vajra","MawBank"],"potions_floor_usage":[5,10,16,20],"damage_taken":[{"damage":7,"enemies":"Jaw Worm","floor":1,"turns":4},{"damage":0,"enemies":"2 Louse","floor":2,"turns":2},{"damage":0,"enemies":"Small Slimes","floor":3,"turns":4},{"damage":4,"enemies":"Exordium Wildlife","floor":5,"turns":7},{"damage":14,"enemies":"Gremlin Nob","floor":6,"turns":5},{"damage":7,"enemies":"3 Sentries","floor":8,"turns":8},{"damage":6,"enemies":"The Mushroom Lair","floor":10,"turns":3},{"damage":0,"enemies":"Exordium Thugs","floor":13,"turns":5},{"damage":0,"enemies":"Hexaghost","floor":16,"turns":9},{"damage":3,"enemies":"Chosen","floor":18,"turns":4},{"damage":28,"enemies":"2 Thieves","floor":19,"turns":4},{"damage":10,"enemies":"Snake Plant","floor":20,"turns":4},{"damage":0,"enemies":"Snecko","floor":25,"turns":5},{"damage":69,"enemies":"Gremlin Leader","floor":31,"turns":8}],"seed_played":"2227907545423594398","potions_obtained":[{"floor":2,"key":"GamblersBrew"},{"floor":5,"key":"FearPotion"},{"floor":8,"key":"Explosive Potion"},{"floor":10,"key":"Block Potion"},{"floor":13,"key":"SteroidPotion"},{"floor":19,"key":"SkillPotion"},{"floor":20,"key":"Dexterity Potion"}],"is_trial":false,"path_per_floor":["M","M","M","?","M","E","R","E","T","?","?","?","M","$","R","B",null,"M","M","M","?","?","R","$","M","T","R","?","?","$","E"],"character_chosen":"DEFECT","items_purchased":["Self Repair","HandDrill","DataDisk","Tiny Chest"],"campfire_rested":1,"item_purchase_floors":[14,14,24,24],"current_hp_per_floor":[61,61,61,61,57,43,43,50,50,44,51,51,51,51,51,58,81,85,57,54,38,38,64,64,64,64,64,64,64,64,0],"gold":79,"neow_bonus":"ONE_RARE_RELIC","is_prod":false,"is_daily":false,"chose_seed":false,"campfire_upgraded":3,"win_rate":0,"timestamp":1556648324,"path_taken":["M","M","M","?","M","E","R","E","T","?","?","?","?","?","R","BOSS","M","M","M","?","?","R","$","?","T","R","?","?","$","E"],"build_version":"2019-04-23","purchased_purges":2,"victory":false,"max_hp_per_floor":[68,68,68,68,68,68,68,82,82,82,89,89,89,89,89,89,89,89,89,89,89,89,89,89,89,89,89,89,89,89,89],"card_choices":[{"not_picked":["Stack","Ball Lightning"],"picked":"Glacier","floor":1},{"not_picked":["Genetic Algorithm","Beam Cell"],"picked":"Darkness","floor":2},{"not_picked":["Recycle","Scrape"],"picked":"Loop","floor":3},{"not_picked":["Glacier","Conserve Battery"],"picked":"Loop","floor":5},{"not_picked":["Cold Snap","Streamline"],"picked":"FTL","floor":6},{"not_picked":["Sweeping Beam","Melter"],"picked":"Capacitor","floor":8},{"not_picked":["Aggregate","Chill"],"picked":"Cold Snap","floor":10},{"not_picked":["Tempest","White Noise"],"picked":"Biased Cognition","floor":13},{"not_picked":["Double Energy","Beam Cell","Lockon"],"picked":"SKIP","floor":18},{"not_picked":["Cold Snap","Steam Power"],"picked":"Coolheaded+1","floor":19},{"not_picked":["Compile Driver","Rebound","Steam"],"picked":"SKIP","floor":20},{"not_picked":["Static Discharge","Go for the Eyes+1"],"picked":"Defragment+1","floor":25}],"player_experience":569111,"relics_obtained":[{"floor":6,"key":"Happy Flower"},{"floor":8,"key":"Mango"},{"floor":9,"key":"Kunai"},{"floor":10,"key":"Odd Mushroom"},{"floor":21,"key":"Necronomicon"},{"floor":26,"key":"Vajra"}],"event_choices":[{"damage_healed":0,"gold_gain":0,"player_choice":"Left Gold","damage_taken":0,"max_hp_gain":0,"max_hp_loss":0,"event_name":"World of Goop","floor":4,"gold_loss":23},{"damage_healed":0,"gold_gain":0,"player_choice":"Fought Mushrooms","damage_taken":0,"max_hp_gain":0,"max_hp_loss":0,"event_name":"Mushrooms","floor":10,"gold_loss":0},{"damage_healed":0,"gold_gain":0,"player_choice":"Searched \u00271\u0027 times","damage_taken":0,"relics_obtained":["Strawberry"],"max_hp_gain":0,"max_hp_loss":0,"event_name":"Dead Adventurer","floor":11,"gold_loss":0},{"damage_healed":0,"gold_gain":0,"player_choice":"Grow","damage_taken":0,"max_hp_gain":0,"max_hp_loss":0,"event_name":"Living Wall","floor":12,"gold_loss":0,"cards_upgraded":["Loop"]},{"damage_healed":0,"gold_gain":0,"player_choice":"Obtained Book","damage_taken":16,"max_hp_gain":0,"max_hp_loss":0,"event_name":"Cursed Tome","floor":21,"gold_loss":0},{"damage_healed":0,"gold_gain":275,"player_choice":"Desecrate","damage_taken":0,"max_hp_gain":0,"max_hp_loss":0,"event_name":"Golden Shrine","floor":22,"gold_loss":0,"cards_obtained":["Regret"]},{"cards_removed":["Strike_B"],"damage_healed":0,"gold_gain":0,"player_choice":"Gave Gold","damage_taken":0,"max_hp_gain":0,"max_hp_loss":0,"event_name":"Beggar","floor":28,"gold_loss":75},{"damage_healed":0,"gold_gain":0,"player_choice":"Opened","damage_taken":0,"relics_obtained":["MawBank"],"max_hp_gain":0,"max_hp_loss":0,"event_name":"The Mausoleum","floor":29,"gold_loss":0,"cards_obtained":["Writhe"]}],"is_beta":true,"boss_relics":[{"not_picked":["Empty Cage","Orrery"],"picked":"Runic Dome"}],"items_purged_floors":[14,24],"is_endless":false,"potions_floor_spawned":[2,5,8,10,13,19,20],"killed_by":"Gremlin Leader","ascension_level":9}