{"gold_per_floor":[118,136,149,163,163,163,201,221,269,302,64,99,99,115,115,236,236,251,54,95,120,136,136,180,180,180,220,220,234,268,10,10,140,140,161,174,299,322,335,373,439,473,542,542,0,77,90,40,40,40,40,40,3,42,42],"floor_reached":55,"playtime":2823,"items_purged":["Strike_B","Strike_B","Strike_B","Strike_B"],"score":972,"play_id":"675945d0-1f43-4c23-bea8-d87f2fa45e34","local_time":"20190109204506","is_ascension_mode":true,"campfire_choices":[{"data":"Auto Shields","floor":6.0,"key":"SMITH"},{"data":"Beam Cell","floor":13.0,"key":"SMITH"},{"data":"Rip and Tear","floor":15.0,"key":"SMITH"},{"data":"Electrodynamics","floor":23.0,"key":"SMITH"},{"data":"Biased Cognition","floor":25.0,"key":"SMITH"},{"data":"Reinforced Body","floor":32.0,"key":"SMITH"},{"data":"Steam Power","floor":44,"key":"PURGE"},{"floor":49,"key":"RECALL"},{"data":"Secret Technique","floor":52,"key":"SMITH"}],"neow_cost":"TEN_PERCENT_HP_LOSS","seed_source_timestamp":0,"circlet_count":0,"master_deck":["Defend_B","Defend_B","Defend_B","Defend_B","Zap","Dualcast","Sweeping Beam","Rip and Tear+1","Auto Shields+1","Rebound","Conserve Battery","Biased Cognition+1","Capacitor","Cold Snap","Ball Lightning","Beam Cell+1","Steam","Electrodynamics+1","Stack","Capacitor","Reinforced Body+1","Ball Lightning","Undo","Capacitor","Stack+1","Ball Lightning+1","Undo+1","Turbo+1","Capacitor","Meteor Strike","Redo+1","Storm+1","Hologram+1","Electrodynamics","Steam","Steam","Secret Technique+1","Consume+1","Loop"],"special_seed":0,"relics":["Cracked Core","Golden Idol","Meat on the Bone","Bronze Scales","Ornamental Fan","Smiling Mask","Nuclear Battery","Red Mask","Mercury Hourglass","Unceasing Top","Strawberry","Ice Cream","Chemical X","Lizard Tail","Torii","Bottled Lightning","Peace Pipe","Question Card","Shuriken","Bottled Tornado","Centennial Puzzle"],"potions_floor_usage":[37,38,40,50,50,50],"damage_taken":[{"damage":1.0,"enemies":"Cultist","floor":1.0,"turns":3.0},{"damage":2.0,"enemies":"Jaw Worm","floor":2.0,"turns":3.0},{"damage":0.0,"enemies":"2 Louse","floor":3.0,"turns":2.0},{"damage":6.0,"enemies":"Blue Slaver","floor":4.0,"turns":4.0},{"damage":23.0,"enemies":"Gremlin Nob","floor":7.0,"turns":4.0},{"damage":0.0,"enemies":"Red Slaver","floor":8.0,"turns":4.0},{"damage":17.0,"enemies":"Lagavulin","floor":10.0,"turns":7.0},{"damage":6.0,"enemies":"3 Sentries","floor":12.0,"turns":4.0},{"damage":0.0,"enemies":"2 Fungi Beasts","floor":14.0,"turns":1.0},{"damage":4.0,"enemies":"Slime Boss","floor":16.0,"turns":7.0},{"damage":0.0,"enemies":"3 Byrds","floor":18.0,"turns":3.0},{"damage":17.0,"enemies":"Masked Bandits","floor":20.0,"turns":3.0},{"damage":11.0,"enemies":"Shell Parasite","floor":21.0,"turns":5.0},{"damage":3.0,"enemies":"Chosen and Byrds","floor":22.0,"turns":4.0},{"damage":12.0,"enemies":"Book of Stabbing","floor":24.0,"turns":4.0},{"damage":14.0,"enemies":"Slavers","floor":27.0,"turns":4.0},{"damage":0.0,"enemies":"Snake Plant","floor":29.0,"turns":3.0},{"damage":0.0,"enemies":"Gremlin Leader","floor":30.0,"turns":4.0},{"damage":3.0,"enemies":"Automaton","floor":33.0,"turns":7.0},{"damage":0,"enemies":"3 Shapes","floor":35,"turns":4},{"damage":0,"enemies":"Orb Walker","floor":36,"turns":3},{"damage":12,"enemies":"Mind Bloom Boss Battle","floor":37,"turns":5},{"damage":0,"enemies":"Spire Growth","floor":38,"turns":3},{"damage":19,"enemies":"3 Darklings","floor":39,"turns":5},{"damage":88,"enemies":"Giant Head","floor":40,"turns":9},{"damage":0,"enemies":"2 Orb Walkers","floor":41,"turns":2},{"damage":7,"enemies":"Nemesis","floor":42,"turns":7},{"damage":0,"enemies":"Transient","floor":47,"turns":5},{"damage":30,"enemies":"Awakened One","floor":50,"turns":15},{"damage":18,"enemies":"Shield and Spear","floor":54,"turns":4},{"damage":73,"enemies":"The Heart","floor":55,"turns":3}],"seed_played":"1432232752876415707","potions_obtained":[{"floor":2.0,"key":"Explosive Potion"},{"floor":3.0,"key":"Swift Potion"},{"floor":7.0,"key":"SmokeBomb"},{"floor":10.0,"key":"Fire Potion"},{"floor":14.0,"key":"EssenceOfSteel"},{"floor":22.0,"key":"Regen Potion"},{"floor":29.0,"key":"SmokeBomb"},{"floor":36,"key":"Energy Potion"},{"floor":37,"key":"FocusPotion"},{"floor":38,"key":"Fruit Juice"},{"floor":41,"key":"EssenceOfSteel"},{"floor":42,"key":"GamblersBrew"},{"floor":54,"key":"SteroidPotion"}],"is_trial":false,"path_per_floor":["M","M","M","M","?","R","E","M","T","E","$","E","R","M","R","B",null,"M","$","?","M","M","R","E","R","T","E","?","M","E","$","R","B",null,"M","M","?","M","M","E","?","E","T","R","$","T","M","$","R","B",null,"R","$","E","B"],"character_chosen":"DEFECT","items_purchased":["Capacitor","Cold Snap","Ball Lightning","Capacitor","Reinforced Body","Chemical X","Capacitor","Bottled Tornado","Steam","Secret Technique","Loop"],"campfire_rested":0,"item_purchase_floors":[11,11,11,19,19,31,31,45,45,45,53],"current_hp_per_floor":[67,65,65,59,59,59,36,36,36,31,31,37,37,37,37,33,63,63,63,46,35,32,32,32,32,32,49,80,80,80,80,80,77,80,80,80,68,73,54,54,54,47,47,47,47,47,47,47,47,29,85,85,85,67,0],"gold":42,"neow_bonus":"THREE_RARE_CARDS","is_prod":false,"is_daily":false,"chose_seed":false,"campfire_upgraded":7,"win_rate":0,"timestamp":1547066706,"path_taken":["M","M","M","?","?","R","E","M","T","E","$","E","R","M","R","BOSS","M","$","?","M","M","R","E","R","T","E","?","?","E","?","R","BOSS","M","M","?","M","M","E","?","E","T","R","$","?","M","?","R","BOSS","R","$","E","BOSS"],"build_version":"2019-01-03v4","purchased_purges":4,"victory":false,"max_hp_per_floor":[68,68,68,68,63,63,63,63,63,63,63,63,63,63,63,63,63,63,63,63,63,63,63,63,63,63,70,80,80,80,80,80,80,80,80,80,80,85,85,85,85,85,85,85,85,85,85,85,85,85,85,85,85,85,85],"card_choices":[{"not_picked":["Multi-Cast","Meteor Strike"],"picked":"Machine Learning","floor":0.0},{"not_picked":["Stack","Force Field"],"picked":"Sweeping Beam","floor":1.0},{"not_picked":["Lockon","Rebound"],"picked":"Rip and Tear","floor":2.0},{"not_picked":["Cold Snap","Sweeping Beam"],"picked":"Auto Shields","floor":3.0},{"not_picked":["Turbo","Cold Snap"],"picked":"Rebound","floor":4.0},{"not_picked":["Recycle","Stack"],"picked":"Steam Power","floor":7.0},{"not_picked":["Tempest","Gash"],"picked":"Conserve Battery","floor":8.0},{"not_picked":["Amplify","Beam Cell"],"picked":"Biased Cognition","floor":10.0},{"not_picked":["Go for the Eyes","Hologram"],"picked":"Beam Cell","floor":12.0},{"not_picked":["Hologram","Rebound"],"picked":"Steam","floor":14.0},{"not_picked":["Hyperbeam","All For One"],"picked":"Electrodynamics","floor":16.0},{"not_picked":["Genetic Algorithm","Hologram"],"picked":"Stack","floor":18.0},{"not_picked":["Beam Cell","White Noise"],"picked":"Ball Lightning","floor":20.0},{"not_picked":["Redo","Steam"],"picked":"Undo","floor":21.0},{"not_picked":["FTL+1","Beam Cell+1"],"picked":"Capacitor","floor":22.0},{"not_picked":["Cold Snap+1","Multi-Cast"],"picked":"Stack+1","floor":24.0},{"not_picked":["Rebound","Sweeping Beam"],"picked":"Ball Lightning+1","floor":27.0},{"not_picked":["Gash+1","Streamline+1"],"picked":"Undo+1","floor":29.0},{"not_picked":["Streamline+1","Aggregate"],"picked":"Turbo+1","floor":30.0},{"not_picked":["Creative AI","Multi-Cast"],"picked":"Meteor Strike","floor":33.0},{"not_picked":["Leap","White Noise"],"picked":"Redo+1","floor":35},{"not_picked":["Rebound","Sweeping Beam","Turbo"],"picked":"SKIP","floor":36},{"not_picked":["Gash","Leap+1"],"picked":"Storm+1","floor":38},{"not_picked":["Rebound+1","Cold Snap+1"],"picked":"Hologram+1","floor":39},{"not_picked":["Ball Lightning+1","Steam Power+1"],"picked":"Electrodynamics","floor":40},{"not_picked":["Coolheaded","Undo"],"picked":"Steam","floor":41},{"not_picked":["Steam","Beam Cell","Turbo"],"picked":"SKIP","floor":42},{"not_picked":["Coolheaded","Sweeping Beam+1","Steam+1"],"picked":"Consume+1","floor":47},{"not_picked":["Recycle","Ball Lightning","Darkness+1","Redo"],"picked":"SKIP","floor":54}],"player_experience":34266,"relics_obtained":[{"floor":7.0,"key":"Meat on the Bone"},{"floor":9.0,"key":"Bronze Scales"},{"floor":10.0,"key":"Ornamental Fan"},{"floor":12.0,"key":"Smiling Mask"},{"floor":20.0,"key":"Red Mask"},{"floor":24.0,"key":"Mercury Hourglass"},{"floor":26.0,"key":"Unceasing Top"},{"floor":27.0,"key":"Strawberry"},{"floor":30.0,"key":"Ice Cream"},{"floor":37,"key":"Torii"},{"floor":40,"key":"Bottled Lightning"},{"floor":41,"key":"Peace Pipe"},{"floor":42,"key":"Question Card"},{"floor":43,"key":"Shuriken"},{"floor":54,"key":"Centennial Puzzle"}],"event_choices":[{"damage_healed":0.0,"max_hp_gain":0.0,"max_hp_loss":5.0,"gold_gain":0.0,"event_name":"Golden Idol","player_choice":"Lose Max HP","floor":5.0,"gold_loss":0.0,"damage_taken":0.0,"relics_obtained":["Golden Idol"]},{"damage_healed":0.0,"max_hp_gain":0.0,"max_hp_loss":0.0,"gold_gain":0.0,"event_name":"Masked Bandits","player_choice":"Fought Bandits","floor":20.0,"gold_loss":0.0,"damage_taken":0.0},{"cards_removed":["Machine Learning"],"damage_healed":21.0,"max_hp_gain":10.0,"max_hp_loss":0.0,"gold_gain":0.0,"event_name":"Bonfire Elementals","player_choice":"Offered Rare","floor":28.0,"gold_loss":0.0,"damage_taken":0.0},{"damage_healed":0,"gold_gain":0,"player_choice":"Fight","damage_taken":0,"max_hp_gain":0,"max_hp_loss":0,"event_name":"MindBloom","floor":37,"gold_loss":0},{"damage_healed":0,"gold_gain":0,"player_choice":"Fight","damage_taken":0,"max_hp_gain":0,"max_hp_loss":0,"event_name":"Mysterious Sphere","floor":41,"gold_loss":0}],"is_beta":false,"boss_relics":[{"not_picked":["Runic Dome","Coffee Dripper"],"picked":"Nuclear Battery"},{"not_picked":["Inserter","Tiny House"],"picked":"Lizard Tail"}],"items_purged_floors":[11,19,45,48],"is_endless":false,"potions_floor_spawned":[2,3,7,10,14,22,29,33,36,37,38,41,42,54],"killed_by":"The Heart","ascension_level":3}