{"gold_per_floor":[118,118,193,40,54,89,108,108,108,140,140,166,178,198,198,298,298,313,326,342,361,21,56,56,67,143,174,49,61,61,95,95,196,196,213,16,27,27,42,77,77,103,133,149,149,149,149,159,159,159],"floor_reached":50,"playtime":5687,"items_purged":["Strike_G","Defend_G","Strike_G"],"score":803,"play_id":"ad6bd854-1a97-4ccd-9d33-907da90faca9","local_time":"20180802233836","is_ascension_mode":true,"campfire_choices":[{"data":"Malaise","floor":8.0,"key":"SMITH"},{"data":"Neutralize","floor":11.0,"key":"SMITH"},{"data":"Dash","floor":15.0,"key":"SMITH"},{"data":"After Image","floor":24.0,"key":"SMITH"},{"data":"Dash","floor":32.0,"key":"SMITH"},{"data":"Backstab","floor":41,"key":"SMITH"},{"data":"Survivor","floor":45,"key":"SMITH"},{"data":"Strike_G","floor":47,"key":"SMITH"},{"data":"Defend_G","floor":49,"key":"SMITH"}],"neow_cost":"NONE","seed_source_timestamp":0,"circlet_count":0,"master_deck":["Defend_G","Defend_G","Defend_G","Defend_G+1","Strike_G","Strike_G","Strike_G+1","Survivor+1","Neutralize+1","Dash+1","Dash+1","Backflip+1","Backflip+1","Blade Dance+1","Well Laid Plans+1","Storm of Steel+1","Backflip+1","After Image+1","Prepared+1","Backstab+1","Calculated Gamble+1","Malaise+1","Prepared+1","Skewer+1"],"special_seed":0,"relics":["Ring of the Snake","Toxic Egg 2","Shuriken","Dodecahedron","Blue Candle","Coffee Dripper","Letter Opener","Oddly Smooth Stone","Gremlin Horn","Lantern","Mercury Hourglass","HoveringKite","Chemical X","Boot","Vajra","Tiny Chest","Mango"],"potions_floor_usage":[50,50,50],"damage_taken":[{"damage":0.0,"enemies":"2 Louse","floor":1.0,"turns":3.0},{"damage":0.0,"enemies":"Cultist","floor":5.0,"turns":5.0},{"damage":15.0,"enemies":"Lagavulin","floor":6.0,"turns":8.0},{"damage":0.0,"enemies":"Small Slimes","floor":7.0,"turns":4.0},{"damage":6.0,"enemies":"3 Sentries","floor":10.0,"turns":8.0},{"damage":4.0,"enemies":"Gremlin Nob","floor":12.0,"turns":5.0},{"damage":0.0,"enemies":"Blue Slaver","floor":13.0,"turns":3.0},{"damage":0.0,"enemies":"2 Fungi Beasts","floor":14.0,"turns":3.0},{"damage":16.0,"enemies":"The Guardian","floor":16.0,"turns":10.0},{"damage":0.0,"enemies":"Spheric Guardian","floor":18.0,"turns":4.0},{"damage":3.0,"enemies":"2 Thieves","floor":19.0,"turns":5.0},{"damage":0.0,"enemies":"Centurion and Healer","floor":20.0,"turns":5.0},{"damage":3.0,"enemies":"Snake Plant","floor":21.0,"turns":7.0},{"damage":0.0,"enemies":"Book of Stabbing","floor":23.0,"turns":6.0},{"damage":4.0,"enemies":"Sentry and Sphere","floor":25.0,"turns":4.0},{"damage":0.0,"enemies":"Gremlin Leader","floor":27.0,"turns":6.0},{"damage":0.0,"enemies":"Centurion and Healer","floor":29.0,"turns":4.0},{"damage":0.0,"enemies":"Slavers","floor":31.0,"turns":3.0},{"damage":0.0,"enemies":"Champ","floor":33.0,"turns":7.0},{"damage":0,"enemies":"3 Shapes","floor":35,"turns":3},{"damage":0,"enemies":"3 Darklings","floor":37,"turns":5},{"damage":0,"enemies":"Flame Bruiser 2 Orb","floor":39,"turns":4},{"damage":69,"enemies":"Giant Head","floor":40,"turns":10},{"damage":2,"enemies":"Nemesis","floor":42,"turns":7},{"damage":7,"enemies":"Sphere and 2 Shapes","floor":44,"turns":4},{"damage":0,"enemies":"4 Shapes","floor":48,"turns":3},{"damage":24,"enemies":"Time Eater","floor":50,"turns":13}],"seed_played":"-7685491458921647955","potions_obtained":[{"floor":2.0,"key":"Block Potion"},{"floor":2.0,"key":"Energy Potion"},{"floor":2.0,"key":"Strength Potion"},{"floor":5.0,"key":"Fire Potion"},{"floor":6.0,"key":"Ancient Potion"},{"floor":14.0,"key":"PowerPotion"},{"floor":21.0,"key":"GhostInAJar"},{"floor":23.0,"key":"FearPotion"},{"floor":31.0,"key":"Swift Potion"},{"floor":35,"key":"SteroidPotion"},{"floor":39,"key":"Weak Potion"},{"floor":40,"key":"FearPotion"},{"floor":48,"key":"Dexterity Potion"}],"is_trial":false,"path_per_floor":["M","?","?","$","M","E","M","R","T","E","R","E","M","M","R","B",null,"M","M","M","M","$","E","R","M","T","E","$","M","?","E","R","B",null,"M","$","M","?","M","E","R","E","T","M","R","T","R","M","R"],"character_chosen":"THE_SILENT","items_purchased":["Dash","Letter Opener","Chemical X"],"campfire_rested":0,"item_purchase_floors":[4,22,36],"current_hp_per_floor":[70,70,59,59,59,44,44,44,44,38,38,34,34,34,34,18,70,70,67,67,64,64,64,64,60,60,60,60,60,80,80,80,80,80,80,80,80,80,80,11,11,9,9,2,2,16,16,16,16,0],"gold":159,"neow_bonus":"ONE_RANDOM_RARE_CARD","is_prod":false,"is_daily":false,"chose_seed":false,"campfire_upgraded":9,"win_rate":0,"timestamp":1533224316,"path_taken":["M","?","?","$","M","E","?","R","T","E","R","E","M","M","R","BOSS","M","M","M","M","$","E","R","M","T","E","$","M","?","E","R","BOSS","M","$","M","?","M","E","R","E","T","?","R","?","R","M","R","BOSS"],"build_version":"2018-07-26","purchased_purges":3,"victory":false,"max_hp_per_floor":[70,70,70,70,70,70,70,70,70,70,70,70,70,70,70,70,70,70,70,70,70,70,70,70,70,70,70,70,70,80,80,80,80,80,80,80,80,80,80,80,80,80,80,80,80,94,94,94,94,94],"card_choices":[{"not_picked":["PiercingWail","Expertise"],"picked":"Dash","floor":1.0},{"not_picked":["Bane","Underhanded Strike","Well Laid Plans"],"picked":"SKIP","floor":5.0},{"not_picked":["Dagger Spray","PiercingWail"],"picked":"Backflip","floor":6.0},{"not_picked":["Deadly Poison+1","Slice"],"picked":"Backflip+1","floor":7.0},{"not_picked":["Bane","Outmaneuver+1"],"picked":"Blade Dance+1","floor":10.0},{"not_picked":["Deflect+1","Slice"],"picked":"Well Laid Plans","floor":12.0},{"not_picked":["Skewer","Predator"],"picked":"Storm of Steel+1","floor":13.0},{"not_picked":["Setup+1","Sucker Punch"],"picked":"Backflip+1","floor":14.0},{"not_picked":["Doppelganger+1","Bullet Time+1"],"picked":"After Image","floor":16.0},{"not_picked":["Skewer","Leg Sweep+1"],"picked":"Prepared+1","floor":18.0},{"not_picked":["Acrobatics+1","Dodge and Roll+1","Dagger Throw"],"picked":"SKIP","floor":19.0},{"not_picked":["Flying Knee","Sucker Punch","All Out Attack"],"picked":"SKIP","floor":20.0},{"not_picked":["Dagger Throw","Deflect+1","Bullet Time+1"],"picked":"SKIP","floor":21.0},{"not_picked":["Slice","Dagger Spray+1"],"picked":"Backstab","floor":23.0},{"not_picked":["Quick Slash","Sucker Punch"],"picked":"Calculated Gamble+1","floor":25.0},{"not_picked":["Finisher","Quick Slash","Masterful Stab"],"picked":"SKIP","floor":27.0},{"not_picked":["Catalyst+1","Bane","PiercingWail+1"],"picked":"SKIP","floor":29.0},{"not_picked":["Underhanded Strike","Bouncing Flask+1","Expertise+1"],"picked":"SKIP","floor":31.0},{"not_picked":["Corpse Explosion+1","Venomology+1"],"picked":"Malaise+1","floor":33.0},{"not_picked":["Quick Slash","Poisoned Stab+1"],"picked":"Prepared+1","floor":35},{"not_picked":["Bane+1","Underhanded Strike","Eviscerate"],"picked":"SKIP","floor":37},{"not_picked":["Cloak And Dagger+1","Bane","Outmaneuver+1"],"picked":"SKIP","floor":39},{"not_picked":["Doppelganger+1","Distraction+1","Poisoned Stab+1"],"picked":"SKIP","floor":40},{"not_picked":["Blur+1","Prepared+1","Distraction+1"],"picked":"SKIP","floor":42},{"not_picked":["Calculated Gamble+1","Slice","Underhanded Strike"],"picked":"SKIP","floor":44},{"not_picked":["Blur+1","Flying Knee+1"],"picked":"Skewer+1","floor":48}],"player_experience":241159,"relics_obtained":[{"floor":6.0,"key":"Toxic Egg 2"},{"floor":9.0,"key":"Shuriken"},{"floor":10.0,"key":"Dodecahedron"},{"floor":12.0,"key":"Blue Candle"},{"floor":23.0,"key":"Oddly Smooth Stone"},{"floor":26.0,"key":"Gremlin Horn"},{"floor":27.0,"key":"Lantern"},{"floor":31.0,"key":"Mercury Hourglass"},{"floor":40,"key":"Boot"},{"floor":42,"key":"Vajra"},{"floor":43,"key":"Tiny Chest"},{"floor":46,"key":"Mango"}],"event_choices":[{"event_name":"The Lab","player_choice":"Got Potions","floor":2.0,"damage_taken":0.0},{"event_name":"World of Goop","player_choice":"Gather Gold","floor":3.0,"damage_taken":0.0},{"event_name":"Bonfire Elementals","player_choice":"RARE","floor":30.0,"damage_taken":0.0},{"event_name":"Accursed Blacksmith","player_choice":"Forge","floor":38,"damage_taken":0}],"is_beta":false,"boss_relics":[{"not_picked":["Empty Cage","Calling Bell"],"picked":"Coffee Dripper"},{"not_picked":["Runic Dome","Velvet Choker"],"picked":"HoveringKite"}],"items_purged_floors":[4,22,28],"is_endless":false,"potions_floor_spawned":[5,6,14,21,23,27,29,31,35,39,40,48],"killed_by":"Time Eater","ascension_level":2}