{"gold_per_floor":[217,227,402,352,367,367,392,392,392,406,111,121,147,164,164,164],"floor_reached":16,"playtime":607,"items_purged":[],"score":151,"play_id":"9295a783-6332-4290-844b-d38191ab93fc","local_time":"20180821164649","is_ascension_mode":true,"campfire_choices":[{"data":"Bash","floor":6,"key":"SMITH"},{"floor":8,"key":"REST"},{"floor":15,"key":"REST"}],"neow_cost":"NONE","seed_source_timestamp":99785627052626,"circlet_count":0,"master_deck":["Strike_R","Strike_R","Strike_R","Strike_R","Strike_R","Defend_R","Defend_R","Defend_R","Defend_R","Bash+1","Disarm","Iron Wave","Perfected Strike","Flex","Seeing Red","Disarm","Flex"],"relics":["Burning Blood","Darkstone Periapt","Boot","Shuriken","Potion Belt"],"potions_floor_usage":[7,7,13],"damage_taken":[{"damage":2,"enemies":"2 Louse","floor":1,"turns":3},{"damage":9,"enemies":"Jaw Worm","floor":2,"turns":5},{"damage":10,"enemies":"Cultist","floor":5,"turns":5},{"damage":45,"enemies":"Lagavulin","floor":7,"turns":7},{"damage":11,"enemies":"Large Slime","floor":10,"turns":7},{"damage":22,"enemies":"Exordium Wildlife","floor":12,"turns":6},{"damage":25,"enemies":"3 Sentries","floor":13,"turns":6},{"damage":7,"enemies":"2 Fungi Beasts","floor":14,"turns":3},{"damage":45,"enemies":"Hexaghost","floor":16,"turns":14}],"seed_played":"-5235216795389343939","potions_obtained":[{"floor":1,"key":"BloodPotion"},{"floor":5,"key":"Swift Potion"},{"floor":12,"key":"Strength Potion"}],"is_trial":false,"path_per_floor":["M","M","?","?","M","R","E","R","T","M","$","M","E","M","R"],"character_chosen":"IRONCLAD","items_purchased":["Shuriken","Flex"],"campfire_rested":2,"item_purchase_floors":[11,11],"current_hp_per_floor":[76,73,73,73,69,69,38,62,62,57,57,41,22,21,45,0],"gold":164,"neow_bonus":"HUNDRED_GOLD","is_prod":false,"is_daily":false,"chose_seed":false,"campfire_upgraded":1,"win_rate":0,"timestamp":1534891609,"path_taken":["M","M","?","?","M","R","E","R","T","M","?","?","E","M","R","BOSS"],"build_version":"2018-08-20","purchased_purges":0,"victory":false,"max_hp_per_floor":[80,80,80,80,80,80,80,80,80,80,80,80,80,80,80,80],"card_choices":[{"not_picked":["Dual Wield","Anger","Combust"],"picked":"SKIP","floor":1},{"not_picked":["Clash","Warcry","Anger"],"picked":"SKIP","floor":2},{"not_picked":["Entrench","Body Slam"],"picked":"Disarm","floor":5},{"not_picked":["Armaments","Anger"],"picked":"Iron Wave","floor":7},{"not_picked":["Metallicize","Bludgeon"],"picked":"Perfected Strike","floor":10},{"not_picked":["Heavy Blade","Feel No Pain"],"picked":"Seeing Red","floor":12},{"not_picked":["Clothesline","Burning Pact"],"picked":"Disarm","floor":13},{"not_picked":["Clash","Heavy Blade"],"picked":"Flex","floor":14}],"player_experience":507143,"relics_obtained":[{"floor":7,"key":"Darkstone Periapt"},{"floor":9,"key":"Boot"},{"floor":13,"key":"Potion Belt"}],"event_choices":[{"event_name":"Liars Game","player_choice":"agreed","floor":3,"damage_taken":0},{"event_name":"The Cleric","player_choice":"Card Removal","floor":4,"damage_taken":0}],"is_beta":true,"boss_relics":[],"items_purged_floors":[],"is_endless":false,"potions_floor_spawned":[1,5,12],"killed_by":"Hexaghost","ascension_level":7}