{"gold_per_floor":[110,41,41,59,71,105,124,124,124,140,170,236,246,246,246,246],"floor_reached":16,"playtime":416,"items_purged":[],"score":174,"play_id":"7971d75e-ea13-43c3-9141-8a07b3ad0b1a","local_time":"20190116181506","is_ascension_mode":true,"campfire_choices":[{"floor":8,"key":"REST"},{"floor":15,"key":"REST"}],"neow_cost":"NONE","seed_source_timestamp":1904399556560539,"circlet_count":0,"master_deck":["AscendersBane","Defend_G","Defend_G","Defend_G","Defend_G","Strike_G","Strike_G+1","Strike_G","Strike_G","Strike_G","Survivor","Neutralize","Dagger Spray","All Out Attack","Blade Dance+1","Quick Slash","Masterful Stab","Flying Knee","Poisoned Stab"],"relics":["Ring of the Snake","NeowsBlessing","Ninja Scroll","Singing Bowl","Blood Vial"],"potions_floor_usage":[6,6,16],"damage_taken":[{"damage":0,"enemies":"Jaw Worm","floor":1,"turns":1},{"damage":0,"enemies":"Cultist","floor":4,"turns":1},{"damage":0,"enemies":"Small Slimes","floor":5,"turns":1},{"damage":52,"enemies":"Lagavulin","floor":6,"turns":6},{"damage":0,"enemies":"Blue Slaver","floor":7,"turns":2},{"damage":0,"enemies":"Large Slime","floor":10,"turns":3},{"damage":10,"enemies":"3 Sentries","floor":11,"turns":4},{"damage":0,"enemies":"Exordium Thugs","floor":13,"turns":3},{"damage":40,"enemies":"Hexaghost","floor":16,"turns":9}],"seed_played":"-2237759178513056283","potions_obtained":[{"floor":1,"key":"Energy Potion"},{"floor":4,"key":"Poison Potion"},{"floor":10,"key":"GamblersBrew"},{"floor":13,"key":"SpeedPotion"}],"is_trial":false,"path_per_floor":["M","$","?","M","M","E","M","R","T","M","E","?","M","?","R","B"],"character_chosen":"THE_SILENT","items_purchased":["All Out Attack"],"campfire_rested":2,"item_purchase_floors":[2],"current_hp_per_floor":[63,63,63,63,63,11,11,32,32,34,26,26,30,15,37,0],"gold":246,"neow_bonus":"THREE_ENEMY_KILL","is_prod":false,"is_daily":false,"chose_seed":false,"campfire_upgraded":0,"win_rate":0,"timestamp":1547662506,"path_taken":["M","$","?","?","M","E","?","R","T","M","E","?","M","?","R","BOSS"],"build_version":"2019-01-10","purchased_purges":0,"victory":false,"max_hp_per_floor":[70,70,70,70,70,70,70,70,70,72,74,74,76,76,76,76],"card_choices":[{"not_picked":["Infinite Blades","Well Laid Plans"],"picked":"Dagger Spray","floor":1},{"not_picked":["PiercingWail","Dodge and Roll"],"picked":"Quick Slash","floor":4},{"not_picked":["Quick Slash","Dodge and Roll"],"picked":"Masterful Stab","floor":5},{"not_picked":["Bouncing Flask","Infinite Blades"],"picked":"Flying Knee","floor":6},{"not_picked":["Backflip","Calculated Gamble"],"picked":"Poisoned Stab","floor":7},{"not_picked":["Prepared","Bullet Time","Flying Knee"],"picked":"Singing Bowl","floor":10},{"not_picked":["Dodge and Roll","Calculated Gamble","Noxious Fumes"],"picked":"Singing Bowl","floor":11},{"not_picked":["Escape Plan","Underhanded Strike","Footwork"],"picked":"Singing Bowl","floor":13}],"player_experience":368973,"relics_obtained":[{"floor":6,"key":"Ninja Scroll"},{"floor":9,"key":"Singing Bowl"},{"floor":11,"key":"Blood Vial"}],"event_choices":[{"damage_healed":0,"gold_gain":0,"cards_transformed":["Defend_G"],"player_choice":"Transformed","damage_taken":0,"max_hp_gain":0,"max_hp_loss":0,"event_name":"Transmorgrifier","floor":3,"gold_loss":0,"cards_obtained":["Blade Dance"]},{"damage_healed":0,"gold_gain":66,"player_choice":"Gained Gold","damage_taken":0,"max_hp_gain":0,"max_hp_loss":0,"event_name":"Golden Wing","floor":12,"gold_loss":0},{"damage_healed":0,"gold_gain":0,"player_choice":"Entered Light","damage_taken":15,"max_hp_gain":0,"max_hp_loss":0,"event_name":"Shining Light","floor":14,"gold_loss":0,"cards_upgraded":["Blade Dance","Strike_G"]}],"is_beta":false,"boss_relics":[],"items_purged_floors":[],"is_endless":false,"potions_floor_spawned":[1,4,10,13],"killed_by":"Hexaghost","ascension_level":11}