{"gold_per_floor":[109,109,127,141,141,170,170,184,184,203,223,9,28,42,42,143,143,155,155,171,191,206,206,306,306,331,16,16,16,16,33,33,129,129,142,154,167,167,186,186,186,186],"floor_reached":42,"playtime":6714,"items_purged":[],"score":479,"play_id":"74807723-cc1d-412a-b7c8-c9fa9acd4bc3","local_time":"20190106221458","is_ascension_mode":false,"campfire_choices":[{"floor":7.0,"key":"REST"},{"data":"Neutralize","floor":15.0,"key":"SMITH"},{"floor":23.0,"key":"REST"},{"data":"Envenom","floor":25.0,"key":"SMITH"},{"data":"Sucker Punch","floor":30.0,"key":"SMITH"},{"data":"Well Laid Plans","floor":32.0,"key":"SMITH"},{"data":"Riddle With Holes","floor":40,"key":"SMITH"}],"neow_cost":"NONE","seed_source_timestamp":0,"circlet_count":0,"master_deck":["Defend_G+1","Defend_G+1","Defend_G","Survivor","Neutralize+1","Sucker Punch+1","Backstab","Quick Slash","Dagger Throw","Quick Slash","Prepared+1","Blade Dance+1","Leg Sweep+1","Well Laid Plans+1","Riddle With Holes+1","Blade Dance+1","Deflect+1","Envenom+1","Well Laid Plans","Ghostly+1","Ghostly+1","Ghostly+1","Ghostly+1","Ghostly+1","Acrobatics+1","Deadly Poison+1","Blade Dance+1","Flying Knee","Deadly Poison+1","Bite","Bite","Bite","Bite","Wraith Form v2+1","Bullet Time+1","Caltrops+1","Outmaneuver+1","Dodge and Roll+1","PiercingWail+1","Metamorphosis+1"],"special_seed":0,"relics":["Empty Cage","Toxic Egg 2","Gremlin Horn","Eternal Feather","Frozen Egg 2","WingedGreaves","Anchor","Ninja Scroll"],"potions_floor_usage":[37,42],"damage_taken":[{"damage":0.0,"enemies":"2 Louse","floor":1.0,"turns":3.0},{"damage":0.0,"enemies":"Jaw Worm","floor":3.0,"turns":3.0},{"damage":0.0,"enemies":"Cultist","floor":4.0,"turns":4.0},{"damage":18.0,"enemies":"Gremlin Nob","floor":6.0,"turns":5.0},{"damage":3.0,"enemies":"Lots of Slimes","floor":8.0,"turns":4.0},{"damage":1.0,"enemies":"Exordium Thugs","floor":10.0,"turns":4.0},{"damage":4.0,"enemies":"Blue Slaver","floor":11.0,"turns":2.0},{"damage":0.0,"enemies":"Large Slime","floor":13.0,"turns":5.0},{"damage":2.0,"enemies":"Looter","floor":14.0,"turns":2.0},{"damage":26.0,"enemies":"Hexaghost","floor":16.0,"turns":12.0},{"damage":6.0,"enemies":"Chosen","floor":18.0,"turns":5.0},{"damage":16.0,"enemies":"3 Byrds","floor":20.0,"turns":7.0},{"damage":13.0,"enemies":"3 Cultists","floor":21.0,"turns":7.0},{"damage":5.0,"enemies":"Centurion and Healer","floor":22.0,"turns":8.0},{"damage":9.0,"enemies":"Colosseum Slavers","floor":24.0,"turns":5.0},{"damage":8.0,"enemies":"Colosseum Nobs","floor":24.0,"turns":7.0},{"damage":3.0,"enemies":"Snake Plant","floor":31.0,"turns":4.0},{"damage":12.0,"enemies":"Collector","floor":33.0,"turns":7.0},{"damage":1,"enemies":"3 Shapes","floor":35,"turns":3},{"damage":2,"enemies":"Orb Walker","floor":36,"turns":5},{"damage":11,"enemies":"Sphere and 2 Shapes","floor":37,"turns":6},{"damage":10,"enemies":"3 Darklings","floor":39,"turns":6},{"damage":38,"enemies":"Giant Head","floor":42,"turns":9}],"seed_played":"-3985082450981129466","potions_obtained":[{"floor":4.0,"key":"Block Potion"},{"floor":10.0,"key":"Energy Potion"},{"floor":11.0,"key":"Weak Potion"},{"floor":24.0,"key":"Energy Potion"},{"floor":31.0,"key":"PowerPotion"},{"floor":35,"key":"Strength Potion"}],"is_trial":false,"path_per_floor":["M","?","M","M","?","E","R","M","T","M","M","$","M","M","R","B",null,"M","?","M","M","M","R","?","R","T","$","?","?","R","M","R","B",null,"M","M","M","?","M","R","?","E"],"character_chosen":"THE_SILENT","items_purchased":["Leg Sweep+1","Well Laid Plans","Riddle With Holes","Ninja Scroll","Deadly Poison+1","Block Potion"],"campfire_rested":2,"item_purchase_floors":[12,12,12,27,27,27],"current_hp_per_floor":[70,56,56,56,56,38,59,56,56,55,51,51,51,49,49,23,70,64,35,19,6,1,29,12,30,30,30,24,24,24,21,24,21,24,24,24,20,20,14,24,24,0],"gold":186,"neow_bonus":"BOSS_RELIC","is_prod":false,"is_daily":false,"chose_seed":false,"campfire_upgraded":5,"win_rate":0.0,"timestamp":1546812898,"path_taken":["M","?","M","M","?","E","R","?","T","M","M","?","M","M","R","BOSS","M","?","M","M","M","R","?","R","T","$","?","?","R","M","R","BOSS","M","M","M","?","M","R","?","E"],"build_version":"2019-01-03v4","purchased_purges":0,"victory":false,"max_hp_per_floor":[70,70,70,70,70,70,70,70,70,70,70,70,70,70,70,70,70,70,35,35,35,35,35,35,35,35,35,24,24,24,24,24,24,24,24,24,24,24,24,24,24,24],"card_choices":[{"not_picked":["Acrobatics","Slice"],"picked":"Sucker Punch","floor":1.0},{"not_picked":["Endless Agony","Calculated Gamble"],"picked":"Backstab","floor":3.0},{"not_picked":["Leg Sweep","Masterful Stab"],"picked":"Quick Slash","floor":4.0},{"not_picked":["Well Laid Plans","Malaise"],"picked":"Dagger Throw","floor":6.0},{"not_picked":["Expertise+1","Underhanded Strike"],"picked":"Quick Slash","floor":8.0},{"not_picked":["Dodge and Roll+1","Underhanded Strike"],"picked":"Prepared+1","floor":10.0},{"not_picked":["Eviscerate","Slice"],"picked":"Blade Dance+1","floor":11.0},{"not_picked":["Deflect+1","Flying Knee"],"picked":"Blade Dance+1","floor":13.0},{"not_picked":["Reflex+1","Dagger Throw"],"picked":"Deflect+1","floor":14.0},{"not_picked":["Die Die Die","Malaise+1"],"picked":"Envenom","floor":16.0},{"not_picked":["Escape Plan+1","Eviscerate+1"],"picked":"Well Laid Plans","floor":18.0},{"not_picked":["Underhanded Strike","Dodge and Roll+1"],"picked":"Acrobatics+1","floor":20.0},{"not_picked":["Slice+1","Poisoned Stab"],"picked":"Deadly Poison+1","floor":21.0},{"not_picked":["Deadly Poison+1","Prepared+1"],"picked":"Blade Dance+1","floor":22.0},{"not_picked":["Escape Plan+1","Prepared+1"],"picked":"Flying Knee","floor":24.0},{"not_picked":["Blade Dance+1","Masterful Stab"],"picked":"Wraith Form v2+1","floor":31.0},{"not_picked":["Tools of the Trade+1","Doppelganger+1"],"picked":"Bullet Time+1","floor":33.0},{"not_picked":["Eviscerate","Underhanded Strike+1"],"picked":"Caltrops+1","floor":35},{"not_picked":["Sucker Punch+1","Blur+1"],"picked":"Outmaneuver+1","floor":36},{"not_picked":["Riddle With Holes","Malaise+1"],"picked":"Dodge and Roll+1","floor":37},{"not_picked":["Expertise+1","All Out Attack+1"],"picked":"PiercingWail+1","floor":39},{"not_picked":["Impatience+1","Swift Strike"],"picked":"Metamorphosis+1","floor":41}],"player_experience":19955,"relics_obtained":[{"floor":6.0,"key":"Toxic Egg 2"},{"floor":9.0,"key":"Gremlin Horn"},{"floor":24.0,"key":"Frozen Egg 2"},{"floor":24.0,"key":"WingedGreaves"},{"floor":26.0,"key":"Anchor"}],"event_choices":[{"damage_healed":0.0,"max_hp_gain":0.0,"max_hp_loss":0.0,"gold_gain":0.0,"event_name":"Shining Light","player_choice":"Entered Light","floor":2.0,"gold_loss":0.0,"damage_taken":14.0,"cards_upgraded":["Defend_G","Defend_G"]},{"cards_removed":["Strike_G"],"damage_healed":0.0,"max_hp_gain":0.0,"max_hp_loss":0.0,"gold_gain":0.0,"event_name":"Bonfire Elementals","player_choice":"Offered Basic","floor":5.0,"gold_loss":0.0,"damage_taken":0.0},{"damage_healed":0.0,"max_hp_gain":0.0,"max_hp_loss":35.0,"gold_gain":0.0,"event_name":"Ghosts","player_choice":"Became a Ghost","floor":19.0,"gold_loss":0.0,"damage_taken":0.0,"cards_obtained":["Ghostly","Ghostly","Ghostly","Ghostly","Ghostly"]},{"damage_healed":0.0,"max_hp_gain":0.0,"max_hp_loss":0.0,"gold_gain":0.0,"event_name":"Colosseum","player_choice":"Fight","floor":24.0,"gold_loss":0.0,"damage_taken":0.0},{"damage_healed":0.0,"max_hp_gain":0.0,"max_hp_loss":0.0,"gold_gain":0.0,"event_name":"Colosseum","player_choice":"Fought Nobs","floor":24.0,"gold_loss":0.0,"damage_taken":0.0},{"damage_healed":0.0,"max_hp_gain":0.0,"max_hp_loss":11.0,"gold_gain":0.0,"event_name":"Vampires","player_choice":"Became a vampire","floor":28.0,"gold_loss":0.0,"damage_taken":0.0,"cards_obtained":["Bite","Bite","Bite","Bite","Bite"]},{"cards_removed":["Defend_G"],"damage_healed":0.0,"max_hp_gain":0.0,"max_hp_loss":0.0,"gold_gain":0.0,"event_name":"Back to Basics","player_choice":"Elegance","floor":29.0,"gold_loss":0.0,"damage_taken":0.0},{"cards_removed":["Bite"],"damage_healed":0,"gold_gain":0,"player_choice":"Removed Attack","damage_taken":0,"max_hp_gain":0,"max_hp_loss":0,"event_name":"Falling","floor":38,"gold_loss":0},{"damage_healed":0,"gold_gain":0,"player_choice":"Memory 1","damage_taken":0,"max_hp_gain":0,"max_hp_loss":0,"event_name":"SensoryStone","floor":41,"gold_loss":0}],"is_beta":false,"boss_relics":[{"not_picked":["White Beast Statue","Runic Dome"],"picked":"Eternal Feather"},{"not_picked":["Snecko Eye","HoveringKite","Velvet Choker"]}],"items_purged_floors":[],"is_endless":false,"potions_floor_spawned":[4,10,11,13,14,20,24,24,31,35,36],"killed_by":"Giant Head","ascension_level":0}