{"gold_per_floor":[11,11,27,27,27,27,57,76,76,76,103,123,140,155,155,259,259,270,286,301,6,6,6,68,0,50,61,61,74,74,90,90,186,186,206,17,32,32,46,46,63,63,109,121,43,70,100,112,124,136],"floor_reached":51,"playtime":4322,"items_purged":["Dualcast"],"score":757,"play_id":"2371051a-fc0e-44f3-9e11-66f2f734d22c","local_time":"20190110215722","is_ascension_mode":true,"campfire_choices":[{"data":"Beam Cell","floor":6.0,"key":"SMITH"},{"floor":10.0,"key":"REST"},{"floor":15.0,"key":"REST"},{"floor":23.0,"key":"REST"},{"floor":30.0,"key":"REST"},{"data":"Hologram","floor":32.0,"key":"SMITH"},{"data":"Machine Learning","floor":40.0,"key":"SMITH"},{"data":"Skim","floor":42.0,"key":"SMITH"},{"floor":44.0,"key":"REST"},{"data":"Stack","floor":49.0,"key":"SMITH"}],"neow_cost":"NO_GOLD","seed_source_timestamp":0,"circlet_count":0,"master_deck":["Strike_B","Strike_B","Strike_B","Defend_B","Defend_B","Defend_B","Defend_B","All For One","Beam Cell+1","Conserve Battery","Skim","Gash","Leap","Scrape","Gash","Machine Learning+1","Steam","Conserve Battery+1","Skim","Skim+1","Stack+1","Leap+1","Hologram+1","Beam Cell","Conserve Battery","Gash+1","Go for the Eyes+1"],"special_seed":0,"relics":["FrozenCore","Bird Faced Urn","Anchor","Regal Pillow","Gambling Chip","Ice Cream","Boot","Tiny Chest","Centennial Puzzle","DataDisk","MawBank"],"potions_floor_usage":[50,50,50],"damage_taken":[{"damage":7.0,"enemies":"Jaw Worm","floor":1.0,"turns":3.0},{"damage":1.0,"enemies":"Cultist","floor":3.0,"turns":3.0},{"damage":19.0,"enemies":"Gremlin Nob","floor":7.0,"turns":4.0},{"damage":0.0,"enemies":"2 Louse","floor":8.0,"turns":1.0},{"damage":55.0,"enemies":"3 Sentries","floor":11.0,"turns":11.0},{"damage":0.0,"enemies":"Blue Slaver","floor":12.0,"turns":1.0},{"damage":0.0,"enemies":"2 Fungi Beasts","floor":13.0,"turns":2.0},{"damage":0.0,"enemies":"Large Slime","floor":14.0,"turns":3.0},{"damage":30.0,"enemies":"Slime Boss","floor":16.0,"turns":8.0},{"damage":5.0,"enemies":"3 Byrds","floor":18.0,"turns":5.0},{"damage":6.0,"enemies":"2 Thieves","floor":19.0,"turns":4.0},{"damage":22.0,"enemies":"Cultist and Chosen","floor":20.0,"turns":6.0},{"damage":27.0,"enemies":"Gremlin Leader","floor":24.0,"turns":6.0},{"damage":12.0,"enemies":"Snecko","floor":27.0,"turns":4.0},{"damage":6.0,"enemies":"Shelled Parasite and Fungi","floor":29.0,"turns":4.0},{"damage":12.0,"enemies":"Centurion and Healer","floor":31.0,"turns":4.0},{"damage":15.0,"enemies":"Champ","floor":33.0,"turns":11.0},{"damage":13.0,"enemies":"3 Darklings","floor":35.0,"turns":7.0},{"damage":0.0,"enemies":"Orb Walker","floor":37.0,"turns":5.0},{"damage":4.0,"enemies":"4 Shapes","floor":39.0,"turns":7.0},{"damage":11.0,"enemies":"Writhing Mass","floor":41.0,"turns":13.0},{"damage":0.0,"enemies":"Jaw Worm Horde","floor":46.0,"turns":6.0},{"damage":0.0,"enemies":"4 Shapes","floor":47.0,"turns":6.0},{"damage":28,"enemies":"Donu and Deca","floor":50,"turns":10}],"seed_played":"-961602002173735156","potions_obtained":[{"floor":1.0,"key":"Fire Potion"},{"floor":11.0,"key":"SpeedPotion"},{"floor":12.0,"key":"Energy Potion"},{"floor":14.0,"key":"EssenceOfSteel"},{"floor":19.0,"key":"FocusPotion"},{"floor":27.0,"key":"FearPotion"},{"floor":29.0,"key":"LiquidBronze"},{"floor":41.0,"key":"Swift Potion"}],"is_trial":false,"path_per_floor":["M","?","M","$","?","R","E","M","T","R","E","M","M","M","R","B",null,"M","M","M","$","?","R","E","?","T","M","?","M","R","M","R","B",null,"M","$","M","?","M","R","M","R","T","R","?","M","M","?","R","B",null],"character_chosen":"DEFECT","items_purchased":["Skim","Boot","DataDisk","Beam Cell"],"campfire_rested":5,"item_purchase_floors":[21,21,36,36],"current_hp_per_floor":[68,68,67,67,55,55,36,36,36,73,18,18,18,18,55,25,75,72,66,46,46,46,75,48,48,48,38,38,32,69,57,57,44,75,62,62,64,64,62,62,53,53,53,75,75,75,75,71,71,43],"gold":148,"neow_bonus":"THREE_RARE_CARDS","is_prod":false,"is_daily":false,"chose_seed":false,"campfire_upgraded":5,"win_rate":0,"timestamp":1547157442,"path_taken":["M","?","?","$","?","R","E","M","T","R","E","M","M","M","R","BOSS","M","M","M","$","?","R","E","?","T","M","?","M","R","M","R","BOSS","M","?","M","?","?","R","M","R","T","R","?","M","?","?","R","BOSS"],"build_version":"2019-01-03v4","purchased_purges":1,"victory":true,"max_hp_per_floor":[75,75,75,75,75,75,75,75,75,75,75,75,75,75,75,75,75,75,75,75,75,75,75,75,75,75,75,75,75,75,75,75,75,75,75,75,75,75,75,75,75,75,75,75,75,75,75,71,71,71],"card_choices":[{"not_picked":["Buffer","Multi-Cast"],"picked":"All For One","floor":0.0},{"not_picked":["Skim","Barrage"],"picked":"Beam Cell","floor":1.0},{"not_picked":["Sweeping Beam","Loop"],"picked":"Conserve Battery","floor":3.0},{"not_picked":["Loop","Coolheaded","Hello World"],"picked":"SKIP","floor":7.0},{"not_picked":["Loop","Coolheaded","Hello World"],"picked":"SKIP","floor":7.0},{"not_picked":["Loop","Coolheaded","Hello World"],"picked":"SKIP","floor":7.0},{"not_picked":["Undo","Lockon"],"picked":"Skim","floor":8.0},{"not_picked":["Aggregate","Streamline"],"picked":"Gash","floor":11.0},{"not_picked":["Cold Snap","Stack"],"picked":"Leap","floor":12.0},{"not_picked":["BootSequence","Hologram"],"picked":"Scrape","floor":13.0},{"not_picked":["Steam","Reinforced Body"],"picked":"Gash","floor":14.0},{"not_picked":["Core Surge","Meteor Strike"],"picked":"Machine Learning","floor":16.0},{"not_picked":["Ball Lightning","Barrage"],"picked":"Steam","floor":18.0},{"not_picked":["Go for the Eyes","Sunder+1"],"picked":"Conserve Battery","floor":19.0},{"not_picked":["Redo","Reinforced Body+1","Barrage+1"],"picked":"SKIP","floor":20.0},{"not_picked":["Turbo+1","Leap"],"picked":"Skim","floor":24.0},{"not_picked":["Capacitor","Stack","Rip and Tear"],"picked":"SKIP","floor":27.0},{"not_picked":["Tempest","Streamline+1"],"picked":"Leap+1","floor":29.0},{"not_picked":["Cold Snap","Chaos"],"picked":"Hologram","floor":31.0},{"not_picked":["Cold Snap+1","Chaos+1","Aggregate"],"picked":"SKIP","floor":35.0},{"not_picked":["Hologram","Streamline+1"],"picked":"Conserve Battery","floor":37.0},{"not_picked":["Reinforced Body","Steam+1"],"picked":"Gash+1","floor":39.0},{"not_picked":["Storm+1","Cold Snap","Consume+1"],"picked":"SKIP","floor":41.0},{"not_picked":["Ball Lightning","Scrape+1"],"picked":"Go for the Eyes+1","floor":46.0},{"not_picked":["Chill","Beam Cell","Rebound"],"picked":"SKIP","floor":47.0}],"player_experience":168238,"relics_obtained":[{"floor":2.0,"key":"Bird Faced Urn"},{"floor":7.0,"key":"Regal Pillow"},{"floor":9.0,"key":"Gambling Chip"},{"floor":11.0,"key":"Ice Cream"},{"floor":24.0,"key":"Tiny Chest"},{"floor":26.0,"key":"Centennial Puzzle"},{"floor":43.0,"key":"MawBank"}],"event_choices":[{"damage_healed":0.0,"max_hp_gain":0.0,"max_hp_loss":0.0,"gold_gain":0.0,"event_name":"Wheel of Change","player_choice":"Relic","floor":2.0,"gold_loss":0.0,"damage_taken":0.0},{"damage_healed":0.0,"max_hp_gain":0.0,"max_hp_loss":0.0,"gold_gain":0.0,"event_name":"Scrap Ooze","player_choice":"Success","floor":5.0,"gold_loss":0.0,"damage_taken":12.0,"relics_obtained":["Anchor"]},{"damage_healed":0.0,"max_hp_gain":0.0,"max_hp_loss":0.0,"gold_gain":0.0,"event_name":"Ghosts","player_choice":"Ignored","floor":22.0,"gold_loss":0.0,"damage_taken":0.0},{"damage_healed":0.0,"max_hp_gain":0.0,"max_hp_loss":0.0,"gold_gain":0.0,"event_name":"Masked Bandits","player_choice":"Paid Fearfully","floor":25.0,"gold_loss":68.0,"damage_taken":0.0},{"damage_healed":0.0,"max_hp_gain":0.0,"max_hp_loss":0.0,"gold_gain":0.0,"cards_transformed":["Zap"],"event_name":"Transmorgrifier","player_choice":"Transformed","floor":28.0,"gold_loss":0.0,"damage_taken":0.0,"cards_obtained":["Stack"]},{"damage_healed":0.0,"max_hp_gain":0.0,"max_hp_loss":0.0,"gold_gain":0.0,"event_name":"Match and Keep!","player_choice":"0 cards matched","floor":38.0,"gold_loss":0.0,"damage_taken":0.0,"cards_obtained":[]},{"cards_removed":["Strike_B"],"damage_healed":0.0,"max_hp_gain":0.0,"max_hp_loss":0.0,"gold_gain":0.0,"event_name":"Designer","player_choice":"Upgrade and Remove","floor":45.0,"gold_loss":90.0,"damage_taken":0.0,"cards_upgraded":["Conserve Battery"]},{"damage_healed":0.0,"max_hp_gain":0.0,"max_hp_loss":4.0,"gold_gain":0.0,"event_name":"Winding Halls","player_choice":"Max HP","floor":48.0,"gold_loss":0.0,"damage_taken":0.0}],"is_beta":false,"boss_relics":[{"not_picked":["Fusion Hammer","Inserter","Snecko Eye"]},{"not_picked":["Runic Dome","Empty Cage"],"picked":"FrozenCore"}],"items_purged_floors":[21],"is_endless":false,"potions_floor_spawned":[1,11,12,14,19,27,29,39,41,47],"ascension_level":4}