{"path_per_floor":["M","M","?","?","M","E","M","R","T","$","M","E","R","M","R","B",null,"M","?","M","M","$","R","E","R","T","?","$","M","E","M","R","B",null,"M","M","?","M","M","R","E"],"character_chosen":"THE_SILENT","items_purchased":["Noxious Fumes","Bronze Scales"],"gold_per_floor":[118,129,129,129,140,170,186,186,186,75,88,115,115,129,129,232,232,215,215,231,250,6,6,32,32,58,28,28,39,70,90,90,190,190,209,221,0,10,28,28,62],"floor_reached":42,"campfire_rested":4,"playtime":7175,"current_hp_per_floor":[70,70,70,63,55,21,21,42,42,42,38,35,56,36,36,34,70,50,37,37,35,35,57,40,40,40,40,40,40,16,25,47,59,75,70,66,66,66,44,44,3],"items_purged":["Strike_G","Strike_G"],"gold":62,"score":430,"play_id":"5d34354c-de5c-4c6a-8dec-14e9b2c4564b","is_prod":false,"is_daily":false,"is_ascension_mode":false,"campfire_upgraded":3,"path_taken":["M","M","?","?","?","E","M","R","T","$","M","E","R","?","R","BOSS","M","?","M","M","$","R","E","R","T","?","?","M","E","M","R","BOSS","M","M","?","?","M","R","E","M"],"build_version":"2018-02-15-PROD1","purchased_purges":2,"victory":false,"master_deck":["Defend_G","Defend_G","Defend_G","Defend_G","Strike_G","Strike_G","Survivor+1","Neutralize","Heel Hook","Outmaneuver","Leg Sweep","Terror","Adrenaline","Noxious Fumes+1","Escape Plan","Distraction","Deflect","Wraith Form+1","Dagger Throw+1","Bouncing Flask","Dodge and Roll","Escape Plan+1","Calculated Gamble+1","Acrobatics+1","Sucker Punch+1","Wraith Form+1","Acrobatics+1","Blur","Backflip","Blur"],"max_hp_per_floor":[70,70,70,70,70,70,70,70,70,70,70,70,70,70,70,70,70,70,75,75,75,75,75,75,75,75,75,75,75,75,75,75,75,75,75,75,75,75,75,75,75],"relics":["Ring of the Snake","Pantograph","Tingsha","Bottled Tornado","Velvet Choker","Bronze Scales","Letter Opener","War Paint","Sundial","Snecko Eye","Red Mask","Paper Crane"],"card_choices":[{"not_picked":["Dagger Spray","Acrobatics"],"picked":"Heel Hook"},{"not_picked":["Quick Slash","Blade Dance"],"picked":"Outmaneuver"},{"not_picked":["Expertise","Outmaneuver"],"picked":"Leg Sweep"},{"not_picked":["Endless Agony","Dagger Spray"],"picked":"Terror"},{"not_picked":["Distraction","Backflip"],"picked":"Adrenaline"},{"not_picked":["Noxious Fumes","PiercingWail"],"picked":"Escape Plan"},{"not_picked":["Acrobatics","All Out Attack"],"picked":"Distraction"},{"not_picked":["Skewer","Malaise"],"picked":"Deflect"},{"not_picked":["Die Die Die","Glass Knife"],"picked":"Wraith Form"},{"not_picked":["Quick Slash","Deflect"],"picked":"Dagger Throw"},{"not_picked":["Dodge and Roll","Flechettes"],"picked":"Bouncing Flask"},{"not_picked":["Quick Slash","Dash"],"picked":"Dodge and Roll"},{"not_picked":["Slice","Adrenaline"],"picked":"Escape Plan"},{"not_picked":["Dagger Throw","Distraction"],"picked":"Calculated Gamble"},{"not_picked":["Choke","Outmaneuver"],"picked":"Acrobatics"},{"not_picked":["Deflect","Endless Agony"],"picked":"Sucker Punch"},{"not_picked":["Phantasmal Killer","Doppelganger"],"picked":"Wraith Form"},{"not_picked":["Prepared","Quick Slash"],"picked":"Acrobatics"},{"not_picked":["Poisoned Stab","Eviscerate"],"picked":"Blur"},{"not_picked":["Slice","Dodge and Roll"],"picked":"Backflip"},{"not_picked":["Choke","Flying Knee"],"picked":"Blur"}],"player_experience":3279,"potions_floor_usage":[12,16,24,24,30,31,31,31,39,39],"damage_taken":[{"damage":0,"enemies":"Cultist","floor":1,"turns":3},{"damage":0,"enemies":"Small Slimes","floor":2,"turns":3},{"damage":8,"enemies":"Jaw Worm","floor":5,"turns":9},{"damage":34,"enemies":"Gremlin Nob","floor":6,"turns":7},{"damage":0,"enemies":"2 Fungi Beasts","floor":7,"turns":5},{"damage":4,"enemies":"Exordium Thugs","floor":11,"turns":6},{"damage":3,"enemies":"3 Sentries","floor":12,"turns":8},{"damage":20,"enemies":"Gremlin Gang","floor":14,"turns":5},{"damage":27,"enemies":"Hexaghost","floor":16,"turns":10},{"damage":20,"enemies":"2 Thieves","floor":18,"turns":4},{"damage":0,"enemies":"Chosen","floor":20,"turns":4},{"damage":2,"enemies":"Snecko","floor":21,"turns":5},{"damage":17,"enemies":"Gremlin Leader","floor":24,"turns":7},{"damage":0,"enemies":"Centurion and Healer","floor":29,"turns":5},{"damage":24,"enemies":"Slavers","floor":30,"turns":4},{"damage":0,"enemies":"Sentry and Sphere","floor":31,"turns":3},{"damage":13,"enemies":"Automaton","floor":33,"turns":8},{"damage":5,"enemies":"3 Darklings","floor":35,"turns":4},{"damage":4,"enemies":"Orb Walker","floor":36,"turns":3},{"damage":0,"enemies":"Maw","floor":38,"turns":6},{"damage":22,"enemies":"4 Shapes","floor":39,"turns":4},{"damage":41,"enemies":"Nemesis","floor":41,"turns":7},{"damage":7,"enemies":"3 Darklings","floor":42,"turns":2}],"event_choices":[{"event_name":"Purifier","player_choice":"One Purge","floor":3,"damage_taken":0},{"event_name":"Golden Wing","player_choice":"Card Removal","floor":4,"damage_taken":0},{"event_name":"Forgotten Altar","player_choice":"Shed Blood","floor":19,"damage_taken":0},{"event_name":"The Woman in Blue","player_choice":"Bought 2 Potions","floor":27,"damage_taken":0},{"event_name":"Tomb of Lord Red Mask","player_choice":"Paid","floor":37,"damage_taken":0}],"boss_relics":[{"not_picked":["Eternal Feather","Cursed Key"],"picked":"Velvet Choker"},{"not_picked":["Orrery","Philosopher\u0027s Stone"],"picked":"Snecko Eye"}],"potions_floor_spawned":[5,6,11,21,29,30,31,36,41],"seed_played":"-5567951897488081772","killed_by":"3 Darklings","ascension_level":0,"is_trial":false}