{"path_per_floor":["M","?","M","?","$","R","M","R","T","M","M","$","E","M","R","B",null,"M","?","?","M","?","E","$","?","T","R","?","M","M","M","R"],"character_chosen":"THE_SILENT","items_purchased":["Thinking Ahead"],"gold_per_floor":[12,12,32,32,32,32,46,46,70,80,98,23,50,61,61,158,158,173,173,173,184,184,217,42,42,42,42,42,60,77,92,92],"floor_reached":33,"campfire_rested":3,"playtime":4273,"current_hp_per_floor":[70,70,70,58,58,58,57,57,57,50,50,50,52,52,77,24,94,83,67,67,47,47,13,13,13,13,41,47,45,45,33,63],"items_purged":["Defend_G"],"gold":92,"play_id":"d3f134e9-eaaf-48ba-8be2-32f63db21bd7","is_prod":false,"is_daily":false,"is_ascension_mode":false,"campfire_upgraded":2,"path_taken":["M","?","M","?","?","R","M","R","T","M","?","?","E","M","R","BOSS","M","?","?","M","?","E","$","?","T","R","?","M","M","M","R","BOSS"],"build_version":"2018-02-01-PROD3","purchased_purges":1,"victory":false,"master_deck":["Defend_G+1","Defend_G+1","Defend_G+1","Defend_G+1","Strike_G+1","Strike_G+1","Strike_G+1","Strike_G+1","Survivor+1","Neutralize","Dagger Throw","Masterful Stab","Backflip","Prepared+1","Flying Knee","Infinite Blades","Well Laid Plans","Blur","Bullet Time","Writhe","Parasite","Clumsy","Predator","Malaise+1","Outmaneuver+1","Thinking Ahead","Decay","Footwork","Slice+1"],"max_hp_per_floor":[70,70,70,70,70,70,70,70,70,70,70,70,84,84,84,84,94,94,94,94,94,94,94,94,94,94,94,100,100,100,100,100],"relics":["Ring of the Snake","Calipers","War Paint","Ancient Tea Set","Mango","Calling Bell","Darkstone Periapt","Dodecahedron","Pear","Nilry\u0027s Codex","Blood Vial","Mercury Hourglass"],"card_choices":[{"not_picked":["Malaise","Footwork"],"picked":"Dagger Throw"},{"not_picked":["PiercingWail","Eviscerate"],"picked":"Backflip"},{"not_picked":["Distraction","Poisoned Stab"],"picked":"Prepared"},{"not_picked":["Outmaneuver","Eviscerate"],"picked":"Flying Knee"},{"not_picked":["Prepared","Deflect"],"picked":"Infinite Blades"},{"not_picked":["Malaise","Catalyst"],"picked":"Well Laid Plans"},{"not_picked":["PiercingWail","Footwork"],"picked":"Blur"},{"not_picked":["Venomology","Night Terror"],"picked":"Bullet Time"},{"not_picked":["Heel Hook","Poisoned Stab"],"picked":"Predator"},{"not_picked":["Dagger Throw","Caltrops"],"picked":"Malaise"},{"not_picked":["Finisher","Quick Slash"],"picked":"Outmaneuver"},{"not_picked":["Backflip","Sucker Punch"],"picked":"Footwork"},{"not_picked":["Predator","Caltrops"],"picked":"Slice"}],"player_experience":16094,"potions_floor_usage":[23,30,30,30,33],"damage_taken":[{"damage":0,"enemies":"2 Louse","floor":1,"turns":3},{"damage":0,"enemies":"Blue Slaver","floor":3,"turns":4},{"damage":1,"enemies":"Cultist","floor":7,"turns":4},{"damage":7,"enemies":"Exordium Wildlife","floor":10,"turns":9},{"damage":0,"enemies":"2 Fungi Beasts","floor":11,"turns":3},{"damage":12,"enemies":"Lagavulin","floor":13,"turns":7},{"damage":0,"enemies":"Large Slime","floor":14,"turns":7},{"damage":53,"enemies":"Hexaghost","floor":16,"turns":13},{"damage":11,"enemies":"3 Byrds","floor":18,"turns":7},{"damage":20,"enemies":"Spheric Guardian","floor":21,"turns":4},{"damage":34,"enemies":"Book of Stabbing","floor":23,"turns":7},{"damage":4,"enemies":"Snecko","floor":29,"turns":5},{"damage":2,"enemies":"Chosen and Byrds","floor":30,"turns":5},{"damage":14,"enemies":"Snake Plant","floor":31,"turns":5},{"damage":71,"enemies":"Collector","floor":33,"turns":5}],"event_choices":[{"event_name":"Transmorgrifier","player_choice":"Transform","floor":2,"damage_taken":0},{"event_name":"Scrap Ooze","player_choice":"success","floor":4,"damage_taken":12},{"event_name":"Cursed Tome","player_choice":"Obtained Book","floor":19,"damage_taken":0},{"event_name":"The Lab","player_choice":"Got Potions","floor":20,"damage_taken":0},{"event_name":"Vampires","player_choice":"Ignored","floor":22,"damage_taken":0},{"event_name":"Back to Basics","player_choice":"Simplicity","floor":25,"damage_taken":0},{"event_name":"Forgotten Altar","player_choice":"Smashed Altar","floor":28,"damage_taken":0}],"boss_relics":[{"not_picked":["Tiny House","The Specimen"],"picked":"Calling Bell"}],"potions_floor_spawned":[1,11,14,16,21,23,30],"seed_played":"5480301423501477533","killed_by":"Collector","ascension_level":0,"is_trial":false}