{"gold_per_floor":[112,112,14,33,50,50,79,79,154,165,165,197,197,232,232,358,358,379,379,379,294,419,419,460,460,460,511,523,548,560,671,683,821,833,866,1211,1240,1262,640,640,640,640,640,640,490,111,142,154,154,154,154,154,19,45,45],"floor_reached":55,"playtime":2315,"items_purged":["Strike_B","Strike_B","Strike_B"],"score":1141,"play_id":"a43a6e0c-a911-49a6-a31b-5ae63441e993","local_time":"20190112175132","is_ascension_mode":true,"campfire_choices":[{"data":"Auto Shields","floor":6.0,"key":"SMITH"},{"data":"Auto Shields","floor":8.0,"key":"SMITH"},{"data":"Leap","floor":11.0,"key":"SMITH"},{"data":"Conserve Battery","floor":15.0,"key":"SMITH"},{"data":"Ghostly","floor":23.0,"key":"SMITH"},{"data":"Ghostly","floor":25.0,"key":"SMITH"},{"data":"Ghostly","floor":28.0,"key":"SMITH"},{"data":"Ghostly","floor":30.0,"key":"SMITH"},{"data":"Ghostly","floor":32.0,"key":"SMITH"},{"data":"Seek","floor":40.0,"key":"SMITH"},{"data":"Hologram","floor":42.0,"key":"SMITH"},{"floor":49.0,"key":"RECALL"},{"data":"Reinforced Body","floor":52.0,"key":"SMITH"}],"neow_cost":"TEN_PERCENT_HP_LOSS","seed_source_timestamp":595616754522188,"circlet_count":0,"master_deck":["Strike_B","Defend_B","Defend_B","Defend_B+1","Defend_B+1","Zap","Dualcast+1","Ball Lightning+1","Capacitor","Leap+1","Auto Shields+1","Ball Lightning","Auto Shields+1","Tempest","Steam","Conserve Battery+1","Electrodynamics","Chill+1","Ghostly+1","Ghostly+1","Ghostly+1","Ghostly+1","Ghostly+1","Steam","Hologram+1","BootSequence+1","Electrodynamics","Seek+1","BootSequence+1","Skim+1","Reinforced Body+1","Conserve Battery+1","Barrage+1","Consume","Seek"],"special_seed":0,"relics":["Cracked Core","Gambling Chip","Pen Nib","Letter Opener","Lantern","Bag of Marbles","Inserter","Juzu Bracelet","FossilizedHelix","Question Card","Dodecahedron","MawBank","Boot","Velvet Choker","WingedGreaves","Medical Kit","WarpedTongs","Membership Card","Pantograph","Mango","War Paint","Anchor"],"potions_floor_usage":[],"damage_taken":[{"damage":2.0,"enemies":"2 Louse","floor":1.0,"turns":4.0},{"damage":7.0,"enemies":"Jaw Worm","floor":4.0,"turns":3.0},{"damage":0.0,"enemies":"Small Slimes","floor":5.0,"turns":3.0},{"damage":10.0,"enemies":"Lagavulin","floor":7.0,"turns":6.0},{"damage":0.0,"enemies":"Blue Slaver","floor":10.0,"turns":3.0},{"damage":3.0,"enemies":"Gremlin Nob","floor":12.0,"turns":4.0},{"damage":0.0,"enemies":"Lagavulin","floor":14.0,"turns":7.0},{"damage":11.0,"enemies":"The Guardian","floor":16.0,"turns":9.0},{"damage":8.0,"enemies":"Spheric Guardian","floor":18.0,"turns":5.0},{"damage":23.0,"enemies":"Colosseum Slavers","floor":22.0,"turns":3.0},{"damage":0.0,"enemies":"Colosseum Nobs","floor":22.0,"turns":5.0},{"damage":0.0,"enemies":"Gremlin Leader","floor":24.0,"turns":5.0},{"damage":0.0,"enemies":"Book of Stabbing","floor":27.0,"turns":8.0},{"damage":0.0,"enemies":"3 Byrds","floor":29.0,"turns":1.0},{"damage":0.0,"enemies":"Automaton","floor":33.0,"turns":12.0},{"damage":0.0,"enemies":"Orb Walker","floor":35.0,"turns":2.0},{"damage":0.0,"enemies":"3 Shapes","floor":37.0,"turns":3.0},{"damage":0.0,"enemies":"Sphere and 2 Shapes","floor":38.0,"turns":6.0},{"damage":7.0,"enemies":"Nemesis","floor":47.0,"turns":13.0},{"damage":0.0,"enemies":"Writhing Mass","floor":48.0,"turns":8.0},{"damage":7.0,"enemies":"Time Eater","floor":50.0,"turns":8.0},{"damage":4.0,"enemies":"Shield and Spear","floor":54.0,"turns":7.0},{"damage":67,"enemies":"The Heart","floor":55,"turns":2}],"seed_played":"-7996950604929291945","potions_obtained":[{"floor":4.0,"key":"LiquidBronze"},{"floor":7.0,"key":"SteroidPotion"},{"floor":10.0,"key":"Swift Potion"},{"floor":16.0,"key":"FocusPotion"},{"floor":22.0,"key":"Poison Potion"},{"floor":29.0,"key":"Regen Potion"},{"floor":38.0,"key":"Fire Potion"}],"is_trial":false,"path_per_floor":["M","?","$","M","M","R","E","R","T","M","R","E","?","E","R","B",null,"M","?","?","?","?","R","E","R","T","E","R","M","R","?","R","B",null,"M","?","M","M","$","R","?","R","T","?","$","$","E","M","R","B",null,"R","$","E","B"],"character_chosen":"DEFECT","items_purchased":["Capacitor","Leap","WingedGreaves","Medical Kit","Reinforced Body","PowerPotion","Membership Card","Pantograph","Consume","War Paint","Block Potion"],"campfire_rested":0,"item_purchase_floors":[3,3,39,39,39,45,46,46,53,53,53],"current_hp_per_floor":[66,52,52,45,45,45,35,35,35,35,35,32,32,32,32,21,53,45,31,31,31,8,8,8,8,8,8,8,8,8,8,8,23,29,29,29,29,29,29,29,29,29,29,29,29,29,36,36,36,38,43,43,43,39,0],"gold":45,"neow_bonus":"ONE_RARE_RELIC","is_prod":false,"is_daily":false,"chose_seed":false,"campfire_upgraded":12,"win_rate":0,"timestamp":1547315492,"path_taken":["M","?","$","M","M","R","E","R","T","M","R","E","?","E","R","BOSS","M","?","?","?","?","R","E","R","T","E","R","M","R","?","R","BOSS","M","?","M","M","$","R","?","R","T","?","$","$","E","M","R","BOSS","R","$","E","BOSS"],"build_version":"2019-01-10","purchased_purges":3,"victory":false,"max_hp_per_floor":[68,68,68,68,68,68,68,68,68,68,68,68,63,63,63,63,63,63,31,31,31,31,31,31,31,31,31,31,31,31,31,31,31,31,31,31,31,31,31,31,31,31,31,31,31,31,45,45,45,45,45,45,45,45,45],"card_choices":[{"not_picked":["Go for the Eyes","Leap"],"picked":"Ball Lightning","floor":1.0},{"not_picked":["Conserve Battery","Force Field"],"picked":"Auto Shields","floor":4.0},{"not_picked":["Beam Cell","Compile Driver"],"picked":"Ball Lightning","floor":5.0},{"not_picked":["Hologram","Stack"],"picked":"Auto Shields","floor":7.0},{"not_picked":["Ball Lightning","Rebound"],"picked":"Tempest","floor":10.0},{"not_picked":["Recycle","Rebound"],"picked":"Steam","floor":12.0},{"not_picked":["Go for the Eyes","Turbo"],"picked":"Conserve Battery","floor":14.0},{"not_picked":["Amplify","Buffer"],"picked":"Electrodynamics","floor":16.0},{"not_picked":["Compile Driver+1","Ball Lightning"],"picked":"Chill+1","floor":18.0},{"not_picked":["Ball Lightning","Compile Driver"],"picked":"Hologram","floor":22.0},{"not_picked":["Stack+1","Multi-Cast","Gash"],"picked":"BootSequence+1","floor":24.0},{"not_picked":["Genetic Algorithm","Leap+1","Ball Lightning"],"picked":"Electrodynamics","floor":27.0},{"not_picked":["Turbo","Sweeping Beam","Genetic Algorithm+1","Conserve Battery"],"picked":"SKIP","floor":29.0},{"not_picked":["Creative AI","Amplify","Electrodynamics"],"picked":"Seek","floor":33.0},{"not_picked":["Turbo+1","Hologram","Compile Driver+1"],"picked":"BootSequence+1","floor":35.0},{"not_picked":["Redo","Leap","Compile Driver","Static Discharge+1"],"picked":"SKIP","floor":37.0},{"not_picked":["Go for the Eyes","Fusion+1","Steam+1"],"picked":"Skim+1","floor":38.0},{"not_picked":["FTL","Steam Power","Sunder"],"picked":"Conserve Battery+1","floor":47.0},{"not_picked":["Meteor Strike","Melter","Double Energy"],"picked":"Barrage+1","floor":48.0},{"not_picked":["Loop+1","Leap+1","Blizzard"],"picked":"Seek","floor":54.0}],"player_experience":63723,"relics_obtained":[{"floor":7.0,"key":"Pen Nib"},{"floor":9.0,"key":"Letter Opener"},{"floor":12.0,"key":"Lantern"},{"floor":14.0,"key":"Bag of Marbles"},{"floor":22.0,"key":"FossilizedHelix"},{"floor":22.0,"key":"Question Card"},{"floor":24.0,"key":"Dodecahedron"},{"floor":26.0,"key":"MawBank"},{"floor":27.0,"key":"Boot"},{"floor":47.0,"key":"Mango"},{"floor":54.0,"key":"Anchor"}],"event_choices":[{"damage_healed":0.0,"max_hp_gain":0.0,"max_hp_loss":0.0,"gold_gain":0.0,"event_name":"Shining Light","player_choice":"Entered Light","floor":2.0,"gold_loss":0.0,"damage_taken":14.0,"cards_upgraded":["Ball Lightning","Dualcast"]},{"damage_healed":0.0,"max_hp_gain":0.0,"max_hp_loss":5.0,"gold_gain":0.0,"event_name":"Golden Idol","player_choice":"Lose Max HP","floor":13.0,"gold_loss":0.0,"damage_taken":0.0,"relics_obtained":["Golden Idol"]},{"damage_healed":0.0,"max_hp_gain":0.0,"max_hp_loss":32.0,"gold_gain":0.0,"event_name":"Ghosts","player_choice":"Became a Ghost","floor":19.0,"gold_loss":0.0,"damage_taken":0.0,"cards_obtained":["Ghostly","Ghostly","Ghostly","Ghostly","Ghostly"]},{"damage_healed":0.0,"max_hp_gain":0.0,"max_hp_loss":0.0,"gold_gain":0.0,"event_name":"The Library","player_choice":"Read","floor":20.0,"gold_loss":0.0,"damage_taken":0.0,"cards_obtained":["Steam"]},{"damage_healed":0.0,"max_hp_gain":0.0,"max_hp_loss":0.0,"gold_gain":0.0,"event_name":"Addict","player_choice":"Obtained Relic","floor":21.0,"gold_loss":85.0,"damage_taken":0.0,"relics_obtained":["Juzu Bracelet"]},{"damage_healed":0.0,"max_hp_gain":0.0,"max_hp_loss":0.0,"gold_gain":0.0,"event_name":"Colosseum","player_choice":"Fight","floor":22.0,"gold_loss":0.0,"damage_taken":0.0},{"damage_healed":0.0,"max_hp_gain":0.0,"max_hp_loss":0.0,"gold_gain":0.0,"event_name":"Colosseum","player_choice":"Fought Nobs","floor":22.0,"gold_loss":0.0,"damage_taken":0.0},{"damage_healed":0.0,"max_hp_gain":0.0,"max_hp_loss":0.0,"gold_gain":99.0,"event_name":"Nest","player_choice":"Stole From Cult","floor":31.0,"gold_loss":0.0,"damage_taken":0.0},{"damage_healed":0.0,"max_hp_gain":0.0,"max_hp_loss":0.0,"gold_gain":333.0,"event_name":"The Moai Head","player_choice":"Gave Idol","floor":36.0,"relics_lost":["Golden Idol"],"gold_loss":0.0,"damage_taken":0.0},{"damage_healed":0.0,"max_hp_gain":0.0,"max_hp_loss":0.0,"gold_gain":0.0,"event_name":"Accursed Blacksmith","player_choice":"Rummage","floor":41.0,"gold_loss":0.0,"damage_taken":0.0,"relics_obtained":["WarpedTongs"],"cards_obtained":["Pain"]},{"cards_removed":["Pain"],"damage_healed":0.0,"max_hp_gain":0.0,"max_hp_loss":0.0,"gold_gain":0.0,"event_name":"Fountain of Cleansing","player_choice":"Removed Curses","floor":44.0,"gold_loss":0.0,"damage_taken":0.0}],"is_beta":false,"boss_relics":[{"not_picked":["Nuclear Battery","Pandora\u0027s Box"],"picked":"Inserter"},{"not_picked":["Calling Bell","Fusion Hammer"],"picked":"Velvet Choker"}],"items_purged_floors":[39,45,46],"is_endless":false,"potions_floor_spawned":[4,7,10,14,16,22,22,29,38,47,48],"killed_by":"The Heart","ascension_level":6}