{"path_per_floor":["M","?","M","M","?","E","M","M","T","R","?","R","M","?","R","B",null,"M","$","?","?","M","E","?","E","T","R","E","R","M","$","R","B",null,"M","?","$","M","?","R","E","R","T","R","M","?","M","M","R","B"],"character_chosen":"IRONCLAD","items_purchased":["Gremlin Horn","Omamori","Vajra"],"gold_per_floor":[110,110,127,147,147,174,190,201,201,201,201,201,215,215,215,316,316,334,0,0,0,20,54,254,279,304,304,329,329,344,98,98,199,199,209,209,63,77,77,77,112,112,112,112,127,0,10,30,30,30],"floor_reached":51,"campfire_rested":4,"playtime":3842,"current_hp_per_floor":[67,60,64,69,74,26,17,20,20,20,5,27,33,33,55,18,60,52,52,52,52,54,60,60,42,42,42,36,58,53,53,53,8,58,63,63,63,51,51,51,21,58,58,58,64,64,70,74,74,13],"items_purged":["Strike_R","Strike_R"],"gold":30,"score":933,"play_id":"6374bac0-e814-4529-8fe5-285588a1cffe","local_time":"20180307200019","is_prod":false,"is_daily":false,"is_ascension_mode":true,"campfire_upgraded":3,"timestamp":1520452819,"path_taken":["M","?","?","M","?","E","?","M","T","R","?","R","M","?","R","BOSS","M","$","?","?","?","E","?","E","T","R","E","R","M","$","R","BOSS","M","?","$","M","?","R","E","R","T","R","M","?","M","M","R","BOSS"],"build_version":"2018-03-01-PROD1","purchased_purges":4,"victory":true,"master_deck":["Defend_R+1","Defend_R+1","Bash+1","Rampage+1","Shrug It Off+1","Bludgeon+1","Dropkick","Fiend Fire","Shrug It Off+1","Brutality","Inflame"],"max_hp_per_floor":[69,69,69,69,74,74,74,74,74,74,74,74,74,74,74,74,74,74,74,74,74,74,74,74,74,74,74,74,74,74,74,74,74,74,74,74,74,74,74,74,74,74,74,74,74,74,74,74,74,74],"relics":["Black Blood","Frozen Eye","Peace Pipe","Cursed Key","Gremlin Horn","Self Forming Clay","Ancient Tea Set","Art of War","Oddly Smooth Stone","Paper Frog","Omamori","Vajra","Regal Pillow","Champion Belt","Red Mask"],"card_choices":[{"not_picked":["Bloodletting","Heavy Blade"],"picked":"Rampage"},{"not_picked":["Clash","Uppercut"],"picked":"Shrug It Off"},{"not_picked":["Cleave","Thunderclap"],"picked":"Bludgeon"},{"not_picked":["Wild Strike","Bloodletting"],"picked":"Dropkick"},{"not_picked":["Impervious","Limit Break"],"picked":"Fiend Fire"},{"not_picked":["Pommel Strike","Headbutt"],"picked":"Shrug It Off"},{"not_picked":["Cleave","Flame Barrier"],"picked":"Brutality"},{"not_picked":["Second Wind","Sentinel"],"picked":"Inflame"}],"player_experience":218553,"potions_floor_usage":[4,16,18,23,33,33,41,50,50,50],"damage_taken":[{"damage":8,"enemies":"Jaw Worm","floor":1,"turns":4},{"damage":2,"enemies":"2 Louse","floor":3,"turns":3},{"damage":1,"enemies":"Cultist","floor":4,"turns":3},{"damage":54,"enemies":"3 Sentries","floor":6,"turns":13},{"damage":15,"enemies":"3 Louse","floor":7,"turns":4},{"damage":3,"enemies":"Blue Slaver","floor":8,"turns":4},{"damage":0,"enemies":"Large Slime","floor":13,"turns":4},{"damage":43,"enemies":"Slime Boss","floor":16,"turns":13},{"damage":14,"enemies":"3 Byrds","floor":18,"turns":5},{"damage":4,"enemies":"Shell Parasite","floor":22,"turns":4},{"damage":0,"enemies":"Gremlin Leader","floor":23,"turns":5},{"damage":24,"enemies":"Book of Stabbing","floor":25,"turns":6},{"damage":12,"enemies":"Gremlin Leader","floor":28,"turns":6},{"damage":11,"enemies":"Cultist and Chosen","floor":30,"turns":5},{"damage":63,"enemies":"Automaton","floor":33,"turns":8},{"damage":5,"enemies":"Orb Walker","floor":35,"turns":3},{"damage":22,"enemies":"3 Darklings","floor":38,"turns":4},{"damage":40,"enemies":"Nemesis","floor":41,"turns":7},{"damage":4,"enemies":"4 Shapes","floor":45,"turns":5},{"damage":4,"enemies":"Sphere and 2 Shapes","floor":47,"turns":5},{"damage":3,"enemies":"3 Darklings","floor":48,"turns":4},{"damage":71,"enemies":"Awakened One","floor":50,"turns":11}],"event_choices":[{"event_name":"Golden Wing","player_choice":"Card Removal","floor":2,"damage_taken":0},{"event_name":"Big Fish","player_choice":"Donut","floor":5,"damage_taken":0},{"event_name":"Shining Light","player_choice":"Entered Light","floor":11,"damage_taken":0},{"event_name":"Purifier","player_choice":"One Purge","floor":14,"damage_taken":0},{"event_name":"The Mausoleum","player_choice":"Yes","floor":20,"damage_taken":0},{"event_name":"Addict","player_choice":"Ignored","floor":21,"damage_taken":0},{"event_name":"The Joust","player_choice":"Bet on Owner","floor":24,"damage_taken":0},{"event_name":"The Lab","player_choice":"Got Potions","floor":36,"damage_taken":0},{"event_name":"Upgrade Shrine","player_choice":"Upgraded","floor":39,"damage_taken":0},{"event_name":"Tomb of Lord Red Mask","player_choice":"Paid","floor":46,"damage_taken":0}],"boss_relics":[{"not_picked":["Eternal Feather","Snecko Eye"],"picked":"Cursed Key"},{"not_picked":["Orrery","Runic Cube"],"picked":"Black Blood"}],"potions_floor_spawned":[1,3,8,16,23,30,33,35,41,48],"seed_played":"7876931285936176304","ascension_level":12,"is_trial":false}