{"path_per_floor":["M","?","?","?","M","R","M","M","T","M","R","M","$","$","R","B",null,"M","?","M","M","$"],"character_chosen":"THE_SILENT","items_purchased":["Underhanded Strike","Bullet Time"],"gold_per_floor":[118,118,193,193,208,208,226,241,311,322,322,338,209,71,71,170,170,184,184,198,215,215],"floor_reached":23,"campfire_rested":0,"playtime":1759,"current_hp_per_floor":[70,70,59,52,52,52,52,52,52,42,42,38,38,38,38,1,70,68,52,45,5,5],"items_purged":["Strike_G"],"gold":215,"play_id":"64af7f4e-5ab1-4102-85cd-ef7adb6afae4","is_prod":false,"is_daily":false,"campfire_rituals":0,"campfire_upgraded":3,"is_hardmode":false,"path_taken":["M","?","?","?","M","R","M","M","T","M","R","M","?","$","R","BOSS","M","?","M","M","$","E"],"build_version":"2018-01-11-PROD2","purchased_purges":1,"victory":false,"master_deck":["Defend_G","Defend_G","Defend_G","Defend_G","Defend_G","Strike_G","Strike_G","Strike_G","Survivor","Neutralize","Flying Knee","Tools of the Trade","Prepared","Dagger Throw","Cloak And Dagger","Underhanded Strike","Bullet Time","Burst","Reflex","Underhanded Strike","Acrobatics","Dagger Throw","Quick Slash"],"max_hp_per_floor":[70,70,70,70,70,70,70,70,70,70,70,70,70,70,70,70,70,70,70,70,70,70],"relics":["Ring of the Snake","Blue Candle","Orrery","Nilry\u0027s Codex"],"campfire_meditates":0,"card_choices":[{"not_picked":["Slice","Catalyst"],"picked":"Flying Knee"},{"not_picked":["Skewer","Quick Slash"],"picked":"Prepared"},{"not_picked":["Footwork","Predator"],"picked":"Dagger Throw"},{"not_picked":["Leg Sweep","Backflip"],"picked":"Cloak And Dagger"},{"not_picked":["Venomology","Die Die Die"],"picked":"Burst"},{"not_picked":["Sucker Punch","Setup"],"picked":"Reflex"},{"not_picked":["All Out Attack","PiercingWail"],"picked":"Underhanded Strike"},{"not_picked":["Doppelganger","Deflect"],"picked":"Acrobatics"},{"not_picked":["Bane","Slice"],"picked":"Dagger Throw"},{"not_picked":["Noxious Fumes","Blade Dance"],"picked":"Quick Slash"}],"player_experience":234822,"potions_floor_usage":[16,21],"damage_taken":[{"damage":0,"enemies":"Small Slimes","floor":1,"turns":3},{"damage":0,"enemies":"Blue Slaver","floor":5,"turns":7},{"damage":0,"enemies":"Jaw Worm","floor":7,"turns":3},{"damage":0,"enemies":"Exordium Wildlife","floor":8,"turns":4},{"damage":10,"enemies":"2 Fungi Beasts","floor":10,"turns":4},{"damage":4,"enemies":"Large Slime","floor":12,"turns":11},{"damage":52,"enemies":"The Guardian","floor":16,"turns":16},{"damage":2,"enemies":"Shell Parasite","floor":18,"turns":12},{"damage":7,"enemies":"2 Thieves","floor":20,"turns":5},{"damage":40,"enemies":"Snake Plant","floor":21,"turns":8},{"damage":12,"enemies":"Slavers","floor":23,"turns":1}],"event_choices":[{"event_name":"Match and Keep!","player_choice":"1 cards matched","floor":2,"damage_taken":0},{"event_name":"World of Goop","player_choice":"Gather Gold","floor":3,"damage_taken":0},{"event_name":"Golden Wing","player_choice":"Card Removal","floor":4,"damage_taken":0},{"event_name":"Cursed Tome","player_choice":"Obtained Book","floor":19,"damage_taken":0}],"boss_relics":[{"not_picked":["Runic Pyramid","Velvet Choker"],"picked":"Orrery"}],"potions_floor_spawned":[5,8,12,16,18,20],"seed_played":"-5275592714098583506","killed_by":"Slavers","is_trial":false}