{"gold_per_floor":[116,70,70,82,157,184,198,198,222,237,237,250,15,34,34,132,132,146,71,85,85,85,115,125,125,171,182,207,207,207,235,235,340,340,352,372,372,384,235,235,269,144,144,157,190,190,190,203,203,203],"floor_reached":51,"playtime":1029,"items_purged":["Strike_R","Defend_R","Strike_R"],"score":845,"play_id":"cae76aa4-1018-47b5-ba8f-67410e0cb466","local_time":"20190429093316","is_ascension_mode":false,"campfire_choices":[{"data":"Whirlwind","floor":11.0,"key":"SMITH"},{"data":"Inflame","floor":15.0,"key":"SMITH"},{"data":"Flex","floor":25.0,"key":"SMITH"},{"data":"Disarm","floor":30.0,"key":"SMITH"},{"data":"Twin Strike","floor":32.0,"key":"SMITH"},{"floor":40,"key":"REST"},{"floor":46,"key":"REST"},{"floor":49,"key":"REST"}],"neow_cost":"NONE","seed_source_timestamp":2006445258182,"circlet_count":0,"master_deck":["Strike_R","Defend_R","Bash+1","Twin Strike","Headbutt","Whirlwind+1","Thunderclap","Flex+1","Inflame+1","Twin Strike+1","Disarm+1","Twin Strike","Heavy Blade","Battle Trance"],"special_seed":0,"relics":["Burning Blood","NeowsBlessing","Happy Flower","Vajra","PreservedInsect","Busted Crown","Unceasing Top","Anchor","Red Mask","Juzu Bracelet","Regal Pillow","Fusion Hammer","Darkstone Periapt","Sundial","Incense Burner","Peace Pipe"],"potions_floor_usage":[50,50],"damage_taken":[{"damage":0.0,"enemies":"Cultist","floor":1.0,"turns":1.0},{"damage":0.0,"enemies":"Jaw Worm","floor":4.0,"turns":1.0},{"damage":0.0,"enemies":"Lagavulin","floor":6.0,"turns":1.0},{"damage":0.0,"enemies":"Small Slimes","floor":7.0,"turns":2.0},{"damage":0.0,"enemies":"2 Fungi Beasts","floor":10.0,"turns":3.0},{"damage":8.0,"enemies":"Exordium Thugs","floor":12.0,"turns":3.0},{"damage":0.0,"enemies":"Exordium Wildlife","floor":14.0,"turns":1.0},{"damage":16.0,"enemies":"Slime Boss","floor":16.0,"turns":6.0},{"damage":22.0,"enemies":"Shell Parasite","floor":18.0,"turns":4.0},{"damage":0.0,"enemies":"3 Byrds","floor":20.0,"turns":2.0},{"damage":18.0,"enemies":"Gremlin Leader","floor":23.0,"turns":4.0},{"damage":0.0,"enemies":"Cultist and Chosen","floor":24.0,"turns":3.0},{"damage":20.0,"enemies":"Snecko","floor":27.0,"turns":4.0},{"damage":0.0,"enemies":"Masked Bandits","floor":28.0,"turns":1.0},{"damage":1.0,"enemies":"Slavers","floor":31.0,"turns":3.0},{"damage":15.0,"enemies":"Collector","floor":33.0,"turns":3.0},{"damage":0,"enemies":"3 Darklings","floor":35,"turns":3},{"damage":0,"enemies":"Orb Walker","floor":36,"turns":2},{"damage":0,"enemies":"Jaw Worm Horde","floor":38,"turns":3},{"damage":51,"enemies":"Reptomancer","floor":41,"turns":4},{"damage":0,"enemies":"Transient","floor":44,"turns":5},{"damage":9,"enemies":"Nemesis","floor":45,"turns":3},{"damage":22,"enemies":"Maw","floor":48,"turns":4},{"damage":59,"enemies":"Awakened One","floor":50,"turns":5}],"seed_played":"-8792860700153011471","potions_obtained":[{"floor":4.0,"key":"BloodPotion"},{"floor":6.0,"key":"SteroidPotion"},{"floor":7.0,"key":"Ancient Potion"},{"floor":23.0,"key":"Fire Potion"},{"floor":27.0,"key":"Ancient Potion"},{"floor":33.0,"key":"PowerPotion"},{"floor":35,"key":"SneckoOil"},{"floor":38,"key":"SteroidPotion"},{"floor":41,"key":"FairyPotion"}],"is_trial":false,"path_per_floor":["M","$","?","M","?","E","M","?","T","M","R","M","$","M","R","B",null,"M","$","M","?","?","E","M","R","T","M","?","T","R","E","R","B",null,"M","M","?","M","$","R","E","$","T","M","E","R","?","M","R","B",null],"character_chosen":"IRONCLAD","items_purchased":["Twin Strike","Inflame","PreservedInsect","Strength Potion"],"campfire_rested":3,"item_purchase_floors":[2,13,13,39],"current_hp_per_floor":[80,80,80,80,72,78,80,80,80,80,80,78,78,80,80,70,80,64,64,70,70,70,66,72,72,72,58,64,64,64,69,69,60,80,80,80,80,80,80,80,35,35,35,41,38,77,77,61,80,27],"gold":203,"neow_bonus":"THREE_ENEMY_KILL","is_prod":false,"is_daily":false,"chose_seed":false,"campfire_upgraded":5,"win_rate":0,"timestamp":1556551996,"path_taken":["M","?","?","M","?","E","?","?","T","M","R","M","?","?","R","BOSS","M","$","M","?","?","E","M","R","T","?","?","?","R","E","R","BOSS","M","M","?","M","$","R","E","?","T","M","E","R","?","M","R","BOSS"],"build_version":"2019-01-23","purchased_purges":3,"victory":true,"max_hp_per_floor":[80,80,80,80,80,80,80,80,80,80,80,80,80,80,80,80,80,80,80,80,80,80,80,80,80,80,80,80,80,80,80,80,80,80,80,80,80,80,80,80,80,80,80,80,80,80,80,80,80,80],"card_choices":[{"not_picked":["Shrug It Off","Thunderclap","Bloodletting"],"picked":"SKIP","floor":1.0},{"not_picked":["Body Slam","Entrench","Pommel Strike"],"picked":"SKIP","floor":4.0},{"not_picked":["Fiend Fire","Infernal Blade"],"picked":"Headbutt","floor":6.0},{"not_picked":["Thunderclap","Metallicize"],"picked":"Whirlwind","floor":7.0},{"not_picked":["Dropkick","Twin Strike"],"picked":"Thunderclap","floor":10.0},{"not_picked":["Iron Wave","Shrug It Off"],"picked":"Flex","floor":12.0},{"not_picked":["Cleave","Armaments","Iron Wave"],"picked":"SKIP","floor":14.0},{"not_picked":[],"picked":"Twin Strike","floor":18.0},{"not_picked":["Shrug It Off"],"picked":"SKIP","floor":20.0},{"not_picked":["Wild Strike+1"],"picked":"SKIP","floor":23.0},{"not_picked":["Headbutt+1"],"picked":"SKIP","floor":24.0},{"not_picked":[],"picked":"Twin Strike","floor":27.0},{"not_picked":["Flame Barrier"],"picked":"SKIP","floor":31.0},{"not_picked":["Rampage+1"],"picked":"SKIP","floor":35},{"not_picked":["Heavy Blade"],"picked":"SKIP","floor":36},{"not_picked":[],"picked":"Heavy Blade","floor":36},{"not_picked":["Wild Strike+1"],"picked":"SKIP","floor":38},{"not_picked":["Burning Pact"],"picked":"SKIP","floor":41},{"not_picked":[],"picked":"Battle Trance","floor":44},{"not_picked":["Hemokinesis+1"],"picked":"SKIP","floor":45},{"not_picked":["Havoc"],"picked":"SKIP","floor":48}],"player_experience":1325213,"relics_obtained":[{"floor":6.0,"key":"Happy Flower"},{"floor":9.0,"key":"Vajra"},{"floor":23.0,"key":"Unceasing Top"},{"floor":26.0,"key":"Anchor"},{"floor":28.0,"key":"Red Mask"},{"floor":29.0,"key":"Juzu Bracelet"},{"floor":31.0,"key":"Regal Pillow"},{"floor":41,"key":"Sundial"},{"floor":43,"key":"Incense Burner"},{"floor":45,"key":"Peace Pipe"}],"event_choices":[{"damage_healed":0.0,"max_hp_gain":0.0,"max_hp_loss":0.0,"gold_gain":0.0,"event_name":"Living Wall","player_choice":"Grow","floor":3.0,"gold_loss":0.0,"damage_taken":0.0,"cards_upgraded":["Bash"]},{"damage_healed":0.0,"max_hp_gain":0.0,"max_hp_loss":0.0,"gold_gain":75.0,"event_name":"FaceTrader","player_choice":"Touch","floor":5.0,"gold_loss":0.0,"damage_taken":8.0},{"cards_removed":["Strike_R"],"damage_healed":0.0,"max_hp_gain":0.0,"max_hp_loss":0.0,"gold_gain":0.0,"event_name":"Purifier","player_choice":"Purged","floor":8.0,"gold_loss":0.0,"damage_taken":0.0},{"cards_removed":["Defend_R"],"damage_healed":0.0,"max_hp_gain":0.0,"max_hp_loss":0.0,"gold_gain":0.0,"event_name":"Back to Basics","player_choice":"Elegance","floor":21.0,"gold_loss":0.0,"damage_taken":0.0},{"damage_healed":0.0,"max_hp_gain":0.0,"max_hp_loss":0.0,"gold_gain":0.0,"cards_transformed":["Strike_R"],"event_name":"Transmorgrifier","player_choice":"Transformed","floor":22.0,"gold_loss":0.0,"damage_taken":0.0,"cards_obtained":["Disarm"]},{"damage_healed":0.0,"max_hp_gain":0.0,"max_hp_loss":0.0,"gold_gain":0.0,"event_name":"Masked Bandits","player_choice":"Fought Bandits","floor":28.0,"gold_loss":0.0,"damage_taken":0.0},{"damage_healed":0,"gold_gain":0,"player_choice":"Gave Potion","damage_taken":0,"relics_obtained":["Darkstone Periapt"],"max_hp_gain":0,"max_hp_loss":0,"event_name":"WeMeetAgain","floor":37,"gold_loss":0},{"cards_removed":["Defend_R"],"damage_healed":0,"gold_gain":0,"player_choice":"Removed Skill","damage_taken":0,"max_hp_gain":0,"max_hp_loss":0,"event_name":"Falling","floor":47,"gold_loss":0}],"is_beta":false,"boss_relics":[{"not_picked":["Ectoplasm","Snecko Eye"],"picked":"Busted Crown"},{"not_picked":["Calling Bell","Black Blood"],"picked":"Fusion Hammer"}],"items_purged_floors":[19,39,42],"is_endless":false,"potions_floor_spawned":[4,6,7,14,18,20,23,27,31,33,35,38,41,48],"ascension_level":0}