{"path_per_floor":["M","?","$","M","M","E","R","$","T","M","R","?","R","M","R","B",null,"M","?","?","M","M","R","M","R","T","?","M","M","E","M","R","B",null,"M","M","M","$","M"],"character_chosen":"THE_SILENT","items_purchased":["Expertise","Cloak And Dagger","Shuriken"],"gold_per_floor":[118,118,48,62,81,116,116,64,64,83,83,83,83,102,102,206,206,217,0,0,20,37,37,49,49,97,97,113,126,154,172,172,276,276,286,299,316,71,84],"floor_reached":22,"campfire_rested":2,"playtime":2535,"current_hp_per_floor":[70,56,56,56,56,24,45,45,45,45,45,45,45,45,45,45,70,70,70,61,61,61,61,52,52,52,52,42,39,32,15,37,37,75,65,60,60,60,40],"items_purged":[],"gold":84,"play_id":"4a08fb6e-c8c1-4aaa-97fe-c827a8fdc4a4","is_prod":false,"is_daily":false,"is_ascension_mode":false,"campfire_upgraded":5,"path_taken":["M","?","?","M","M","E","R","$","T","M","R","?","R","?","R","BOSS","M","?","?","M","?","R","M","R","T","?","M","?","E","M","R","BOSS","M","M","M","$","M","E"],"build_version":"2018-01-25-BETA1","purchased_purges":0,"victory":false,"master_deck":["Defend_G","Defend_G","Defend_G","Defend_G","Defend_G+1","Strike_G","Strike_G","Strike_G","Strike_G","Survivor+1","Neutralize","Infinite Blades","Expertise+1","Accuracy+1","Tools of the Trade","Cloak And Dagger+1","Infinite Blades+1","Adrenaline+1","Dagger Throw+1","Footwork","Cloak And Dagger+1","Masterful Stab","Calculated Gamble+1","Burst","Infinite Blades+1","Cloak And Dagger+1","Endless Agony"],"max_hp_per_floor":[70,70,70,70,70,70,70,70,70,70,70,70,70,70,70,70,70,70,70,75,75,75,75,75,75,75,75,75,75,75,75,75,75,75,75,75,75,75,75],"relics":["Ring of the Snake","Ginger","Unceasing Top","Sozu","Orichalcum","Toxic Egg","Question Card","Shuriken"],"card_choices":[{"not_picked":["Slice","Outmaneuver"],"picked":"Infinite Blades"},{"not_picked":["Outmaneuver","Dagger Throw"],"picked":"Accuracy"},{"not_picked":["PiercingWail","Prepared"],"picked":"Tools of the Trade"},{"not_picked":["Riddle With Holes","Dodge and Roll"],"picked":"Infinite Blades"},{"not_picked":["Tactician","Glass Knife"],"picked":"Adrenaline"},{"not_picked":["Deadly Poison","Slice"],"picked":"Dagger Throw"},{"not_picked":["Catalyst","Backflip"],"picked":"Footwork"},{"not_picked":["PiercingWail","Bane"],"picked":"Cloak And Dagger"},{"not_picked":["Dagger Spray","Terror"],"picked":"Calculated Gamble"},{"not_picked":["Bullet Time","Unload"],"picked":"Burst"},{"not_picked":["Dagger Spray","Dash","Cloak And Dagger"],"picked":"Infinite Blades"},{"not_picked":["Expertise","Bouncing Flask","Outmaneuver"],"picked":"Cloak And Dagger"},{"not_picked":["Flying Knee","Slice","Dagger Throw"],"picked":"Endless Agony"}],"player_experience":65349,"potions_floor_usage":[],"damage_taken":[{"damage":0.0,"enemies":"Cultist","floor":1.0,"turns":4.0},{"damage":0.0,"enemies":"Small Slimes","floor":4.0,"turns":4.0},{"damage":0.0,"enemies":"2 Louse","floor":5.0,"turns":3.0},{"damage":0.0,"enemies":"Gremlin Nob","floor":6.0,"turns":6.0},{"damage":0.0,"enemies":"Red Slaver","floor":6.0,"turns":6.0},{"damage":0.0,"enemies":"Lots of Slimes","floor":6.0,"turns":6.0},{"damage":0.0,"enemies":"Hexaghost","floor":6.0,"turns":9.0},{"damage":0.0,"enemies":"3 Byrds","floor":6.0,"turns":11.0},{"damage":0.0,"enemies":"2 Thieves","floor":6.0,"turns":12.0},{"damage":0.0,"enemies":"Slaver and Parasite","floor":7.0,"turns":5.0},{"damage":9.0,"enemies":"Snake Plant","floor":9.0,"turns":6.0},{"damage":10.0,"enemies":"Centurion and Healer","floor":13.0,"turns":4.0},{"damage":3.0,"enemies":"Snecko","floor":14.0,"turns":5.0},{"damage":7.0,"enemies":"Book of Stabbing","floor":15.0,"turns":5.0},{"damage":17.0,"enemies":"Snake Plant","floor":16.0,"turns":4.0},{"damage":0,"enemies":"Champ","floor":18,"turns":1},{"damage":10,"enemies":"3 Shapes","floor":19,"turns":2},{"damage":10,"enemies":"Orb Walker","floor":19,"turns":3},{"damage":10,"enemies":"Maw","floor":19,"turns":8},{"damage":20,"enemies":"Spire Growth","floor":21,"turns":4},{"damage":42,"enemies":"Nemesis","floor":22,"turns":6}],"event_choices":[{"event_name":"Shining Light","player_choice":"Entered Light","floor":2.0,"damage_taken":0.0},{"event_name":"Bonfire Elementals","player_choice":"BASIC","floor":6.0,"damage_taken":0.0},{"event_name":"Masked Bandits","player_choice":"Paid Bandits 217 gold","floor":6.0,"damage_taken":0.0},{"event_name":"Forgotten Altar","player_choice":"Shed Blood","floor":6.0,"damage_taken":0.0},{"event_name":"The Library","player_choice":"Read","floor":12.0,"damage_taken":0.0}],"boss_relics":[{"not_picked":["Snecko Eye","Orrery"],"picked":"Question Card"}],"potions_floor_spawned":[4,6,6,7,9,13,15,16],"seed_played":"-3078730535781468900","killed_by":"Nemesis","ascension_level":0,"is_trial":false}