{"path_per_floor":["M","$","?","$","M","E","R","M","T","R","?","M","$","M","R","B",null,"M","?","?","T","M"],"character_chosen":"IRONCLAD","items_purchased":["Flex","Inflame"],"gold_per_floor":[213,138,313,213,233,267,267,283,283,283,283,298,70,88,88,192,192,206,206,306,376,392],"floor_reached":23,"campfire_rested":1,"playtime":969,"current_hp_per_floor":[75,75,75,75,75,47,47,43,43,43,43,28,28,25,63,48,70,61,45,45,45,51],"items_purged":["Parasite","Doubt","Defend_R"],"gold":392,"score":293,"play_id":"4dbc6344-316e-40ea-a3e4-907a53e5f36a","local_time":"20180303162629","is_prod":false,"is_daily":false,"is_ascension_mode":true,"campfire_upgraded":2,"timestamp":1520094389,"path_taken":["M","$","?","$","M","E","R","M","T","R","?","?","?","M","R","BOSS","M","?","?","?","M","E"],"build_version":"2018-03-01-PROD1","purchased_purges":4,"victory":false,"master_deck":["Strike_R","Strike_R","Strike_R","Strike_R","Strike_R","Defend_R","Defend_R","Defend_R","Bash+1","Cleave","Whirlwind+1","Double Tap","Deep Breath","Flex","Inflame","Brutality","Flex"],"max_hp_per_floor":[80,77,77,77,77,77,77,77,77,77,77,77,77,77,77,77,77,77,77,77,77,77],"relics":["Burning Blood","Bag of Preparation","Regal Pillow","Sozu","Nilry\u0027s Codex","Self Forming Clay"],"card_choices":[{"not_picked":["Ghostly Armor","Anger"],"picked":"Cleave"},{"not_picked":["Blood for Blood","Reckless Charge"],"picked":"Whirlwind"},{"not_picked":["Berserk","Bludgeon"],"picked":"Brutality"},{"not_picked":["Carnage","Sword Boomerang"],"picked":"Flex"}],"player_experience":191092,"potions_floor_usage":[16,16,23],"damage_taken":[{"damage":3,"enemies":"Jaw Worm","floor":1,"turns":5},{"damage":6,"enemies":"Cultist","floor":5,"turns":4},{"damage":34,"enemies":"3 Sentries","floor":6,"turns":6},{"damage":10,"enemies":"Small Slimes","floor":8,"turns":2},{"damage":21,"enemies":"Exordium Thugs","floor":12,"turns":3},{"damage":9,"enemies":"Red Slaver","floor":14,"turns":3},{"damage":33,"enemies":"Slime Boss","floor":16,"turns":6},{"damage":15,"enemies":"Chosen","floor":18,"turns":3},{"damage":0,"enemies":"3 Byrds","floor":22,"turns":1},{"damage":58,"enemies":"Slavers","floor":23,"turns":4}],"event_choices":[{"event_name":"Liars Game","player_choice":"agreed","floor":3,"damage_taken":0},{"event_name":"Match and Keep!","player_choice":"2 cards matched","floor":11,"damage_taken":0},{"event_name":"Cursed Tome","player_choice":"Obtained Book","floor":19,"damage_taken":0},{"event_name":"Golden Shrine","player_choice":"Pray","floor":20,"damage_taken":0}],"boss_relics":[{"not_picked":["Snecko Eye","Astrolabe"],"picked":"Sozu"}],"potions_floor_spawned":[1,8,12],"seed_played":"-6775088341783440326","killed_by":"Slavers","ascension_level":11,"is_trial":false}