{"path_per_floor":["M","?","$","M","M","R","M","R","T","M","M","E","M","?","R","B",null,"M","M","M","?","$","R","E","M","T","M","M","R","M","$","R","B",null,"M","M","?","M","$","R","T","M","T","E","?","R","M","M","R","B"],"character_chosen":"IRONCLAD","items_purchased":["Rupture","Limit Break","Twin Strike","Pommel Strike","Meat on the Bone"],"gold_per_floor":[114,114,34,49,64,64,79,79,104,119,134,164,179,179,179,279,279,294,309,324,239,239,239,269,284,359,374,389,389,404,248,248,348,348,363,378,378,393,68,68,143,158,208,238,238,238,253,268,268,268],"floor_reached":51,"campfire_rested":4,"playtime":1812,"current_hp_per_floor":[77,77,77,80,80,80,80,80,80,80,77,67,58,68,90,52,90,79,77,70,70,70,70,48,50,50,39,39,66,62,62,89,12,90,85,73,73,68,68,82,82,31,31,41,41,82,72,71,85,63],"items_purged":[],"gold":268,"score":782,"play_id":"84c5b75a-7299-451a-8b8b-02b836f51a18","local_time":"20180411150348","daily_mods":["Draft","Time Dilation","Uncertain Future"],"is_prod":false,"is_daily":true,"chose_seed":false,"is_ascension_mode":false,"campfire_upgraded":5,"timestamp":1523480628,"path_taken":["M","?","$","M","M","R","?","R","T","M","M","E","M","?","R","BOSS","M","M","M","?","$","R","E","M","T","?","M","R","M","?","R","BOSS","M","M","?","M","$","R","?","M","T","E","?","R","M","M","R","BOSS"],"build_version":"2018-04-10","seed_source_timestamp":0,"purchased_purges":1,"victory":true,"master_deck":["Hemokinesis","Perfected Strike+1","Battle Trance","Spot Weakness","Perfected Strike+1","Wild Strike","Flex","Perfected Strike+1","Spot Weakness","Combust","Shrug It Off","Shrug It Off","Clash","Headbutt+1","Rupture+1","Rupture","Pommel Strike","Offering","Dual Wield","Rage","Reaper","Infernal Blade","Rupture","Hemokinesis","Clash","Shrug It Off","Perfected Strike","Limit Break+1","Offering","Pummel+1","Jack Of All Trades","Twin Strike+1","Twin Strike","Pommel Strike","Clash+1","Infernal Blade","Shrug It Off+1","Pommel Strike+1"],"max_hp_per_floor":[80,80,80,80,80,80,80,80,80,80,80,80,80,90,90,90,90,90,90,90,90,90,90,90,90,90,90,90,90,90,90,90,90,90,90,90,90,90,90,90,90,90,90,90,90,90,90,90,90,90],"relics":["Burning Blood","Bag of Preparation","Omamori","Pear","Black Star","Bag of Marbles","Whetstone","Art of War","Question Card","Eternal Feather","Meat on the Bone","The Courier","Ancient Tea Set","Juzu Bracelet","Vajra"],"card_choices":[{"not_picked":["True Grit","Burning Pact"],"picked":"Hemokinesis","floor":0},{"not_picked":["Reckless Charge","Heavy Blade"],"picked":"Perfected Strike","floor":0},{"not_picked":["Ghostly Armor","Blood for Blood"],"picked":"Battle Trance","floor":0},{"not_picked":["Body Slam","Cleave"],"picked":"Spot Weakness","floor":0},{"not_picked":["Fire Breathing","Searing Blow"],"picked":"Perfected Strike","floor":0},{"not_picked":["Whirlwind","Burning Pact"],"picked":"Wild Strike","floor":0},{"not_picked":["Sentinel","Warcry"],"picked":"Flex","floor":0},{"not_picked":["Disarm","Heavy Blade"],"picked":"Perfected Strike","floor":0},{"not_picked":["Clothesline","Searing Blow"],"picked":"Sword Boomerang","floor":0},{"not_picked":["Heavy Blade","Clothesline"],"picked":"Spot Weakness","floor":0},{"not_picked":["Anger","Iron Wave"],"picked":"Combust","floor":0},{"not_picked":["Uppercut","Rage"],"picked":"Shrug It Off","floor":0},{"not_picked":["Dual Wield","Heavy Blade"],"picked":"Shrug It Off","floor":0},{"not_picked":["Corruption","Second Wind"],"picked":"Clash","floor":0},{"not_picked":["Flex","Armaments"],"picked":"Headbutt","floor":0},{"not_picked":["Shrug It Off","Heavy Blade"],"picked":"Rupture","floor":4},{"not_picked":["Perfected Strike","Flex"],"picked":"Pommel Strike","floor":7},{"not_picked":["Corruption","Shrug It Off"],"picked":"Offering","floor":10},{"not_picked":["Spot Weakness","Inflame"],"picked":"Dual Wield","floor":11},{"not_picked":["Flame Barrier","Body Slam"],"picked":"Rage","floor":13},{"not_picked":["Barricade","Bludgeon"],"picked":"Reaper","floor":16},{"not_picked":["Dual Wield","Armaments"],"picked":"Infernal Blade","floor":18},{"not_picked":["Headbutt","Heavy Blade"],"picked":"Rupture","floor":19},{"not_picked":["Whirlwind","Blood for Blood"],"picked":"Hemokinesis","floor":20},{"not_picked":["Reckless Charge","Hemokinesis"],"picked":"Clash","floor":24},{"not_picked":["Burning Pact","Cleave"],"picked":"Shrug It Off","floor":25},{"not_picked":["Shrug It Off","Feel No Pain","Headbutt"],"picked":"Perfected Strike","floor":30},{"not_picked":["Reaper","Barricade","Fiend Fire"],"picked":"Offering","floor":33},{"not_picked":["Armaments","Warcry","Shockwave"],"picked":"Pummel","floor":35},{"not_picked":["Mind Blast","Purity","Master of Strategy"],"picked":"Jack Of All Trades","floor":37},{"not_picked":["Sentinel","True Grit","Shrug It Off"],"picked":"Twin Strike","floor":38},{"not_picked":["Thunderclap","Armaments","Sword Boomerang"],"picked":"Clash","floor":42},{"not_picked":["Heavy Blade","Flex","Iron Wave"],"picked":"Infernal Blade","floor":44},{"not_picked":["Inflame","Entrench","Searing Blow"],"picked":"Shrug It Off","floor":47},{"not_picked":["Searing Blow","Clash","Armaments"],"picked":"Pommel Strike","floor":48}],"player_experience":294199,"potions_floor_usage":[7,12,16,19,24,27,33,33,33,36,50],"damage_taken":[{"damage":9,"enemies":"Small Slimes","floor":1,"turns":3},{"damage":0,"enemies":"2 Louse","floor":4,"turns":2},{"damage":3,"enemies":"Cultist","floor":5,"turns":3},{"damage":0,"enemies":"2 Fungi Beasts","floor":7,"turns":2},{"damage":3,"enemies":"3 Louse","floor":10,"turns":2},{"damage":9,"enemies":"Looter","floor":11,"turns":2},{"damage":16,"enemies":"Lagavulin","floor":12,"turns":3},{"damage":15,"enemies":"Exordium Wildlife","floor":13,"turns":2},{"damage":44,"enemies":"The Guardian","floor":16,"turns":6},{"damage":17,"enemies":"2 Thieves","floor":18,"turns":3},{"damage":8,"enemies":"Spheric Guardian","floor":19,"turns":2},{"damage":13,"enemies":"Snake Plant","floor":20,"turns":2},{"damage":31,"enemies":"Book of Stabbing","floor":24,"turns":3},{"damage":17,"enemies":"Cultist and Chosen","floor":25,"turns":3},{"damage":17,"enemies":"Centurion and Healer","floor":27,"turns":3},{"damage":13,"enemies":"Snake Plant","floor":28,"turns":3},{"damage":28,"enemies":"3 Cultists","floor":30,"turns":4},{"damage":113,"enemies":"Collector","floor":33,"turns":10},{"damage":11,"enemies":"Orb Walker","floor":35,"turns":2},{"damage":27,"enemies":"3 Shapes","floor":36,"turns":4},{"damage":11,"enemies":"Spire Growth","floor":38,"turns":1},{"damage":69,"enemies":"Flame Bruiser 2 Orb","floor":42,"turns":5},{"damage":8,"enemies":"Nemesis","floor":44,"turns":1},{"damage":16,"enemies":"Sphere and 2 Shapes","floor":47,"turns":3},{"damage":7,"enemies":"4 Shapes","floor":48,"turns":2},{"damage":62,"enemies":"Time Eater","floor":50,"turns":7}],"event_choices":[{"event_name":"The Cleric","player_choice":"Leave","floor":2,"damage_taken":0},{"event_name":"Big Fish","player_choice":"Box","floor":14,"damage_taken":0},{"event_name":"Addict","player_choice":"Obtained Relic","floor":21,"damage_taken":0},{"event_name":"SensoryStone","player_choice":"Memory 1","floor":37,"damage_taken":0}],"boss_relics":[{"not_picked":["Orrery","Black Blood"],"picked":"Black Star"},{"not_picked":["Runic Pyramid","Astrolabe"],"picked":"Eternal Feather"}],"potions_floor_spawned":[1,7,10,12,16,18,20,27,28,35,42,48],"seed_played":"-391097367170320496","ascension_level":0,"is_trial":false}