{"gold_per_floor":[362,380,380,4,17,17,48,65,65,76,76,76,76,87,87,191,191,209,109,9,19,39,39,74,94,118,15,15,15,29,29,29,132,132,160,185,72,88,103,103,122,122,167,39,51,68,84,84,84,84],"floor_reached":50,"playtime":4091,"items_purged":["Strike_B","Parasite","Normality","Decay"],"score":666,"play_id":"0f232239-21a4-4ec7-9369-36f7e196a8b7","local_time":"20190112144042","is_ascension_mode":true,"campfire_choices":[{"floor":6,"key":"DIG"},{"floor":12,"key":"DIG"},{"floor":15,"key":"DIG"},{"floor":23,"key":"REST"},{"floor":28,"key":"REST"},{"floor":32,"key":"REST"},{"floor":40,"key":"REST"},{"floor":42,"key":"REST"},{"floor":49,"key":"REST"}],"neow_cost":"PERCENT_DAMAGE","seed_source_timestamp":1542239942272634,"circlet_count":0,"master_deck":["Zap","Dualcast","Cold Snap","Ball Lightning","Skim","Hologram","Machine Learning","Cold Snap","Loop","Thunder Strike","Scrape","Chaos","All For One","Turbo","Redo","FTL","Storm","Conserve Battery+1","Rebound","Glacier","Tempest","White Noise+1","Cold Snap","FTL","White Noise+1","Electrodynamics","Injury","White Noise+1","Conserve Battery+1","Blizzard","Heatsinks+1","Force Field","Go for the Eyes+1","Auto Shields+1","Good Instincts"],"relics":["Cracked Core","Shovel","Orichalcum","Girya","Dodecahedron","Oddly Smooth Stone","Torii","Pandora\u0027s Box","Darkstone Periapt","Dead Branch","DataDisk","Calling Bell","MawBank","Pantograph","Ginger","Smiling Mask"],"potions_floor_usage":[5,22,24,33,35,45,46,47,50],"damage_taken":[{"damage":0,"enemies":"2 Louse","floor":1,"turns":2},{"damage":5,"enemies":"Jaw Worm","floor":2,"turns":3},{"damage":0,"enemies":"Small Slimes","floor":5,"turns":2},{"damage":2,"enemies":"3 Sentries","floor":7,"turns":9},{"damage":5,"enemies":"Looter","floor":8,"turns":3},{"damage":8,"enemies":"Red Slaver","floor":10,"turns":3},{"damage":0,"enemies":"Large Slime","floor":14,"turns":3},{"damage":10,"enemies":"The Guardian","floor":16,"turns":14},{"damage":10,"enemies":"3 Byrds","floor":18,"turns":4},{"damage":2,"enemies":"Chosen","floor":21,"turns":4},{"damage":32,"enemies":"Snake Plant","floor":22,"turns":4},{"damage":38,"enemies":"Book of Stabbing","floor":24,"turns":6},{"damage":7,"enemies":"Chosen and Byrds","floor":25,"turns":5},{"damage":0,"enemies":"Centurion and Healer","floor":30,"turns":3},{"damage":17,"enemies":"Champ","floor":33,"turns":9},{"damage":18,"enemies":"3 Shapes","floor":35,"turns":4},{"damage":22,"enemies":"3 Darklings","floor":36,"turns":4},{"damage":6,"enemies":"4 Shapes","floor":38,"turns":4},{"damage":22,"enemies":"Writhing Mass","floor":39,"turns":7},{"damage":17,"enemies":"Jaw Worm Horde","floor":41,"turns":2},{"damage":14,"enemies":"Maw","floor":45,"turns":6},{"damage":1,"enemies":"Sphere and 2 Shapes","floor":46,"turns":3},{"damage":37,"enemies":"Transient","floor":47,"turns":5},{"damage":64,"enemies":"Awakened One","floor":50,"turns":6}],"seed_played":"6201938889799326963","potions_obtained":[{"floor":5,"key":"Fruit Juice"},{"floor":7,"key":"Energy Potion"},{"floor":10,"key":"AttackPotion"},{"floor":22,"key":"Fire Potion"},{"floor":25,"key":"Dexterity Potion"},{"floor":38,"key":"Poison Potion"},{"floor":39,"key":"SkillPotion"},{"floor":45,"key":"Swift Potion"},{"floor":47,"key":"FearPotion"}],"is_trial":false,"path_per_floor":["M","M","?","$","M","R","E","M","T","M","?","R","?","M","R","B",null,"M","?","$","M","M","R","E","M","T","$","R","?","M","?","R","B",null,"M","M","$","M","M","R","M","R","T","$","M","M","M","?","R","B"],"character_chosen":"DEFECT","items_purchased":["Shovel","Cold Snap","Block Potion","Force Field"],"campfire_rested":6,"item_purchase_floors":[4,27,27,44],"current_hp_per_floor":[54,49,74,74,79,79,77,72,72,64,64,64,80,80,80,70,78,68,68,68,66,34,57,19,12,12,12,35,35,35,35,58,41,86,68,46,46,40,18,46,29,57,57,57,43,42,5,5,33,0],"gold":84,"neow_bonus":"TWO_FIFTY_GOLD","is_prod":false,"is_daily":false,"chose_seed":false,"campfire_upgraded":0,"win_rate":0,"timestamp":1547304042,"path_taken":["M","M","?","$","M","R","E","M","T","M","?","R","?","M","R","BOSS","M","?","$","M","?","R","E","M","T","$","R","?","?","?","R","BOSS","M","M","?","M","M","R","M","R","T","$","M","?","?","?","R","BOSS"],"build_version":"2019-01-10","purchased_purges":4,"victory":false,"max_hp_per_floor":[75,75,75,75,80,80,80,80,80,80,80,80,80,80,80,80,80,80,80,77,77,77,77,77,77,77,77,77,77,77,77,77,77,95,95,95,95,95,95,95,95,95,95,95,95,95,95,95,95,95],"card_choices":[{"not_picked":["Compile Driver","Rebound"],"picked":"Cold Snap","floor":1},{"not_picked":["Darkness","Gash"],"picked":"Ball Lightning","floor":2},{"not_picked":["Ball Lightning","Hologram"],"picked":"Skim","floor":5},{"not_picked":["Steam","Leap"],"picked":"Hologram","floor":7},{"not_picked":["Heatsinks","Leap"],"picked":"Machine Learning","floor":8},{"not_picked":["Steam","Consume"],"picked":"Cold Snap","floor":10},{"not_picked":["Hologram","Steam"],"picked":"Loop","floor":14},{"not_picked":["Reboot","Multi-Cast"],"picked":"Thunder Strike","floor":16},{"not_picked":["Rebound","Ball Lightning"],"picked":"Conserve Battery+1","floor":18},{"not_picked":["Turbo","Sweeping Beam"],"picked":"Rebound","floor":21},{"not_picked":["Barrage","Meteor Strike"],"picked":"Glacier","floor":22},{"not_picked":["Hologram","Chaos"],"picked":"Tempest","floor":24},{"not_picked":["FTL","Chaos+1"],"picked":"White Noise+1","floor":25},{"not_picked":["Steam","Recycle"],"picked":"FTL","floor":30},{"not_picked":["Hyperbeam","Buffer"],"picked":"Electrodynamics","floor":33},{"not_picked":["BootSequence+1","Hello World"],"picked":"White Noise+1","floor":35},{"not_picked":["Sweeping Beam","Coolheaded","Undo+1"],"picked":"SKIP","floor":36},{"not_picked":["Turbo","Loop"],"picked":"Conserve Battery+1","floor":38},{"not_picked":["Stack+1","Rebound+1"],"picked":"Blizzard","floor":39},{"not_picked":["Beam Cell","Ball Lightning"],"picked":"Heatsinks+1","floor":41},{"not_picked":["Self Repair+1","Biased Cognition","Static Discharge+1"],"picked":"SKIP","floor":45},{"not_picked":["Tempest+1","Gash+1"],"picked":"Go for the Eyes+1","floor":46},{"not_picked":["Skim","Rip and Tear+1"],"picked":"Auto Shields+1","floor":47},{"not_picked":["Sadistic Nature","Chrysalis"],"picked":"Good Instincts","floor":48}],"player_experience":204734,"relics_obtained":[{"floor":6,"key":"Orichalcum"},{"floor":7,"key":"Girya"},{"floor":9,"key":"Dodecahedron"},{"floor":12,"key":"Oddly Smooth Stone"},{"floor":15,"key":"Torii"},{"floor":24,"key":"Dead Branch"},{"floor":26,"key":"DataDisk"},{"floor":34,"key":"MawBank"},{"floor":34,"key":"Pantograph"},{"floor":34,"key":"Ginger"},{"floor":43,"key":"Smiling Mask"}],"event_choices":[{"damage_healed":25,"gold_gain":0,"player_choice":"Banana","damage_taken":0,"max_hp_gain":0,"max_hp_loss":0,"event_name":"Big Fish","floor":3,"gold_loss":0},{"damage_healed":0,"gold_gain":0,"player_choice":"Ignored","damage_taken":0,"max_hp_gain":0,"max_hp_loss":0,"event_name":"Liars Game","floor":11,"gold_loss":0},{"damage_healed":20,"gold_gain":0,"player_choice":"Healed and dodged fight","damage_taken":0,"max_hp_gain":0,"max_hp_loss":0,"event_name":"Mushrooms","floor":13,"gold_loss":0,"cards_obtained":["Parasite"]},{"damage_healed":0,"gold_gain":0,"player_choice":"Paid Gold","damage_taken":0,"relics_obtained":["Darkstone Periapt"],"max_hp_gain":0,"max_hp_loss":0,"event_name":"WeMeetAgain","floor":19,"gold_loss":100},{"damage_healed":0,"gold_gain":0,"player_choice":"Leave","damage_taken":0,"max_hp_gain":0,"max_hp_loss":0,"event_name":"FaceTrader","floor":29,"gold_loss":0},{"damage_healed":0,"gold_gain":0,"player_choice":"Copied","damage_taken":0,"max_hp_gain":0,"max_hp_loss":0,"event_name":"Duplicator","floor":31,"gold_loss":0,"cards_obtained":["White Noise"]},{"damage_healed":0,"gold_gain":0,"player_choice":"Memory 1","damage_taken":0,"max_hp_gain":0,"max_hp_loss":0,"event_name":"SensoryStone","floor":48,"gold_loss":0}],"is_beta":false,"boss_relics":[{"not_picked":["Tiny House","Nuclear Battery"],"picked":"Pandora\u0027s Box"},{"not_picked":["Empty Cage","Coffee Dripper"],"picked":"Calling Bell"}],"items_purged_floors":[4,20,37,44],"is_endless":false,"potions_floor_spawned":[5,7,10,22,25,38,39,45,47],"killed_by":"Awakened One","ascension_level":5}