{"gold_per_floor":[109,124,124,3,15,15,32,61,61,61,73,73,136,4,4,78,78,90,90,109,128,67,67,101,101,101,120,35,135,135,152,152,229,229,245,245,245,7,23,23,23,23,49,84,84,96,96,110,110,110],"floor_reached":50,"playtime":2889,"items_purged":["Strike_R","Writhe"],"score":927,"play_id":"de959315-7d5c-4d1b-866a-7f4be8bd3070","local_time":"20190426171232","is_ascension_mode":true,"campfire_choices":[{"data":"Whirlwind","floor":6,"key":"SMITH"},{"data":"Inflame","floor":12,"key":"SMITH"},{"data":"Pummel","floor":15,"key":"SMITH"},{"floor":23,"key":"REST"},{"floor":25,"key":"REST"},{"data":"1","floor":30,"key":"LIFT"},{"floor":32,"key":"REST"},{"data":"2","floor":40,"key":"LIFT"},{"data":"3","floor":42,"key":"LIFT"},{"floor":49,"key":"REST"}],"neow_cost":"NONE","seed_source_timestamp":3382996872089973,"circlet_count":0,"master_deck":["AscendersBane","Strike_R","Strike_R+1","Strike_R","Defend_R","Defend_R","Defend_R","Defend_R","Bash","Pummel+1","Iron Wave+1","Inflame+1","Pummel","Whirlwind+1","Shrug It Off","Inflame+1","Thunderclap","Impervious","Disarm","Iron Wave","Metallicize","Iron Wave","Impervious","Body Slam+1","Shrug It Off","Shrug It Off","Heavy Blade","Good Instincts"],"relics":["Burning Blood","Potion Belt","Bottled Lightning","Self Forming Clay","Pear","Fusion Hammer","Tiny Chest","Bag of Preparation","Girya","Strawberry","Dead Branch","Sundial","Runic Cube","Omamori","Vajra"],"potions_floor_usage":[8,11,13,16,21,24,29,29,33,39,44,48,50],"damage_taken":[{"damage":7,"enemies":"Small Slimes","floor":1,"turns":3},{"damage":24,"enemies":"Jaw Worm","floor":2,"turns":4},{"damage":0,"enemies":"Cultist","floor":5,"turns":2},{"damage":14,"enemies":"Blue Slaver","floor":7,"turns":4},{"damage":14,"enemies":"Gremlin Nob","floor":8,"turns":4},{"damage":0,"enemies":"Gremlin Gang","floor":11,"turns":2},{"damage":10,"enemies":"3 Sentries","floor":13,"turns":4},{"damage":20,"enemies":"Hexaghost","floor":16,"turns":7},{"damage":0,"enemies":"3 Byrds","floor":18,"turns":3},{"damage":0,"enemies":"Chosen","floor":20,"turns":2},{"damage":40,"enemies":"Snake Plant","floor":21,"turns":6},{"damage":4,"enemies":"Gremlin Leader","floor":24,"turns":5},{"damage":0,"enemies":"Centurion and Healer","floor":27,"turns":6},{"damage":27,"enemies":"Colosseum Slavers","floor":29,"turns":3},{"damage":14,"enemies":"Colosseum Nobs","floor":29,"turns":3},{"damage":16,"enemies":"Sentry and Sphere","floor":31,"turns":4},{"damage":61,"enemies":"Automaton","floor":33,"turns":10},{"damage":12,"enemies":"Orb Walker","floor":35,"turns":3},{"damage":9,"enemies":"3 Darklings","floor":39,"turns":2},{"damage":27,"enemies":"Nemesis","floor":44,"turns":5},{"damage":2,"enemies":"Sphere and 2 Shapes","floor":46,"turns":4},{"damage":43,"enemies":"Transient","floor":48,"turns":6},{"damage":80,"enemies":"Donu and Deca","floor":50,"turns":8}],"seed_played":"-69982233566883499","potions_obtained":[{"floor":1,"key":"SpeedPotion"},{"floor":8,"key":"Block Potion"},{"floor":11,"key":"AttackPotion"},{"floor":13,"key":"Ancient Potion"},{"floor":16,"key":"Energy Potion"},{"floor":24,"key":"Energy Potion"},{"floor":27,"key":"EssenceOfSteel"},{"floor":31,"key":"Explosive Potion"},{"floor":33,"key":"Explosive Potion"},{"floor":35,"key":"GamblersBrew"},{"floor":48,"key":"SkillPotion"}],"is_trial":false,"path_per_floor":["M","M","?","$","M","R","M","E","T","?","M","R","?","$","R","B",null,"M","?","M","M","?","R","E","R","T","M","?","?","R","M","R","B",null,"M","?","?","$","M","R","$","R","T","E","?","M","?","M","R","B"],"character_chosen":"IRONCLAD","items_purchased":["Inflame","Pummel","Strength Potion","Shrug It Off","Regen Potion"],"campfire_rested":4,"item_purchase_floors":[4,4,14,38,38],"current_hp_per_floor":[67,49,26,26,32,32,24,16,16,16,22,22,28,28,28,14,67,73,73,79,45,45,70,72,85,85,85,92,63,63,53,80,25,75,69,69,87,87,84,84,84,84,84,77,77,81,81,44,71,0],"gold":110,"neow_bonus":"RANDOM_COMMON_RELIC","is_prod":false,"is_daily":false,"chose_seed":false,"campfire_upgraded":3,"win_rate":0,"timestamp":1556295152,"path_taken":["M","M","?","$","M","R","M","E","T","?","M","R","?","$","R","BOSS","M","?","?","M","?","R","E","R","T","?","?","?","R","M","R","BOSS","M","?","?","$","M","R","$","R","T","E","?","?","?","M","R","BOSS"],"build_version":"2019-01-23","purchased_purges":2,"victory":false,"max_hp_per_floor":[75,75,75,75,75,75,75,75,75,75,75,75,85,85,85,85,85,85,85,85,85,85,85,85,85,85,85,92,92,92,92,92,92,92,92,92,92,92,92,92,92,92,92,92,92,92,92,92,92,92],"card_choices":[{"not_picked":["Ghostly Armor","Burning Pact"],"picked":"Pummel","floor":1},{"not_picked":["True Grit","Perfected Strike"],"picked":"Iron Wave","floor":2},{"not_picked":["Fire Breathing","Heavy Blade"],"picked":"Whirlwind","floor":5},{"not_picked":["Perfected Strike","Havoc","Barricade"],"picked":"SKIP","floor":7},{"not_picked":["Armaments","Flex"],"picked":"Shrug It Off","floor":8},{"not_picked":["Clash","Havoc"],"picked":"Inflame","floor":11},{"not_picked":["Dual Wield","Heavy Blade"],"picked":"Thunderclap","floor":13},{"not_picked":["Fiend Fire","Juggernaut"],"picked":"Impervious","floor":16},{"not_picked":["Heavy Blade","Wild Strike","Shockwave"],"picked":"SKIP","floor":18},{"not_picked":["Cleave","Sword Boomerang","Spot Weakness+1"],"picked":"SKIP","floor":20},{"not_picked":["Dual Wield","Anger"],"picked":"Disarm","floor":21},{"not_picked":["Exhume","Uppercut"],"picked":"Iron Wave","floor":24},{"not_picked":["Headbutt","Havoc"],"picked":"Metallicize","floor":27},{"not_picked":["Heavy Blade","Dual Wield"],"picked":"Iron Wave","floor":29},{"not_picked":["Anger","Infernal Blade+1","True Grit"],"picked":"SKIP","floor":31},{"not_picked":["Berserk","Brutality"],"picked":"Impervious","floor":33},{"not_picked":["Sword Boomerang+1","Power Through"],"picked":"Body Slam+1","floor":35},{"not_picked":["Armaments","Dropkick"],"picked":"Shrug It Off","floor":39},{"not_picked":["Intimidate","Headbutt","Pommel Strike"],"picked":"SKIP","floor":44},{"not_picked":["Immolate","Clash"],"picked":"Heavy Blade","floor":46},{"not_picked":["Metamorphosis","Chrysalis"],"picked":"Good Instincts","floor":47},{"not_picked":["Sword Boomerang","Headbutt+1","Armaments"],"picked":"SKIP","floor":48}],"player_experience":664867,"relics_obtained":[{"floor":8,"key":"Bottled Lightning"},{"floor":9,"key":"Self Forming Clay"},{"floor":13,"key":"Pear"},{"floor":24,"key":"Bag of Preparation"},{"floor":26,"key":"Girya"},{"floor":29,"key":"Dead Branch"},{"floor":29,"key":"Sundial"},{"floor":43,"key":"Omamori"},{"floor":44,"key":"Vajra"}],"event_choices":[{"damage_healed":0,"gold_gain":0,"player_choice":"Entered Light","damage_taken":23,"max_hp_gain":0,"max_hp_loss":0,"event_name":"Shining Light","floor":3,"gold_loss":0,"cards_upgraded":["Strike_R","Iron Wave"]},{"damage_healed":0,"gold_gain":0,"player_choice":"Ignored","damage_taken":0,"max_hp_gain":0,"max_hp_loss":0,"event_name":"Golden Wing","floor":10,"gold_loss":0},{"damage_healed":0,"gold_gain":0,"player_choice":"Searched \u00271\u0027 times","damage_taken":0,"max_hp_gain":0,"max_hp_loss":0,"event_name":"Dead Adventurer","floor":13,"gold_loss":0},{"damage_healed":0,"gold_gain":0,"player_choice":"Upgraded","damage_taken":0,"max_hp_gain":0,"max_hp_loss":0,"event_name":"Upgrade Shrine","floor":19,"gold_loss":0,"cards_upgraded":["Inflame"]},{"damage_healed":0,"gold_gain":0,"player_choice":"Paid Gold","damage_taken":0,"relics_obtained":["Tiny Chest"],"max_hp_gain":0,"max_hp_loss":0,"event_name":"WeMeetAgain","floor":22,"gold_loss":91},{"damage_healed":0,"gold_gain":0,"player_choice":"Obtained Relic","damage_taken":0,"relics_obtained":["Strawberry"],"max_hp_gain":0,"max_hp_loss":0,"event_name":"Addict","floor":28,"gold_loss":85},{"damage_healed":0,"gold_gain":0,"player_choice":"Fight","damage_taken":0,"max_hp_gain":0,"max_hp_loss":0,"event_name":"Colosseum","floor":29,"gold_loss":0},{"damage_healed":0,"gold_gain":0,"player_choice":"Fought Nobs","damage_taken":0,"max_hp_gain":0,"max_hp_loss":0,"event_name":"Colosseum","floor":29,"gold_loss":0},{"damage_healed":0,"gold_gain":0,"player_choice":"Ignored","damage_taken":0,"max_hp_gain":0,"max_hp_loss":0,"event_name":"Tomb of Lord Red Mask","floor":36,"gold_loss":0},{"damage_healed":18,"gold_gain":0,"player_choice":"Writhe","damage_taken":0,"max_hp_gain":0,"max_hp_loss":0,"event_name":"Winding Halls","floor":37,"gold_loss":0,"cards_obtained":["Writhe"]},{"cards_removed":["Strike_R"],"damage_healed":0,"gold_gain":0,"player_choice":"Card Removal","damage_taken":0,"max_hp_gain":0,"max_hp_loss":0,"event_name":"Wheel of Change","floor":45,"gold_loss":0},{"damage_healed":0,"gold_gain":0,"player_choice":"Memory 1","damage_taken":0,"max_hp_gain":0,"max_hp_loss":0,"event_name":"SensoryStone","floor":47,"gold_loss":0}],"is_beta":false,"boss_relics":[{"not_picked":["Sozu","Mark of Pain"],"picked":"Fusion Hammer"},{"not_picked":["Calling Bell","Coffee Dripper"],"picked":"Runic Cube"}],"items_purged_floors":[14,38],"is_endless":false,"potions_floor_spawned":[1,8,11,13,16,24,27,31,33,35,48],"killed_by":"Donu and Deca","ascension_level":18}