{"gold_per_floor":[119,119,137,149,167,167,192,192,192,225,225,243,276,276,276,377,427,443,443,353,363,363],"floor_reached":22,"playtime":1981,"items_purged":[],"score":249,"play_id":"8fbbc896-10e2-4b5c-a19f-1f0f27a56843","local_time":"20190108015153","is_ascension_mode":true,"campfire_choices":[{"data":"Anger","floor":6,"key":"SMITH"},{"floor":8,"key":"REST"},{"data":"Dual Wield","floor":11,"key":"SMITH"},{"data":"Anger","floor":15,"key":"SMITH"}],"neow_cost":"NONE","seed_source_timestamp":1152607961977714,"circlet_count":0,"master_deck":["Strike_R","Strike_R","Strike_R","Strike_R+1","Strike_R","Defend_R","Defend_R","Defend_R","Defend_R","Bash","Anger+1","Twin Strike","True Grit+1","Dual Wield+1","Anger+1","Offering","Armaments","Warcry"],"relics":["Burning Blood","Frozen Egg 2","Juzu Bracelet","Pear","Matryoshka","Boot","Tiny House"],"potions_floor_usage":[12,16,22,22],"damage_taken":[{"damage":7,"enemies":"Jaw Worm","floor":1,"turns":4},{"damage":6,"enemies":"Cultist","floor":3,"turns":3},{"damage":0,"enemies":"2 Louse","floor":4,"turns":2},{"damage":20,"enemies":"Lots of Slimes","floor":5,"turns":5},{"damage":33,"enemies":"3 Sentries","floor":7,"turns":10},{"damage":19,"enemies":"Lagavulin","floor":10,"turns":5},{"damage":10,"enemies":"2 Fungi Beasts","floor":12,"turns":3},{"damage":17,"enemies":"3 Sentries","floor":13,"turns":6},{"damage":78,"enemies":"Hexaghost","floor":16,"turns":10},{"damage":22,"enemies":"Chosen","floor":18,"turns":5},{"damage":28,"enemies":"Spheric Guardian","floor":21,"turns":4},{"damage":34,"enemies":"Colosseum Slavers","floor":22,"turns":4},{"damage":52,"enemies":"Colosseum Nobs","floor":22,"turns":4}],"seed_played":"-754421493352701254","potions_obtained":[{"floor":1,"key":"Strength Potion"},{"floor":4,"key":"Swift Potion"},{"floor":7,"key":"FearPotion"},{"floor":16,"key":"Poison Potion"},{"floor":17,"key":"Ancient Potion"}],"is_trial":false,"path_per_floor":["M","?","M","M","M","R","E","R","T","E","R","M","E","?","R","B",null,"M","?","?","M","?"],"character_chosen":"IRONCLAD","items_purchased":[],"campfire_rested":1,"item_purchase_floors":[],"current_hp_per_floor":[87,87,87,88,74,74,47,73,83,70,70,66,55,79,79,7,103,87,87,87,65,0],"gold":363,"neow_bonus":"TEN_PERCENT_HP_BONUS","is_prod":false,"is_daily":false,"chose_seed":false,"campfire_upgraded":3,"win_rate":0,"timestamp":1546912313,"path_taken":["M","?","M","M","M","R","E","R","T","E","R","M","E","?","R","BOSS","M","?","?","M","?"],"build_version":"2019-01-03v4","purchased_purges":0,"victory":false,"max_hp_per_floor":[88,88,88,88,88,88,88,88,98,98,98,98,98,98,98,98,103,103,103,100,100,100],"card_choices":[{"not_picked":["Intimidate","Bloodletting"],"picked":"Infernal Blade","floor":1},{"not_picked":["Body Slam","Second Wind"],"picked":"Anger","floor":3},{"not_picked":["Disarm","Sword Boomerang","Entrench"],"picked":"SKIP","floor":4},{"not_picked":["Cleave","Wild Strike"],"picked":"Twin Strike","floor":5},{"not_picked":["Flex","Sword Boomerang"],"picked":"True Grit","floor":7},{"not_picked":["Body Slam","Headbutt"],"picked":"Dual Wield","floor":10},{"not_picked":["Thunderclap","Warcry"],"picked":"Anger","floor":12},{"not_picked":["Hemokinesis","Bludgeon","Intimidate"],"picked":"SKIP","floor":13},{"not_picked":["Double Tap","Juggernaut+1"],"picked":"Offering","floor":16},{"not_picked":["Reckless Charge","Heavy Blade"],"picked":"Armaments","floor":17},{"not_picked":["Twin Strike","Heavy Blade","Intimidate"],"picked":"SKIP","floor":18},{"not_picked":["Cleave+1","Wild Strike+1"],"picked":"Warcry","floor":21}],"player_experience":61465,"relics_obtained":[{"floor":7,"key":"Juzu Bracelet"},{"floor":9,"key":"Pear"},{"floor":10,"key":"Matryoshka"},{"floor":13,"key":"Boot"}],"event_choices":[{"cards_removed":["Infernal Blade"],"damage_healed":0,"gold_gain":0,"player_choice":"Gave Card","damage_taken":0,"relics_obtained":["Frozen Egg 2"],"max_hp_gain":0,"max_hp_loss":0,"event_name":"WeMeetAgain","floor":2,"gold_loss":0},{"damage_healed":24,"gold_gain":0,"player_choice":"Healed and dodged fight","damage_taken":0,"max_hp_gain":0,"max_hp_loss":0,"event_name":"Mushrooms","floor":14,"gold_loss":0,"cards_obtained":["Parasite"]},{"damage_healed":0,"gold_gain":0,"player_choice":"Ignored","damage_taken":0,"max_hp_gain":0,"max_hp_loss":0,"event_name":"Ghosts","floor":19,"gold_loss":0},{"cards_removed":["Parasite"],"damage_healed":0,"gold_gain":0,"player_choice":"Upgrade and Remove","damage_taken":0,"max_hp_gain":0,"max_hp_loss":0,"event_name":"Designer","floor":20,"gold_loss":90,"cards_upgraded":["Strike_R"]},{"damage_healed":0,"gold_gain":0,"player_choice":"Fight","damage_taken":0,"max_hp_gain":0,"max_hp_loss":0,"event_name":"Colosseum","floor":22,"gold_loss":0},{"damage_healed":0,"gold_gain":0,"player_choice":"Fought Nobs","damage_taken":0,"max_hp_gain":0,"max_hp_loss":0,"event_name":"Colosseum","floor":22,"gold_loss":0}],"is_beta":false,"boss_relics":[{"not_picked":["Mark of Pain","Sozu"],"picked":"Tiny House"}],"items_purged_floors":[],"is_endless":false,"potions_floor_spawned":[1,4,7,10,16,22],"killed_by":"Colosseum Nobs","ascension_level":2}