{"path_per_floor":["M","?","$","?","M","E","M","R","T","R","M","E","R","$","R","B",null,"M","?","$","?","M","E","M","R","T","R","E","R","?","M","R","B",null,"M","?","M","T","M","R","E","R","T","$","?","E","M","M","R","B"],"character_chosen":"IRONCLAD","items_purchased":["Inflame","Apotheosis","Headbutt","Ancient Tea Set"],"gold_per_floor":[111,286,134,134,144,170,186,186,186,186,206,237,237,7,7,111,111,123,123,23,23,37,72,89,89,138,138,163,163,163,178,178,273,273,293,293,305,357,370,370,395,395,395,123,123,154,172,187,187,187],"floor_reached":51,"campfire_rested":0,"playtime":3201,"current_hp_per_floor":[80,80,80,85,85,84,85,85,85,85,85,67,67,67,67,78,85,85,59,59,43,55,46,50,50,50,50,64,64,64,73,73,43,73,73,73,73,73,73,73,73,73,73,73,73,68,63,73,73,41],"items_purged":["Doubt","Bite_R","Normality"],"gold":187,"play_id":"7e76a96f-f440-48c7-a63f-d9a2785bd89d","is_prod":false,"is_daily":false,"campfire_rituals":0,"campfire_upgraded":8,"is_hardmode":false,"path_taken":["M","?","$","?","M","E","M","R","T","R","M","E","R","?","R","BOSS","M","?","$","?","?","E","M","R","T","R","E","R","?","M","R","BOSS","M","?","M","?","?","R","E","R","T","$","?","E","M","M","R","BOSS"],"build_version":"2018-01-18-PROD4","purchased_purges":3,"victory":true,"master_deck":["Defend_R","Defend_R","Defend_R","Bash","Ghostly Armor","Inflame","Battle Trance","Rampage","Headbutt","Ghostly Armor","Apotheosis","Headbutt","Bludgeon","Shrug It Off","Bite_R","Bite_R","Bite_R","Pommel Strike","Cleave","Heavy Blade","Demon Form","Pummel","Metallicize"],"max_hp_per_floor":[80,80,80,85,85,85,85,85,85,85,85,85,85,85,85,85,85,85,59,59,59,59,59,59,59,59,59,73,73,73,73,73,73,73,73,73,73,73,73,73,73,73,73,73,73,73,73,73,73,73],"relics":["Burning Blood","Vajra","Orichalcum","Girya","Mercury Hourglass","Sozu","Enchiridion","Ice Cream","Regal Pillow","Mango","Thread and Needle","Black Star","Art of War","Oddly Smooth Stone","Happy Flower","Bird Faced Urn","Ancient Tea Set","Darkstone Periapt","Bottled Flame"],"campfire_meditates":0,"card_choices":[{"not_picked":["True Grit","Havoc"],"picked":"Ghostly Armor"},{"not_picked":["Havoc","Warcry"],"picked":"Battle Trance"},{"not_picked":["Warcry","Juggernaut"],"picked":"Rampage"},{"not_picked":["Dual Wield","True Grit"],"picked":"Headbutt"},{"not_picked":["Sword Boomerang","Clash"],"picked":"Ghostly Armor"},{"not_picked":["Reaper","Juggernaut"],"picked":"Bludgeon"},{"not_picked":["Sever Soul","Flame Barrier"],"picked":"Shrug It Off"},{"not_picked":["Second Wind","Clothesline"],"picked":"Pommel Strike"},{"not_picked":["Twin Strike","Flame Barrier"],"picked":"Cleave"},{"not_picked":["Cleave","Headbutt"],"picked":"Heavy Blade"},{"not_picked":["Berserk","Feed"],"picked":"Demon Form"},{"not_picked":["Flex","Clash"],"picked":"Pummel"},{"not_picked":["Pommel Strike","Anger"],"picked":"Metallicize"}],"player_experience":358833,"potions_floor_usage":[6,16,16],"damage_taken":[{"damage":1,"enemies":"Jaw Worm","floor":1,"turns":3},{"damage":0,"enemies":"2 Louse","floor":5,"turns":3},{"damage":7,"enemies":"3 Sentries","floor":6,"turns":7},{"damage":2,"enemies":"Small Slimes","floor":7,"turns":4},{"damage":3,"enemies":"2 Fungi Beasts","floor":11,"turns":4},{"damage":24,"enemies":"Lagavulin","floor":12,"turns":5},{"damage":10,"enemies":"The Guardian","floor":16,"turns":6},{"damage":0,"enemies":"Shell Parasite","floor":18,"turns":4},{"damage":2,"enemies":"2 Thieves","floor":22,"turns":4},{"damage":32,"enemies":"Slavers","floor":23,"turns":5},{"damage":10,"enemies":"3 Cultists","floor":24,"turns":4},{"damage":12,"enemies":"Gremlin Leader","floor":28,"turns":5},{"damage":0,"enemies":"Snecko","floor":31,"turns":3},{"damage":43,"enemies":"Automaton","floor":33,"turns":8},{"damage":7,"enemies":"3 Darklings","floor":35,"turns":4},{"damage":5,"enemies":"Orb Walker","floor":37,"turns":3},{"damage":1,"enemies":"Sphere and 2 Shapes","floor":39,"turns":5},{"damage":2,"enemies":"Giant Head","floor":41,"turns":5},{"damage":14,"enemies":"Nemesis","floor":46,"turns":4},{"damage":17,"enemies":"4 Shapes","floor":47,"turns":3},{"damage":3,"enemies":"3 Darklings","floor":48,"turns":6},{"damage":45,"enemies":"Time Eater","floor":50,"turns":8}],"event_choices":[{"event_name":"Liars Game","player_choice":"agreed","floor":2,"damage_taken":0},{"event_name":"Big Fish","player_choice":"Donut","floor":4,"damage_taken":0},{"event_name":"Vampires","player_choice":"Became a vampire","floor":19,"damage_taken":0},{"event_name":"Cursed Tome","player_choice":"Obtained Book","floor":21,"damage_taken":0},{"event_name":"Accursed Blacksmith","player_choice":"Rummage","floor":30,"damage_taken":0},{"event_name":"Purifier","player_choice":"One Purge","floor":45,"damage_taken":0}],"boss_relics":[{"not_picked":["Mark of Pain","Orrery"],"picked":"Sozu"},{"not_picked":["Pandora\u0027s Box","Runic Cube"],"picked":"Black Star"}],"potions_floor_spawned":[1,5,12,16,23,28,33,39,41],"seed_played":"2910948251486853154","is_trial":false}