{"gold_per_floor":[15,15,15,35,35,35,62,74,125,144,144,144,157,172,172,246,246,264,283,283,283,14,14,24,24,47,59,83,45,59,79,79,79],"floor_reached":33,"playtime":1213,"items_purged":[],"score":461,"play_id":"0998d658-c502-41fc-a02a-5e7dace462fe","local_time":"20190121165507","is_ascension_mode":true,"campfire_choices":[{"data":"Cold Snap","floor":6,"key":"SMITH"},{"floor":11,"key":"REST"},{"floor":15,"key":"REST"},{"floor":23,"key":"REST"},{"floor":25,"key":"REST"},{"floor":27,"key":"REST"},{"floor":32,"key":"REST"}],"neow_cost":"NO_GOLD","seed_source_timestamp":2330821052508023,"circlet_count":0,"master_deck":["AscendersBane","Strike_B","Strike_B","Strike_B","Strike_B","Defend_B","Defend_B","Defend_B","Defend_B","Zap","Dualcast","Rebound","Cold Snap+1","Compile Driver","Conserve Battery","Cold Snap","Coolheaded","Rainbow","Conserve Battery","Conserve Battery","Self Repair","Leap","Conserve Battery","Leap+1","Core Surge"],"relics":["Cracked Core","Emotion Chip","Happy Flower","Blood Vial","Inserter","GremlinMask","Anchor","MawBank"],"potions_floor_usage":[10,13,16,20,24,28,30,33],"damage_taken":[{"damage":5,"enemies":"Small Slimes","floor":1,"turns":2},{"damage":0,"enemies":"2 Louse","floor":4,"turns":2},{"damage":33,"enemies":"Lagavulin","floor":7,"turns":5},{"damage":7,"enemies":"Jaw Worm","floor":8,"turns":3},{"damage":7,"enemies":"Exordium Thugs","floor":10,"turns":4},{"damage":4,"enemies":"Gremlin Gang","floor":13,"turns":4},{"damage":3,"enemies":"Large Slime","floor":14,"turns":4},{"damage":26,"enemies":"Slime Boss","floor":16,"turns":12},{"damage":14,"enemies":"2 Thieves","floor":18,"turns":4},{"damage":10,"enemies":"Spheric Guardian","floor":19,"turns":4},{"damage":25,"enemies":"Colosseum Slavers","floor":20,"turns":6},{"damage":17,"enemies":"Snecko","floor":24,"turns":7},{"damage":8,"enemies":"Chosen and Byrds","floor":28,"turns":8},{"damage":6,"enemies":"Centurion and Healer","floor":30,"turns":11},{"damage":53,"enemies":"3 Cultists","floor":31,"turns":9},{"damage":53,"enemies":"Automaton","floor":33,"turns":10}],"seed_played":"3114683401702469017","potions_obtained":[{"floor":1,"key":"GamblersBrew"},{"floor":7,"key":"EssenceOfSteel"},{"floor":10,"key":"SkillPotion"},{"floor":13,"key":"Block Potion"},{"floor":16,"key":"SkillPotion"},{"floor":24,"key":"AttackPotion"},{"floor":28,"key":"Swift Potion"},{"floor":31,"key":"Fire Potion"}],"is_trial":false,"path_per_floor":["M","?","?","M","$","R","E","M","T","M","R","?","M","M","R","B",null,"M","M","?","?","$","R","M","R","T","R","M","$","M","M","R","B"],"character_chosen":"DEFECT","items_purchased":["Anchor","Self Repair","Leap","AttackPotion"],"campfire_rested":6,"item_purchase_floors":[22,22,22,29],"current_hp_per_floor":[59,59,59,59,59,59,26,19,19,14,35,35,33,32,53,29,61,49,41,18,18,18,39,31,52,52,71,70,70,71,25,46,0],"gold":79,"neow_bonus":"ONE_RARE_RELIC","is_prod":false,"is_daily":false,"chose_seed":false,"campfire_upgraded":1,"win_rate":0,"timestamp":1548089707,"path_taken":["M","?","?","M","?","R","E","?","T","?","R","?","M","M","R","BOSS","M","M","?","?","$","R","?","R","T","R","M","$","M","M","R","BOSS"],"build_version":"2019-01-17v2","purchased_purges":0,"victory":false,"max_hp_per_floor":[71,71,71,71,71,71,71,71,71,71,71,71,71,71,71,71,71,71,71,71,71,71,71,71,71,71,71,71,71,71,71,71,71],"card_choices":[{"not_picked":["Tempest","Hologram"],"picked":"Rebound","floor":1},{"not_picked":["Genetic Algorithm","Barrage"],"picked":"Cold Snap","floor":4},{"not_picked":["Reinforced Body","Streamline"],"picked":"Compile Driver","floor":7},{"not_picked":["Self Repair","Scrape","Rebound"],"picked":"SKIP","floor":8},{"not_picked":["Auto Shields","Ball Lightning"],"picked":"Conserve Battery","floor":10},{"not_picked":["Streamline","Go for the Eyes"],"picked":"Cold Snap","floor":13},{"not_picked":["Hello World","Aggregate"],"picked":"Coolheaded","floor":14},{"not_picked":["Hyperbeam","Meteor Strike"],"picked":"Rainbow","floor":16},{"not_picked":["Genetic Algorithm","Rebound+1"],"picked":"Conserve Battery","floor":18},{"not_picked":["Beam Cell","Hello World"],"picked":"Conserve Battery","floor":19},{"not_picked":["Lockon","Go for the Eyes"],"picked":"Conserve Battery","floor":24},{"not_picked":["Scrape","Rebound","Ball Lightning"],"picked":"SKIP","floor":28},{"not_picked":["Gash","Storm"],"picked":"Leap+1","floor":30},{"not_picked":["White Noise","Rip and Tear"],"picked":"Core Surge","floor":31}],"player_experience":453465,"relics_obtained":[{"floor":7,"key":"Happy Flower"},{"floor":9,"key":"Blood Vial"},{"floor":26,"key":"MawBank"}],"event_choices":[{"damage_healed":0,"gold_gain":0,"player_choice":"Ignored","damage_taken":0,"max_hp_gain":0,"max_hp_loss":0,"event_name":"Liars Game","floor":2,"gold_loss":0},{"damage_healed":0,"gold_gain":0,"player_choice":"Ignored","damage_taken":0,"max_hp_gain":0,"max_hp_loss":0,"event_name":"Shining Light","floor":3,"gold_loss":0},{"damage_healed":0,"gold_gain":0,"player_choice":"Fled","damage_taken":0,"max_hp_gain":0,"max_hp_loss":0,"event_name":"Scrap Ooze","floor":12,"gold_loss":0},{"damage_healed":0,"gold_gain":0,"player_choice":"Fight","damage_taken":0,"max_hp_gain":0,"max_hp_loss":0,"event_name":"Colosseum","floor":20,"gold_loss":0},{"damage_healed":0,"gold_gain":0,"player_choice":"Fled From Nobs","damage_taken":0,"max_hp_gain":0,"max_hp_loss":0,"event_name":"Colosseum","floor":20,"gold_loss":0},{"damage_healed":0,"gold_gain":0,"player_choice":"Trade","damage_taken":0,"relics_obtained":["GremlinMask"],"max_hp_gain":0,"max_hp_loss":0,"event_name":"FaceTrader","floor":21,"gold_loss":0}],"is_beta":false,"boss_relics":[{"not_picked":["Eternal Feather","Philosopher\u0027s Stone"],"picked":"Inserter"}],"items_purged_floors":[],"is_endless":false,"potions_floor_spawned":[1,7,10,13,16,24,28,31],"killed_by":"Automaton","ascension_level":15}