{"path_per_floor":["M","?","?","M","M","R","E","R","T","E","M","R","T","$","R","B",null,"M","M","$","M","M","R"],"character_chosen":"IRONCLAD","items_purchased":["Offering","Kunai","Havoc","Sever Soul","Rupture"],"gold_per_floor":[109,109,359,377,391,391,422,422,422,452,467,467,467,56,56,159,159,173,192,41,52,72,72],"floor_reached":24,"campfire_rested":4,"playtime":1759,"current_hp_per_floor":[78,78,78,74,80,80,22,46,46,12,13,37,37,37,61,16,80,58,44,44,29,20,44],"items_purged":["Regret"],"gold":72,"play_id":"87c8bd2a-de89-4ba5-8a28-5cc700313535","is_prod":false,"is_daily":false,"campfire_rituals":0,"campfire_upgraded":1,"is_hardmode":false,"path_taken":["M","?","?","M","M","R","E","R","T","E","?","R","?","$","R","BOSS","M","M","$","?","M","R","E"],"build_version":"2017-12-21-PROD1","purchased_purges":1,"victory":false,"master_deck":["Strike_R","Strike_R","Strike_R","Strike_R","Defend_R","Defend_R","Defend_R","Defend_R","Bash","Metallicize","Reckless Charge","Feel No Pain","Flex","Dropkick","Spot Weakness","Headbutt","Offering","Exhume","Burning Pact","Heavy Blade","Havoc","Sever Soul","Rupture","Rage"],"max_hp_per_floor":[80,80,80,80,80,80,80,80,80,80,80,80,80,80,80,80,80,80,80,80,80,80,80],"relics":["Burning Blood","Oddly Smooth Stone","Ancient Tea Set","Charon\u0027s Ashes","Omamori","Kunai","Sozu"],"campfire_meditates":0,"card_choices":[{"not_picked":["Uppercut","Perfected Strike"],"picked":"Metallicize"},{"not_picked":["Headbutt","Reckless Charge"],"picked":"Feel No Pain"},{"not_picked":["Warcry","Dual Wield"],"picked":"Flex"},{"not_picked":["Rampage","Clothesline"],"picked":"Dropkick"},{"not_picked":["Blood for Blood","Disarm"],"picked":"Spot Weakness"},{"not_picked":["Blood for Blood","Searing Blow"],"picked":"Headbutt"},{"not_picked":["Offering","Berserk"],"picked":"Exhume"},{"not_picked":["Bloodletting","Disarm"],"picked":"Burning Pact"},{"not_picked":["Body Slam","Shrug It Off"],"picked":"Heavy Blade"},{"not_picked":["Combust","Wild Strike"],"picked":"Rage"}],"player_experience":51579,"potions_floor_usage":[7,11],"damage_taken":[{"damage":8,"enemies":"Blue Slaver","floor":1,"turns":5},{"damage":10,"enemies":"Jaw Worm","floor":4,"turns":3},{"damage":0,"enemies":"Cultist","floor":5,"turns":3},{"damage":64,"enemies":"3 Sentries","floor":7,"turns":11},{"damage":40,"enemies":"Gremlin Nob","floor":10,"turns":5},{"damage":5,"enemies":"Red Slaver","floor":11,"turns":5},{"damage":51,"enemies":"Hexaghost","floor":16,"turns":9},{"damage":28,"enemies":"2 Thieves","floor":18,"turns":4},{"damage":20,"enemies":"Shell Parasite","floor":19,"turns":7},{"damage":21,"enemies":"3 Cultists","floor":21,"turns":6},{"damage":15,"enemies":"Snake Plant","floor":22,"turns":3},{"damage":48,"enemies":"Slavers","floor":24,"turns":4}],"event_choices":[{"event_name":"Transmorgrifier","player_choice":"Transform","floor":2,"damage_taken":0},{"event_name":"Golden Shrine","player_choice":"Desecrate","floor":3,"damage_taken":0}],"boss_relics":[{"not_picked":["Runic Dome","Runic Pyramid"],"picked":"Sozu"}],"potions_floor_spawned":[1,10,16,18,21],"seed_played":"4738998353674699105","killed_by":"Slavers","is_trial":false}