{"gold_per_floor":[112,12,29,29,45,45,71,71,71,19,19,19,74,92,92,167,167,184,184,26,26,38,38,38],"floor_reached":24,"playtime":1000,"items_purged":["Regret"],"score":451,"play_id":"9724cf05-4fc7-44f8-9f14-2e99d64caefb","local_time":"20190202194714","is_ascension_mode":true,"campfire_choices":[{"data":"Reinforced Body","floor":6,"key":"SMITH"},{"floor":12,"key":"REST"},{"floor":15,"key":"REST"},{"data":"Creative AI","floor":23,"key":"SMITH"}],"neow_cost":"CURSE","seed_source_timestamp":178171433513735,"circlet_count":0,"master_deck":["AscendersBane","Strike_B","Strike_B","Strike_B","Strike_B","Defend_B","Defend_B","Defend_B","Defend_B","Zap","Dualcast","Core Surge","Conserve Battery","Conserve Battery","FTL","Reinforced Body+1","Glacier","Beam Cell","Sweeping Beam","Capacitor","Creative AI+1","Auto Shields"],"relics":["Cracked Core","Strawberry","Pantograph","Juzu Bracelet","Art of War","Philosopher\u0027s Stone","Pen Nib"],"potions_floor_usage":[8,14],"damage_taken":[{"damage":3,"enemies":"Cultist","floor":1,"turns":3},{"damage":4,"enemies":"2 Louse","floor":3,"turns":2},{"damage":5,"enemies":"Jaw Worm","floor":5,"turns":3},{"damage":23,"enemies":"3 Sentries","floor":7,"turns":11},{"damage":3,"enemies":"Gremlin Gang","floor":8,"turns":3},{"damage":29,"enemies":"Gremlin Nob","floor":13,"turns":6},{"damage":0,"enemies":"3 Louse","floor":14,"turns":4},{"damage":0,"enemies":"The Guardian","floor":16,"turns":16},{"damage":12,"enemies":"Shell Parasite","floor":18,"turns":8},{"damage":36,"enemies":"Chosen","floor":22,"turns":5},{"damage":26,"enemies":"Shelled Parasite and Fungi","floor":24,"turns":3}],"seed_played":"2483779026625095583","potions_obtained":[{"floor":3,"key":"SmokeBomb"},{"floor":13,"key":"SpeedPotion"}],"is_trial":false,"path_per_floor":["M","$","M","?","M","R","E","M","T","$","?","R","?","M","R","B",null,"M","?","$","?","M","R","M"],"character_chosen":"DEFECT","items_purchased":["Conserve Battery","Beam Cell","Pen Nib"],"campfire_rested":2,"item_purchase_floors":[2,10,20],"current_hp_per_floor":[61,61,57,38,33,33,10,7,7,7,7,30,1,1,24,49,71,59,59,59,59,23,23,0],"gold":38,"neow_bonus":"THREE_RARE_CARDS","is_prod":false,"is_daily":false,"chose_seed":false,"campfire_upgraded":2,"win_rate":0,"timestamp":1549136834,"path_taken":["M","$","?","?","M","R","E","M","T","?","?","R","?","M","R","BOSS","M","?","$","?","M","R","M"],"build_version":"2019-01-23","purchased_purges":1,"victory":false,"max_hp_per_floor":[71,71,71,78,78,78,78,78,78,78,78,78,78,78,78,78,78,78,78,78,78,78,78,78],"card_choices":[{"not_picked":["Biased Cognition","Thunder Strike"],"picked":"Core Surge","floor":0},{"not_picked":["Steam","Force Field"],"picked":"Conserve Battery","floor":1},{"not_picked":["Beam Cell","Stack"],"picked":"FTL","floor":3},{"not_picked":["Rebound","Ball Lightning"],"picked":"Reinforced Body","floor":5},{"not_picked":["Genetic Algorithm","Heatsinks"],"picked":"Glacier","floor":7},{"not_picked":["Consume","Chaos"],"picked":"Sweeping Beam","floor":13},{"not_picked":["Go for the Eyes","Rebound"],"picked":"Capacitor","floor":14},{"not_picked":["Thunder Strike","Multi-Cast"],"picked":"Creative AI","floor":16},{"not_picked":["Turbo","Rip and Tear","Scrape"],"picked":"SKIP","floor":18},{"not_picked":["Turbo","Rip and Tear","Scrape"],"picked":"SKIP","floor":18},{"not_picked":["Gash","Compile Driver"],"picked":"Auto Shields","floor":22}],"player_experience":536182,"relics_obtained":[{"floor":7,"key":"Pantograph"},{"floor":9,"key":"Juzu Bracelet"},{"floor":13,"key":"Art of War"}],"event_choices":[{"damage_healed":0,"gold_gain":0,"player_choice":"Success","damage_taken":26,"relics_obtained":["Strawberry"],"max_hp_gain":0,"max_hp_loss":0,"event_name":"Scrap Ooze","floor":4,"gold_loss":0},{"damage_healed":0,"gold_gain":0,"player_choice":"Ignored","damage_taken":0,"max_hp_gain":0,"max_hp_loss":0,"event_name":"Golden Idol","floor":11,"gold_loss":0},{"damage_healed":0,"gold_gain":0,"player_choice":"Searched \u00271\u0027 times","damage_taken":0,"max_hp_gain":0,"max_hp_loss":0,"event_name":"Dead Adventurer","floor":13,"gold_loss":0},{"damage_healed":0,"gold_gain":0,"player_choice":"Ignored","damage_taken":0,"max_hp_gain":0,"max_hp_loss":0,"event_name":"Vampires","floor":19,"gold_loss":0},{"damage_healed":0,"gold_gain":0,"player_choice":"Ignored","damage_taken":0,"max_hp_gain":0,"max_hp_loss":0,"event_name":"Beggar","floor":21,"gold_loss":0}],"is_beta":false,"boss_relics":[{"not_picked":["Black Star","Ectoplasm"],"picked":"Philosopher\u0027s Stone"}],"items_purged_floors":[2],"is_endless":false,"potions_floor_spawned":[3,8,13],"killed_by":"Shelled Parasite and Fungi","ascension_level":17}