{"path_per_floor":["M","?","T","$","M","E","T","T","T","E","M","$","R","M","R","B",null,"M","?","?","M","M","R","M","E","T","R","M","R","$","?","R","B",null,"M","M","$","M","?","E","$","R","T","M","$","E","?","M","R","B"],"character_chosen":"THE_SILENT","items_purchased":["After Image","Catalyst","Well Laid Plans","Catalyst"],"gold_per_floor":[146,146,170,24,36,64,64,90,90,115,125,55,55,70,70,168,168,185,185,185,200,220,220,240,271,271,271,287,287,212,137,137,233,233,253,272,101,115,169,199,74,74,101,112,40,71,71,90,90,90],"floor_reached":51,"campfire_rested":2,"playtime":4618,"current_hp_per_floor":[69,69,76,76,76,57,57,57,57,42,41,41,41,40,40,32,77,66,57,57,61,60,60,68,60,60,60,67,67,67,67,67,35,86,70,76,76,84,61,31,31,58,58,70,70,78,78,67,92,41],"items_purged":["Writhe","Doubt","Writhe"],"gold":90,"play_id":"99835d41-4a26-4517-9fdd-512a1842c2b4","is_prod":false,"is_daily":false,"campfire_rituals":0,"campfire_upgraded":3,"is_hardmode":false,"path_taken":["M","?","?","?","M","E","?","?","T","E","M","$","R","?","R","BOSS","M","?","?","M","M","R","M","E","T","R","?","R","$","?","R","BOSS","M","M","$","M","?","E","$","R","T","M","$","E","?","M","R","BOSS"],"build_version":"2018-01-04-PROD1","purchased_purges":3,"victory":true,"master_deck":["Defend_G","Defend_G","Defend_G","Defend_G","Defend_G","Strike_G","Strike_G","Strike_G","Strike_G","Strike_G","Survivor","Neutralize","Heel Hook","Riddle With Holes","Cloak And Dagger","Dramatic Entrance","After Image","Dagger Spray","Crippling Poison","Deadly Poison","Catalyst","After Image","Unload","Quick Slash","Noxious Fumes","Bouncing Flask","Endless Agony","Burst","Deadly Poison","Well Laid Plans","Calculated Gamble","Deadly Poison","Catalyst","Wraith Form"],"max_hp_per_floor":[70,70,77,77,77,77,77,77,77,77,77,77,77,77,77,77,77,77,82,82,82,82,82,84,84,84,84,86,86,86,86,86,86,86,88,88,88,90,90,90,90,90,90,92,92,92,92,92,92,92],"relics":["Ring of the Snake","Tiny Chest","Strawberry","Snake Skull","Frozen Eye","Singing Bowl","Bird Faced Urn","Happy Flower","Calling Bell","Mummified Hand","Dead Branch","Mercury Hourglass","Ancient Tea Set","Lantern","Shovel","Art of War","Anchor","Ornamental Fan","The Specimen","Peace Pipe","Thread and Needle","Toxic Egg","Whetstone"],"campfire_meditates":0,"card_choices":[{"not_picked":["Slice","Distraction"],"picked":"Heel Hook"},{"not_picked":["Dodge and Roll","Prepared"],"picked":"Dagger Spray"},{"not_picked":["Slice","Dagger Throw"],"picked":"Crippling Poison"},{"not_picked":["Riddle With Holes","Dagger Spray"],"picked":"Deadly Poison"},{"not_picked":["Bane","Riddle With Holes"],"picked":"After Image"},{"not_picked":["Wraith Form","Venomology"],"picked":"Unload"},{"not_picked":["Underhanded Strike","Slice"],"picked":"Quick Slash"},{"not_picked":["Cloak And Dagger","Dodge and Roll"],"picked":"Noxious Fumes"},{"not_picked":["Choke","Prepared"],"picked":"Bouncing Flask"},{"not_picked":["Riddle With Holes","Slice"],"picked":"Endless Agony"},{"not_picked":["A Thousand Cuts","Phantasmal Killer"],"picked":"Burst"},{"not_picked":["Quick Slash","PiercingWail"],"picked":"Deadly Poison"},{"not_picked":["Quick Slash","Dagger Spray"],"picked":"Calculated Gamble"},{"not_picked":["Flying Knee","Cloak And Dagger"],"picked":"Deadly Poison"},{"not_picked":["Slice","Reflex"],"picked":"Accuracy"},{"not_picked":["Deadly Poison","Dash"],"picked":"Wraith Form"}],"player_experience":121814,"potions_floor_usage":[10,22,22,24,28,35,39,40,46,50],"damage_taken":[{"damage":1,"enemies":"Cultist","floor":1,"turns":4},{"damage":0,"enemies":"2 Louse","floor":5,"turns":2},{"damage":19,"enemies":"Gremlin Nob","floor":6,"turns":5},{"damage":17,"enemies":"3 Sentries","floor":10,"turns":5},{"damage":3,"enemies":"Jaw Worm","floor":11,"turns":4},{"damage":3,"enemies":"3 Louse","floor":14,"turns":2},{"damage":12,"enemies":"Hexaghost","floor":16,"turns":12},{"damage":11,"enemies":"Shell Parasite","floor":18,"turns":6},{"damage":0,"enemies":"Spheric Guardian","floor":21,"turns":6},{"damage":9,"enemies":"Centurion and Healer","floor":22,"turns":6},{"damage":0,"enemies":"Chosen and Byrds","floor":24,"turns":5},{"damage":12,"enemies":"Gremlin Leader","floor":25,"turns":5},{"damage":1,"enemies":"Slaver and Parasite","floor":28,"turns":4},{"damage":42,"enemies":"Automaton","floor":33,"turns":10},{"damage":24,"enemies":"3 Darklings","floor":35,"turns":4},{"damage":0,"enemies":"3 Shapes","floor":36,"turns":5},{"damage":0,"enemies":"Sphere and 2 Shapes","floor":38,"turns":3},{"damage":31,"enemies":"Mysterious Sphere","floor":39,"turns":5},{"damage":44,"enemies":"Giant Head","floor":40,"turns":9},{"damage":0,"enemies":"Maw","floor":44,"turns":6},{"damage":0,"enemies":"2 Orb Walkers","floor":46,"turns":5},{"damage":21,"enemies":"3 Darklings","floor":48,"turns":4},{"damage":57,"enemies":"Donu and Deca","floor":50,"turns":7}],"event_choices":[{"event_name":"Match and Keep!","player_choice":"3 cards matched","floor":2,"damage_taken":0},{"event_name":"Forgotten Altar","player_choice":"Shed Blood","floor":19,"damage_taken":0},{"event_name":"The Mausoleum","player_choice":"Yes","floor":20,"damage_taken":0},{"event_name":"Beggar","player_choice":"Gave Gold","floor":31,"damage_taken":0},{"event_name":"Mysterious Sphere","player_choice":"Fight","floor":39,"damage_taken":0}],"boss_relics":[{"not_picked":["Runic Pyramid","Runic Dome"],"picked":"Calling Bell"},{"not_picked":["Black Star","Eternal Feather"],"picked":"The Specimen"}],"potions_floor_spawned":[1,5,14,21,24,28,36,39,46],"seed_played":"-3934521648417919041","is_trial":false}