{"gold_per_floor":[111,124,199,216,166,166,23,53,121,131,5,5,39,56,56,56],"floor_reached":16,"playtime":1643,"items_purged":["Defend_R","Strike_R"],"score":138,"play_id":"41da3012-5b88-4225-8445-83574c0c41c3","local_time":"20190427011712","is_ascension_mode":true,"campfire_choices":[{"data":"Havoc","floor":6,"key":"SMITH"},{"data":"Inflame","floor":12,"key":"SMITH"},{"data":"True Grit","floor":15,"key":"SMITH"}],"neow_cost":"TEN_PERCENT_HP_LOSS","seed_source_timestamp":2861113946573368,"circlet_count":0,"master_deck":["Strike_R","Defend_R","Defend_R","Defend_R","Bash","Sword Boomerang","Flex","Shrug It Off","Havoc+1","Pummel","Inflame+1","Sword Boomerang","Anger","Warcry","Shrug It Off","True Grit+1"],"relics":["Burning Blood","Boot","Matryoshka","Blue Candle"],"potions_floor_usage":[8,13],"damage_taken":[{"damage":3,"enemies":"2 Louse","floor":1,"turns":2},{"damage":0,"enemies":"Small Slimes","floor":2,"turns":4},{"damage":2,"enemies":"Jaw Worm","floor":4,"turns":3},{"damage":12,"enemies":"Lagavulin","floor":8,"turns":4},{"damage":21,"enemies":"Lots of Slimes","floor":10,"turns":3},{"damage":17,"enemies":"3 Sentries","floor":13,"turns":5},{"damage":0,"enemies":"Gremlin Gang","floor":14,"turns":4},{"damage":51,"enemies":"Slime Boss","floor":16,"turns":6}],"seed_played":"-634576906541540346","potions_obtained":[{"floor":1,"key":"Strength Potion"},{"floor":10,"key":"Fire Potion"}],"is_trial":false,"path_per_floor":["M","M","?","M","?","R","$","E","T","M","$","R","E","M","R","B"],"character_chosen":"IRONCLAD","items_purchased":["Inflame","Warcry"],"campfire_rested":0,"item_purchase_floors":[7,11],"current_hp_per_floor":[72,72,61,65,65,65,65,59,59,44,44,44,33,39,39,0],"gold":56,"neow_bonus":"TRANSFORM_TWO_CARDS","is_prod":false,"is_daily":false,"chose_seed":false,"campfire_upgraded":3,"win_rate":0,"timestamp":1556345832,"path_taken":["M","M","?","M","?","R","$","E","T","M","?","R","E","?","R","BOSS"],"build_version":"2019-01-23","purchased_purges":2,"victory":false,"max_hp_per_floor":[72,72,72,72,72,72,72,72,72,72,72,72,72,72,72,72],"card_choices":[{"not_picked":["Rampage","Armaments"],"picked":"Shrug It Off","floor":1},{"not_picked":["Wild Strike","Twin Strike"],"picked":"Havoc","floor":2},{"not_picked":["Perfected Strike","Double Tap"],"picked":"Pummel","floor":4},{"not_picked":["Wild Strike","Rage"],"picked":"Sword Boomerang","floor":8},{"not_picked":["Clothesline","Infernal Blade"],"picked":"Anger","floor":10},{"not_picked":["Body Slam","Cleave"],"picked":"Shrug It Off","floor":13},{"not_picked":["Cleave","Disarm"],"picked":"True Grit","floor":14}],"player_experience":242668,"relics_obtained":[{"floor":8,"key":"Boot"},{"floor":9,"key":"Matryoshka"},{"floor":13,"key":"Blue Candle"}],"event_choices":[{"damage_healed":0,"gold_gain":75,"player_choice":"Gather Gold","damage_taken":11,"max_hp_gain":0,"max_hp_loss":0,"event_name":"World of Goop","floor":3,"gold_loss":0},{"cards_removed":["Strike_R"],"damage_healed":0,"gold_gain":0,"player_choice":"Card Removal","damage_taken":0,"max_hp_gain":0,"max_hp_loss":0,"event_name":"The Cleric","floor":5,"gold_loss":50}],"is_beta":false,"boss_relics":[],"items_purged_floors":[7,11],"is_endless":false,"potions_floor_spawned":[1,10],"killed_by":"Slime Boss","ascension_level":5}