{"gold_per_floor":[118,131,131,131,96,21,21,44,44,64,64,79,114,134,134,236,236,252,271,50,65,65,90,90,100,100,111,36,36,52,71,71,175,225,242,256,268,217,229,90,90,90,90,100,110,110,35,35,35,35],"floor_reached":51,"playtime":2548,"items_purged":["Normality"],"score":696,"play_id":"b26537ae-c3b2-4fc5-9d39-2bb312f1a9c2","local_time":"20190126144551","is_ascension_mode":false,"campfire_choices":[{"data":"Sweeping Beam","floor":7,"key":"SMITH"},{"data":"Melter","floor":11,"key":"SMITH"},{"data":"Zap","floor":15,"key":"SMITH"},{"floor":24,"key":"REST"},{"floor":29,"key":"REST"},{"floor":32,"key":"REST"},{"floor":41,"key":"REST"},{"floor":46,"key":"REST"},{"data":"Consume","floor":49,"key":"SMITH"}],"neow_cost":"NONE","seed_source_timestamp":2753737231523094,"circlet_count":0,"master_deck":["Strike_B","Strike_B","Strike_B","Defend_B","Defend_B","Defend_B","Defend_B","Zap+1","Dualcast+1","Conserve Battery+1","Sweeping Beam+1","Melter+1","Barrage","Consume+1","Machine Learning","Gash+1","Conserve Battery","Ball Lightning","Coolheaded","Capacitor","Gash","Conserve Battery","Hologram+1","Cold Snap+1","Gash+1","Scrape+1","Stack","Hologram+1","Dark Shackles","Undo+1","Coolheaded+1"],"relics":["Cracked Core","Pen Nib","Odd Mushroom","Cables","Orichalcum","Cursed Key","Omamori","Nilry\u0027s Codex","Nunchaku","Ornamental Fan","Tiny House","Mango"],"potions_floor_usage":[8,13,16,16,25,25,36,39,50,50],"damage_taken":[{"damage":1,"enemies":"Jaw Worm","floor":1,"turns":3},{"damage":0,"enemies":"2 Louse","floor":2,"turns":2},{"damage":0,"enemies":"The Mushroom Lair","floor":8,"turns":2},{"damage":0,"enemies":"Small Slimes","floor":10,"turns":2},{"damage":0,"enemies":"Blue Slaver","floor":12,"turns":2},{"damage":14,"enemies":"Gremlin Nob","floor":13,"turns":3},{"damage":6,"enemies":"2 Fungi Beasts","floor":14,"turns":2},{"damage":34,"enemies":"Hexaghost","floor":16,"turns":6},{"damage":4,"enemies":"3 Byrds","floor":18,"turns":4},{"damage":0,"enemies":"Spheric Guardian","floor":19,"turns":2},{"damage":10,"enemies":"3 Cultists","floor":21,"turns":5},{"damage":38,"enemies":"Slavers","floor":23,"turns":6},{"damage":2,"enemies":"Snecko","floor":25,"turns":4},{"damage":15,"enemies":"Snake Plant","floor":27,"turns":4},{"damage":0,"enemies":"Chosen and Byrds","floor":30,"turns":4},{"damage":8,"enemies":"3 Cultists","floor":31,"turns":4},{"damage":21,"enemies":"Champ","floor":33,"turns":9},{"damage":45,"enemies":"3 Darklings","floor":35,"turns":5},{"damage":4,"enemies":"3 Shapes","floor":36,"turns":3},{"damage":1,"enemies":"Transient","floor":37,"turns":5},{"damage":17,"enemies":"Jaw Worm Horde","floor":39,"turns":5},{"damage":18,"enemies":"Maw","floor":44,"turns":8},{"damage":7,"enemies":"4 Shapes","floor":45,"turns":7},{"damage":20,"enemies":"Time Eater","floor":50,"turns":18}],"seed_played":"2204665879785240829","potions_obtained":[{"floor":8,"key":"LiquidBronze"},{"floor":10,"key":"SteroidPotion"},{"floor":13,"key":"AttackPotion"},{"floor":19,"key":"FocusPotion"},{"floor":23,"key":"Swift Potion"},{"floor":27,"key":"SkillPotion"},{"floor":31,"key":"Swift Potion"},{"floor":33,"key":"Energy Potion"},{"floor":34,"key":"Dexterity Potion"},{"floor":37,"key":"PowerPotion"},{"floor":45,"key":"FocusPotion"}],"is_trial":false,"path_per_floor":["M","M","?","?","?","$","R","?","T","M","R","M","E","M","R","B",null,"M","M","$","M","?","E","R","M","T","M","?","R","M","M","R","B",null,"M","M","M","$","M","$","R","?","T","M","M","R","$","?","R","B",null],"character_chosen":"DEFECT","items_purchased":["Sweeping Beam","AttackPotion","Omamori","Ball Lightning","Coolheaded","Stack","Dark Shackles","SkillPotion"],"campfire_rested":5,"item_purchase_floors":[6,6,20,20,20,38,40,40],"current_hp_per_floor":[74,74,56,61,80,80,80,80,80,80,80,80,66,60,60,26,80,76,76,76,66,50,12,36,34,34,19,19,43,43,35,59,38,85,40,36,35,35,18,18,43,43,57,39,32,61,61,61,61,41],"gold":35,"neow_bonus":"UPGRADE_CARD","is_prod":false,"is_daily":false,"chose_seed":false,"campfire_upgraded":4,"win_rate":0,"timestamp":1548513951,"path_taken":["M","M","?","?","?","?","R","?","T","M","R","M","E","M","R","BOSS","M","M","$","M","?","E","R","M","T","M","?","R","M","M","R","BOSS","M","M","M","$","M","$","R","?","T","M","M","R","?","?","R","BOSS"],"build_version":"2019-01-23","purchased_purges":1,"victory":true,"max_hp_per_floor":[75,75,75,80,80,80,80,80,80,80,80,80,80,80,80,80,80,80,80,80,80,80,80,80,80,80,80,80,80,80,80,80,80,85,85,85,85,85,85,85,85,85,99,99,99,99,99,99,99,99],"card_choices":[{"not_picked":["Double Energy","Compile Driver"],"picked":"Conserve Battery","floor":1},{"not_picked":["Auto Shields","BootSequence","Hologram"],"picked":"SKIP","floor":2},{"not_picked":["Coolheaded","Turbo"],"picked":"Melter","floor":8},{"not_picked":["Steam","Redo","Hologram"],"picked":"SKIP","floor":10},{"not_picked":["Conserve Battery","Hello World"],"picked":"Barrage","floor":12},{"not_picked":["Amplify","Scrape","Hologram"],"picked":"SKIP","floor":13},{"not_picked":["Turbo","Redo"],"picked":"Consume","floor":14},{"not_picked":["Rainbow","Seek"],"picked":"Machine Learning","floor":16},{"not_picked":["Hologram","Steam"],"picked":"Gash+1","floor":18},{"not_picked":["Cold Snap","Steam"],"picked":"Conserve Battery","floor":19},{"not_picked":["Steam","Beam Cell+1"],"picked":"Capacitor","floor":21},{"not_picked":["Tempest","Echo Form","Go for the Eyes"],"picked":"SKIP","floor":23},{"not_picked":["Aggregate","Go for the Eyes","Recycle"],"picked":"SKIP","floor":25},{"not_picked":["Redo","Barrage+1"],"picked":"Gash","floor":27},{"not_picked":["Redo","Darkness"],"picked":"Conserve Battery","floor":30},{"not_picked":["Conserve Battery","Streamline+1"],"picked":"Hologram+1","floor":31},{"not_picked":["Barrage","Leap"],"picked":"Cold Snap+1","floor":34},{"not_picked":["Melter","Capacitor+1"],"picked":"Gash+1","floor":35},{"not_picked":["Turbo+1","Darkness+1","Genetic Algorithm"],"picked":"SKIP","floor":36},{"not_picked":["Barrage+1","Conserve Battery"],"picked":"Scrape+1","floor":37},{"not_picked":["Barrage","Consume+1"],"picked":"Hologram+1","floor":39},{"not_picked":["Chill","Cold Snap+1"],"picked":"Undo+1","floor":44},{"not_picked":["Sunder","Storm"],"picked":"Coolheaded+1","floor":45}],"player_experience":458488,"relics_obtained":[{"floor":8,"key":"Odd Mushroom"},{"floor":9,"key":"Cables"},{"floor":13,"key":"Orichalcum"},{"floor":22,"key":"Nilry\u0027s Codex"},{"floor":23,"key":"Nunchaku"},{"floor":26,"key":"Ornamental Fan"},{"floor":43,"key":"Mango"}],"event_choices":[{"damage_healed":0,"gold_gain":0,"player_choice":"Success","damage_taken":18,"relics_obtained":["Pen Nib"],"max_hp_gain":0,"max_hp_loss":0,"event_name":"Scrap Ooze","floor":3,"gold_loss":0},{"damage_healed":0,"gold_gain":0,"player_choice":"Donut","damage_taken":0,"max_hp_gain":5,"max_hp_loss":0,"event_name":"Big Fish","floor":4,"gold_loss":0},{"damage_healed":20,"gold_gain":0,"player_choice":"Healed","damage_taken":0,"max_hp_gain":0,"max_hp_loss":0,"event_name":"The Cleric","floor":5,"gold_loss":35},{"damage_healed":0,"gold_gain":0,"player_choice":"Fought Mushrooms","damage_taken":0,"max_hp_gain":0,"max_hp_loss":0,"event_name":"Mushrooms","floor":8,"gold_loss":0},{"damage_healed":0,"gold_gain":0,"player_choice":"Obtained Book","damage_taken":16,"max_hp_gain":0,"max_hp_loss":0,"event_name":"Cursed Tome","floor":22,"gold_loss":0},{"cards_removed":["Strike_B"],"damage_healed":0,"gold_gain":0,"player_choice":"Gave Gold","damage_taken":0,"max_hp_gain":0,"max_hp_loss":0,"event_name":"Beggar","floor":28,"gold_loss":75},{"damage_healed":0,"gold_gain":0,"player_choice":"Cursed","damage_taken":0,"max_hp_gain":0,"max_hp_loss":0,"event_name":"Wheel of Change","floor":42,"gold_loss":0,"cards_obtained":["Decay"]},{"damage_healed":0,"gold_gain":0,"player_choice":"Ignored","damage_taken":0,"max_hp_gain":0,"max_hp_loss":0,"event_name":"Mysterious Sphere","floor":48,"gold_loss":0}],"is_beta":false,"boss_relics":[{"not_picked":["Sozu","Lizard Tail"],"picked":"Cursed Key"},{"not_picked":["Nuclear Battery","Eternal Feather"],"picked":"Tiny House"}],"items_purged_floors":[47],"is_endless":false,"potions_floor_spawned":[8,10,13,19,23,27,31,33,37,45],"ascension_level":0}