{"path_per_floor":["M","?","M","$","M","R","E","?","T","?","R","M","M","M","R","B",null,"M","?","$","M","M","R","E","M","T","R","M","?","?","$","R","B",null,"M","?","?","$","M","E","R","M","T","$","?","M","M","M","R"],"character_chosen":"IRONCLAD","items_purchased":["Flex","Matryoshka","Inflame"],"gold_per_floor":[113,113,131,30,45,45,70,145,213,213,213,223,243,263,263,359,359,369,369,27,45,64,64,91,104,104,104,115,40,40,40,40,137,137,152,200,200,36,53,86,86,106,153,3,3,22,32,50,50],"floor_reached":50,"campfire_rested":0,"playtime":2810,"current_hp_per_floor":[74,46,52,52,58,58,33,22,22,45,45,51,56,62,62,22,94,91,91,91,91,88,88,90,91,91,91,91,91,91,91,91,91,91,91,84,84,84,90,46,46,34,34,34,81,81,72,58,58],"items_purged":["Strike_R","Parasite","Strike_R","Strike_R"],"gold":50,"play_id":"6b2dc75a-6706-4f19-bb45-4d8ea648a4cd","is_prod":false,"is_daily":false,"campfire_rituals":0,"campfire_upgraded":7,"is_hardmode":false,"path_taken":["M","?","M","$","M","R","E","?","T","?","R","?","?","M","R","BOSS","M","?","$","?","M","R","E","M","T","R","M","?","?","?","R","BOSS","M","?","?","$","?","E","R","M","T","?","?","M","M","M","R","BOSS"],"build_version":"2018-01-11-PROD2","purchased_purges":4,"victory":false,"master_deck":["Strike_R","Defend_R","Defend_R","Defend_R","Defend_R","Bash","Power Through","Inflame","Flex","Heavy Blade","Searing Blow","Whirlwind","Seeing Red","Seeing Red","Offering","Armaments","Spot Weakness","Armaments","Iron Wave","Injury","Seeing Red","Decay","Exhume","Regret","Flex","Inflame","Pain"],"max_hp_per_floor":[80,94,94,94,94,94,94,94,94,94,94,94,94,94,94,94,94,94,94,91,91,91,91,91,91,91,91,91,91,91,91,91,91,91,91,91,91,91,91,91,91,91,91,91,81,81,81,81,81],"relics":["Burning Blood","Bag of Preparation","Mango","Toolbox","Centennial Puzzle","Cursed Key","Matryoshka","Du-Vu Doll","Gambling Chip","Bottled Flame","Black Star","Champion Belt","Bird Faced Urn","Shovel","Art of War","Molten Egg","Anchor"],"campfire_meditates":0,"card_choices":[{"not_picked":["Perfected Strike","Body Slam"],"picked":"Power Through"},{"not_picked":["Heavy Blade","Anger"],"picked":"Inflame"},{"not_picked":["Rupture","Twin Strike"],"picked":"Heavy Blade"},{"not_picked":["True Grit","Warcry"],"picked":"Searing Blow"},{"not_picked":["Searing Blow","Havoc"],"picked":"Whirlwind"},{"not_picked":["Shockwave","Berserk"],"picked":"Seeing Red"},{"not_picked":["Searing Blow","Rage"],"picked":"Seeing Red"},{"not_picked":["Brutality","Demon Form"],"picked":"Offering"},{"not_picked":["Anger","Pommel Strike"],"picked":"Armaments"},{"not_picked":["Rampage","Pommel Strike"],"picked":"Armaments"},{"not_picked":["Armaments","Twin Strike"],"picked":"Iron Wave"},{"not_picked":["Headbutt","Rage"],"picked":"Seeing Red"},{"not_picked":["Feed","Impervious"],"picked":"Exhume"},{"not_picked":["Fire Breathing","Clash"],"picked":"Flex"}],"player_experience":247520,"potions_floor_usage":[7,16,36,40,40,47,50],"damage_taken":[{"damage":12,"enemies":"Jaw Worm","floor":1,"turns":5},{"damage":0,"enemies":"2 Louse","floor":3,"turns":4},{"damage":0,"enemies":"Small Slimes","floor":5,"turns":2},{"damage":31,"enemies":"3 Sentries","floor":7,"turns":7},{"damage":0,"enemies":"2 Fungi Beasts","floor":12,"turns":3},{"damage":1,"enemies":"Large Slime","floor":13,"turns":3},{"damage":0,"enemies":"3 Louse","floor":14,"turns":1},{"damage":46,"enemies":"Hexaghost","floor":16,"turns":9},{"damage":9,"enemies":"Spheric Guardian","floor":18,"turns":3},{"damage":4,"enemies":"2 Thieves","floor":21,"turns":3},{"damage":9,"enemies":"Snecko","floor":22,"turns":3},{"damage":4,"enemies":"Gremlin Leader","floor":24,"turns":4},{"damage":4,"enemies":"Snake Plant","floor":25,"turns":2},{"damage":4,"enemies":"Slaver and Parasite","floor":28,"turns":1},{"damage":4,"enemies":"Automaton","floor":33,"turns":6},{"damage":4,"enemies":"3 Darklings","floor":35,"turns":1},{"damage":13,"enemies":"Mysterious Sphere","floor":36,"turns":2},{"damage":0,"enemies":"Orb Walker","floor":39,"turns":1},{"damage":50,"enemies":"2 Orb Walkers","floor":40,"turns":4},{"damage":22,"enemies":"Maw","floor":42,"turns":6},{"damage":4,"enemies":"Sphere and 2 Shapes","floor":46,"turns":1},{"damage":15,"enemies":"4 Shapes","floor":47,"turns":1},{"damage":24,"enemies":"Maw","floor":48,"turns":5},{"damage":64,"enemies":"Awakened One","floor":50,"turns":6}],"event_choices":[{"event_name":"Scrap Ooze","player_choice":"success","floor":2,"damage_taken":42},{"event_name":"World of Goop","player_choice":"Gather Gold","floor":8,"damage_taken":0},{"event_name":"Mushrooms","player_choice":"Healed and dodged fight","floor":10,"damage_taken":0},{"event_name":"The Library","player_choice":"Read","floor":19,"damage_taken":0},{"event_name":"Beggar","player_choice":"Gave Gold","floor":29,"damage_taken":0},{"event_name":"Forgotten Altar","player_choice":"Smashed Altar","floor":30,"damage_taken":0},{"event_name":"Mysterious Sphere","player_choice":"Fight","floor":36,"damage_taken":0},{"event_name":"Upgrade Shrine","player_choice":"Upgraded","floor":37,"damage_taken":0},{"event_name":"The Moai Head","player_choice":"Heal","floor":45,"damage_taken":0}],"boss_relics":[{"not_picked":["Runic Cube","Astrolabe"],"picked":"Cursed Key"},{"not_picked":["Question Card","Sozu"],"picked":"Black Star"}],"potions_floor_spawned":[3,12,13,21,24,28,40,46,48],"seed_played":"-5355289887406323359","killed_by":"Awakened One","is_trial":false}