{"gold_per_floor":[14,14,28,28,28,28,41,41,41,62,106,124,163,163,163,283,283,306,431,54,54,54],"floor_reached":22,"playtime":765,"items_purged":[],"score":294,"play_id":"68b16895-620a-42e9-b3c7-19daf981501a","local_time":"20190114160251","is_ascension_mode":true,"campfire_choices":[{"data":"Buffer","floor":6,"key":"SMITH"},{"data":"Zap","floor":8,"key":"SMITH"},{"data":"Conserve Battery","floor":15,"key":"SMITH"}],"neow_cost":"NO_GOLD","seed_source_timestamp":763706957958896,"circlet_count":0,"master_deck":["Strike_B","Strike_B","Defend_B","Defend_B","Zap+1","Dualcast","Rebound","Turbo","Cold Snap","Cold Snap","Buffer+1","BootSequence","Compile Driver","Conserve Battery+1","Cold Snap","Electrodynamics","Cold Snap+1","BootSequence","Auto Shields"],"relics":["Cracked Core","Golden Idol","Sundial","Bottled Flame","Dream Catcher","Fusion Hammer","Ginger","Question Card","FossilizedHelix"],"potions_floor_usage":[19,19,19],"damage_taken":[{"damage":7,"enemies":"2 Louse","floor":1,"turns":3},{"damage":10,"enemies":"Jaw Worm","floor":3,"turns":3},{"damage":0,"enemies":"Cultist","floor":7,"turns":3},{"damage":0,"enemies":"2 Fungi Beasts","floor":10,"turns":3},{"damage":1,"enemies":"3 Sentries","floor":11,"turns":7},{"damage":0,"enemies":"Looter","floor":12,"turns":3},{"damage":9,"enemies":"Gremlin Nob","floor":13,"turns":4},{"damage":13,"enemies":"The Guardian","floor":16,"turns":15},{"damage":3,"enemies":"2 Thieves","floor":18,"turns":4},{"damage":19,"enemies":"Colosseum Slavers","floor":19,"turns":5},{"damage":29,"enemies":"Colosseum Nobs","floor":19,"turns":6}],"seed_played":"-6842264429933469917","potions_obtained":[{"floor":1,"key":"SteroidPotion"},{"floor":10,"key":"GamblersBrew"},{"floor":18,"key":"Weak Potion"},{"floor":19,"key":"Fire Potion"}],"is_trial":false,"path_per_floor":["M","?","M","?","?","R","M","R","T","M","E","M","E","?","R","B",null,"M","?","$","?","?"],"character_chosen":"DEFECT","items_purchased":["FossilizedHelix","Auto Shields"],"campfire_rested":0,"item_purchase_floors":[20,20],"current_hp_per_floor":[61,61,51,44,44,44,44,44,44,44,43,43,34,34,34,21,57,54,6,6,6,0],"gold":54,"neow_bonus":"TRANSFORM_TWO_CARDS","is_prod":false,"is_daily":false,"chose_seed":false,"campfire_upgraded":3,"win_rate":0,"timestamp":1547481771,"path_taken":["M","?","M","?","?","R","?","R","T","M","E","M","E","?","R","BOSS","M","?","$","?","?"],"build_version":"2019-01-10","purchased_purges":0,"victory":false,"max_hp_per_floor":[75,69,69,69,69,69,69,69,69,69,69,69,69,69,69,69,69,69,69,69,69,69],"card_choices":[{"not_picked":["Recycle","Turbo"],"picked":"Cold Snap","floor":1},{"not_picked":["Sweeping Beam","Recycle"],"picked":"Cold Snap","floor":3},{"not_picked":["Blizzard","Doom and Gloom"],"picked":"BootSequence","floor":7},{"not_picked":["Self Repair","Hello World"],"picked":"Compile Driver","floor":10},{"not_picked":["Tempest","Hello World"],"picked":"Conserve Battery","floor":11},{"not_picked":["Barrage","Streamline"],"picked":"Cold Snap","floor":12},{"not_picked":["Multi-Cast","Gash","White Noise"],"picked":"SKIP","floor":13},{"not_picked":["Multi-Cast","Machine Learning"],"picked":"Electrodynamics","floor":16},{"not_picked":["Heatsinks","Genetic Algorithm"],"picked":"Cold Snap+1","floor":18},{"not_picked":["Redo","Go for the Eyes+1"],"picked":"BootSequence","floor":19}],"player_experience":82378,"relics_obtained":[{"floor":9,"key":"Sundial"},{"floor":11,"key":"Bottled Flame"},{"floor":13,"key":"Dream Catcher"},{"floor":19,"key":"Ginger"},{"floor":19,"key":"Question Card"}],"event_choices":[{"damage_healed":0,"gold_gain":0,"player_choice":"Lose Max HP","damage_taken":0,"relics_obtained":["Golden Idol"],"max_hp_gain":0,"max_hp_loss":6,"event_name":"Golden Idol","floor":2,"gold_loss":0},{"cards_removed":["Strike_B"],"damage_healed":0,"gold_gain":0,"player_choice":"Card Removal","damage_taken":7,"max_hp_gain":0,"max_hp_loss":0,"event_name":"Golden Wing","floor":4,"gold_loss":0},{"damage_healed":0,"gold_gain":0,"cards_transformed":["Defend_B"],"player_choice":"Transformed","damage_taken":0,"max_hp_gain":0,"max_hp_loss":0,"event_name":"Transmorgrifier","floor":5,"gold_loss":0,"cards_obtained":["Buffer"]},{"damage_healed":0,"gold_gain":0,"player_choice":"Ignored","damage_taken":0,"max_hp_gain":0,"max_hp_loss":0,"event_name":"Liars Game","floor":14,"gold_loss":0},{"damage_healed":0,"gold_gain":0,"player_choice":"Fight","damage_taken":0,"max_hp_gain":0,"max_hp_loss":0,"event_name":"Colosseum","floor":19,"gold_loss":0},{"damage_healed":0,"gold_gain":0,"player_choice":"Fought Nobs","damage_taken":0,"max_hp_gain":0,"max_hp_loss":0,"event_name":"Colosseum","floor":19,"gold_loss":0},{"damage_healed":0,"gold_gain":0,"player_choice":"Ignored","damage_taken":0,"max_hp_gain":0,"max_hp_loss":0,"event_name":"Vampires","floor":21,"gold_loss":0},{"damage_healed":0,"gold_gain":0,"player_choice":"Joined the Cult","damage_taken":6,"max_hp_gain":0,"max_hp_loss":0,"event_name":"Nest","floor":22,"gold_loss":0,"cards_obtained":["RitualDagger"]}],"is_beta":false,"boss_relics":[{"not_picked":["Orrery","Busted Crown"],"picked":"Fusion Hammer"}],"items_purged_floors":[],"is_endless":false,"potions_floor_spawned":[1,10,18,19],"ascension_level":8}