{"gold_per_floor":[218,237,264,28,28,54,54,66,114,64,14,14,34,53,53,148,148,165,178,115,115,130,130,130,130,130,31,46,75,75,75,75,173,173,191,103,203,223,236,236,236,136,136,156,156,156,175,192,192,192],"floor_reached":50,"playtime":1199,"items_purged":["Strike_R","Strike_R","Strike_R","Feed+1","Bash+1","Defend_R+1"],"score":560,"play_id":"56a82680-54cb-4969-992a-7c9a9009e5a4","local_time":"20190427162538","is_ascension_mode":false,"campfire_choices":[{"data":"Body Slam","floor":7,"key":"SMITH"},{"data":"Defend_R","floor":12,"key":"SMITH"},{"data":"Body Slam","floor":15,"key":"SMITH"},{"data":"Defend_R","floor":23,"key":"SMITH"},{"data":"Defend_R","floor":25,"key":"SMITH"},{"data":"Defend_R","floor":30,"key":"SMITH"},{"data":"Defend_R","floor":32,"key":"SMITH"},{"floor":40,"key":"RECALL"}],"neow_cost":"NONE","seed_source_timestamp":3468278617491552,"circlet_count":0,"master_deck":["Defend_R+1","Defend_R+1","Defend_R+1","Body Slam+1","Defend_R+1","Body Slam+1"],"relics":["Burning Blood","Lantern","Membership Card","Matryoshka","Pen Nib","Vajra","Coffee Dripper","Enchiridion","Whetstone","Calipers","Orichalcum","Sozu","Torii","Strawberry"],"potions_floor_usage":[6,16,16,21,29,33,50],"damage_taken":[{"damage":6,"enemies":"Cultist","floor":1,"turns":3},{"damage":11,"enemies":"Jaw Worm","floor":2,"turns":3},{"damage":27,"enemies":"Gremlin Nob","floor":6,"turns":4},{"damage":0,"enemies":"Small Slimes","floor":8,"turns":2},{"damage":0,"enemies":"2 Fungi Beasts","floor":13,"turns":3},{"damage":0,"enemies":"Exordium Wildlife","floor":14,"turns":3},{"damage":66,"enemies":"Slime Boss","floor":16,"turns":16},{"damage":7,"enemies":"Shell Parasite","floor":18,"turns":4},{"damage":0,"enemies":"Chosen","floor":19,"turns":3},{"damage":0,"enemies":"Colosseum Slavers","floor":21,"turns":3},{"damage":11,"enemies":"Snake Plant","floor":22,"turns":2},{"damage":0,"enemies":"Centurion and Healer","floor":28,"turns":3},{"damage":0,"enemies":"Slavers","floor":29,"turns":8},{"damage":0,"enemies":"Collector","floor":33,"turns":8},{"damage":0,"enemies":"3 Shapes","floor":35,"turns":2},{"damage":0,"enemies":"Mind Bloom Boss Battle","floor":37,"turns":7},{"damage":0,"enemies":"3 Darklings","floor":38,"turns":4},{"damage":0,"enemies":"Spire Growth","floor":39,"turns":4},{"damage":0,"enemies":"Transient","floor":44,"turns":5},{"damage":0,"enemies":"Jaw Worm Horde","floor":47,"turns":4},{"damage":0,"enemies":"Maw","floor":48,"turns":6},{"damage":97,"enemies":"Donu and Deca","floor":50,"turns":8}],"seed_played":"6792870519721000808","potions_obtained":[{"floor":2,"key":"Poison Potion"},{"floor":13,"key":"Weak Potion"},{"floor":14,"key":"AttackPotion"},{"floor":19,"key":"Fire Potion"},{"floor":22,"key":"Fire Potion"},{"floor":29,"key":"Swift Potion"}],"is_trial":false,"path_per_floor":["M","M","T","$","?","E","R","M","T","?","$","R","M","M","R","B",null,"M","M","$","?","M","R","?","R","T","$","M","E","R","$","R","B",null,"M","$","?","M","M","R","?","$","T","M","R","?","M","M","R","B"],"character_chosen":"IRONCLAD","items_purchased":["Membership Card","SkillPotion"],"campfire_rested":0,"item_purchase_floors":[4,27],"current_hp_per_floor":[80,75,75,75,75,54,54,60,60,60,60,60,66,72,72,12,80,79,83,83,86,81,81,65,65,65,65,71,77,77,77,77,83,86,86,86,86,86,86,86,86,86,93,93,93,93,93,93,93,0],"gold":192,"neow_bonus":"HUNDRED_GOLD","is_prod":false,"is_daily":false,"chose_seed":false,"campfire_upgraded":7,"win_rate":0,"timestamp":1556378738,"path_taken":["M","M","?","$","?","E","R","?","T","?","$","R","M","M","R","BOSS","M","M","$","?","M","R","?","R","T","$","M","E","R","?","R","BOSS","M","$","?","M","M","R","?","$","T","?","R","?","M","M","R","BOSS"],"build_version":"2019-01-23","purchased_purges":6,"victory":false,"max_hp_per_floor":[80,80,80,80,80,80,80,80,80,80,80,80,80,80,80,80,80,80,83,83,86,86,86,86,86,86,86,86,86,86,86,86,86,86,86,86,86,86,86,86,86,86,93,93,93,93,93,93,93,93],"card_choices":[{"not_picked":["Havoc","True Grit","Heavy Blade"],"picked":"SKIP","floor":1},{"not_picked":["Evolve","Clash"],"picked":"Body Slam","floor":2},{"not_picked":["Thunderclap","Fiend Fire","Perfected Strike"],"picked":"SKIP","floor":6},{"not_picked":["Wild Strike","Metallicize","Twin Strike"],"picked":"SKIP","floor":8},{"not_picked":["Headbutt","Heavy Blade"],"picked":"Body Slam","floor":13},{"not_picked":["Reckless Charge","Flame Barrier","Havoc"],"picked":"SKIP","floor":14},{"not_picked":["Berserk","Offering"],"picked":"Feed","floor":16},{"not_picked":["Carnage","Dropkick","Dual Wield"],"picked":"SKIP","floor":18},{"not_picked":["Pommel Strike","Rupture+1","Pummel"],"picked":"SKIP","floor":19},{"not_picked":["Sword Boomerang","Clothesline","Wild Strike"],"picked":"SKIP","floor":22},{"not_picked":["Clothesline","Searing Blow","Rupture+1"],"picked":"SKIP","floor":28},{"not_picked":["Fiend Fire","Body Slam","Cleave"],"picked":"SKIP","floor":29},{"not_picked":["Corruption+1","Pommel Strike","Twin Strike"],"picked":"SKIP","floor":35},{"not_picked":["Sentinel","Warcry","Ghostly Armor"],"picked":"SKIP","floor":38},{"not_picked":["Dropkick","Wild Strike","Sever Soul+1"],"picked":"SKIP","floor":39},{"not_picked":["Pommel Strike","Twin Strike","Wild Strike"],"picked":"SKIP","floor":44},{"not_picked":["Bloodletting+1","Warcry","Battle Trance+1"],"picked":"SKIP","floor":47},{"not_picked":["Heavy Blade+1","Combust","Clothesline"],"picked":"SKIP","floor":48}],"player_experience":706112,"relics_obtained":[{"floor":3,"key":"Lantern"},{"floor":6,"key":"Matryoshka"},{"floor":9,"key":"Pen Nib"},{"floor":9,"key":"Vajra"},{"floor":24,"key":"Enchiridion"},{"floor":26,"key":"Whetstone"},{"floor":26,"key":"Calipers"},{"floor":29,"key":"Orichalcum"},{"floor":37,"key":"Torii"},{"floor":43,"key":"Strawberry"}],"event_choices":[{"cards_removed":["Strike_R"],"damage_healed":0,"gold_gain":0,"player_choice":"Took Card","damage_taken":0,"max_hp_gain":0,"max_hp_loss":0,"event_name":"NoteForYourself","floor":5,"gold_loss":0,"cards_obtained":["Defend_R"]},{"cards_removed":["Strike_R"],"damage_healed":0,"gold_gain":0,"player_choice":"Card Removal","damage_taken":0,"max_hp_gain":0,"max_hp_loss":0,"event_name":"The Cleric","floor":10,"gold_loss":50},{"damage_healed":0,"gold_gain":0,"player_choice":"Fight","damage_taken":0,"max_hp_gain":0,"max_hp_loss":0,"event_name":"Colosseum","floor":21,"gold_loss":0},{"damage_healed":0,"gold_gain":0,"player_choice":"Fled From Nobs","damage_taken":0,"max_hp_gain":0,"max_hp_loss":0,"event_name":"Colosseum","floor":21,"gold_loss":0},{"damage_healed":0,"gold_gain":0,"player_choice":"Obtained Book","damage_taken":16,"max_hp_gain":0,"max_hp_loss":0,"event_name":"Cursed Tome","floor":24,"gold_loss":0},{"damage_healed":0,"gold_gain":0,"player_choice":"Fight","damage_taken":0,"max_hp_gain":0,"max_hp_loss":0,"event_name":"MindBloom","floor":37,"gold_loss":0},{"damage_healed":0,"gold_gain":0,"player_choice":"Memory 1","damage_taken":0,"max_hp_gain":0,"max_hp_loss":0,"event_name":"SensoryStone","floor":41,"gold_loss":0},{"damage_healed":0,"gold_gain":0,"player_choice":"Ignored","damage_taken":0,"max_hp_gain":0,"max_hp_loss":0,"event_name":"Transmorgrifier","floor":46,"gold_loss":0}],"is_beta":false,"boss_relics":[{"not_picked":["Runic Pyramid","Pandora\u0027s Box"],"picked":"Coffee Dripper"},{"not_picked":["White Beast Statue","Mark of Pain"],"picked":"Sozu"}],"items_purged_floors":[4,11,20,27,36,42],"is_endless":false,"potions_floor_spawned":[2,13,14,19,22,29,35,37,39,47],"killed_by":"Donu and Deca","ascension_level":0}