{"path_per_floor":["M","?","?","M","?","R","E","M","T","R","E","M","R","?","R","B",null,"M","$","?","M","?"],"character_chosen":"IRONCLAD","items_purchased":["Gremlin Horn","Cleave"],"gold_per_floor":[17,17,17,42,42,42,78,96,96,96,137,162,162,162,162,281,281,297,16,16,39,39],"floor_reached":23,"campfire_rested":0,"playtime":1195,"current_hp_per_floor":[80,64,64,70,80,80,72,72,72,72,51,49,49,49,49,11,80,67,67,67,58,58],"items_purged":[],"gold":39,"play_id":"474655d6-61e7-4f9c-ac1c-f210e00f8f4f","is_prod":false,"is_daily":false,"campfire_rituals":0,"campfire_upgraded":4,"is_hardmode":false,"path_taken":["M","?","?","M","?","R","E","M","T","R","E","M","R","?","R","BOSS","M","$","?","?","?","E"],"build_version":"2018-01-04-PROD1","purchased_purges":0,"victory":false,"master_deck":["Strike_R","Defend_R","Defend_R","Defend_R","Bash","Perfected Strike","Pommel Strike","Headbutt","Limit Break","Pommel Strike","Disarm","Seeing Red","Limit Break","Normality","Hemokinesis","Cleave","Cleave","Shrug It Off"],"max_hp_per_floor":[80,80,80,80,80,80,80,80,80,80,80,80,80,80,80,80,80,80,80,80,80,80],"relics":["Burning Blood","Golden Idol","Toxic Egg","Matryoshka","Champion Belt","Regal Pillow","Astrolabe","Gremlin Horn"],"campfire_meditates":0,"card_choices":[{"not_picked":["Metallicize","True Grit"],"picked":"Pommel Strike"},{"not_picked":["Sever Soul","Heavy Blade"],"picked":"Limit Break"},{"not_picked":["Reckless Charge","Perfected Strike"],"picked":"Pommel Strike"},{"not_picked":["Sword Boomerang","Impervious"],"picked":"Disarm"},{"not_picked":["Searing Blow","Evolve"],"picked":"Seeing Red"},{"not_picked":["Dark Embrace","Reaper"],"picked":"Limit Break"},{"not_picked":["Ghostly Armor","Entrench"],"picked":"Shrug It Off"}],"player_experience":198656,"potions_floor_usage":[11,16,18,21,23,23],"damage_taken":[{"damage":6,"enemies":"2 Louse","floor":1,"turns":3},{"damage":0,"enemies":"Small Slimes","floor":4,"turns":2},{"damage":14,"enemies":"Gremlin Nob","floor":7,"turns":3},{"damage":6,"enemies":"Jaw Worm","floor":8,"turns":2},{"damage":27,"enemies":"3 Sentries","floor":11,"turns":5},{"damage":8,"enemies":"Looter","floor":12,"turns":4},{"damage":44,"enemies":"The Guardian","floor":16,"turns":9},{"damage":19,"enemies":"Shell Parasite","floor":18,"turns":4},{"damage":15,"enemies":"3 Byrds","floor":21,"turns":4},{"damage":60,"enemies":"Book of Stabbing","floor":23,"turns":7}],"event_choices":[{"event_name":"Golden Idol","player_choice":"Take Damage","floor":2,"damage_taken":0},{"event_name":"Living Wall","player_choice":"Change","floor":3,"damage_taken":0},{"event_name":"Bonfire Elementals","player_choice":"SKILL","floor":5,"damage_taken":0},{"event_name":"Big Fish","player_choice":"Box","floor":14,"damage_taken":0},{"event_name":"Addict","player_choice":"Ignored","floor":20,"damage_taken":0},{"event_name":"Beggar","player_choice":"Ignored","floor":22,"damage_taken":0}],"boss_relics":[{"not_picked":["Runic Dome","Sozu"],"picked":"Astrolabe"}],"potions_floor_spawned":[7,8,11,16,18,21],"seed_played":"5219353605737893281","killed_by":"Book of Stabbing","is_trial":false}