{"gold_per_floor":[113,113,113,126,126,126,146,146,146,158,191,40,73,93,93,197,197,207,207,8,24,40,73,73,103,130,141,167,180,180,214,214,214],"floor_reached":33,"playtime":1486,"items_purged":[],"score":461,"play_id":"39b0210f-b387-43bb-a5cc-9510a31489af","local_time":"20190112165650","is_ascension_mode":true,"campfire_choices":[{"data":"Bash","floor":6,"key":"SMITH"},{"data":"Inflame","floor":8,"key":"SMITH"},{"floor":15,"key":"REST"},{"floor":24,"key":"REST"},{"floor":32,"key":"REST"}],"neow_cost":"NONE","seed_source_timestamp":1553016012836913,"circlet_count":0,"master_deck":["Strike_R","Strike_R","Strike_R","Strike_R","Strike_R+1","Defend_R","Defend_R","Defend_R+1","Defend_R","Bash+1","Twin Strike+1","Shrug It Off","Inflame+1","Twin Strike","Pummel","Shrug It Off","Clash","Ghostly Armor+1","Anger+1","Ghostly Armor","Body Slam","Sword Boomerang","Spot Weakness+1","Headbutt","Flex","Double Tap","Iron Wave+1"],"relics":["Black Blood","Strawberry","Dodecahedron","Nunchaku","PreservedInsect","Champion Belt","Membership Card","Art of War","Meat on the Bone","Omamori","Potion Belt","Oddly Smooth Stone"],"potions_floor_usage":[22,22,28,29,29,33],"damage_taken":[{"damage":9,"enemies":"Jaw Worm","floor":1,"turns":4},{"damage":10,"enemies":"Small Slimes","floor":4,"turns":3},{"damage":0,"enemies":"Cultist","floor":7,"turns":3},{"damage":0,"enemies":"Exordium Thugs","floor":10,"turns":3},{"damage":13,"enemies":"Gremlin Nob","floor":11,"turns":3},{"damage":12,"enemies":"Lagavulin","floor":13,"turns":3},{"damage":10,"enemies":"Large Slime","floor":14,"turns":3},{"damage":2,"enemies":"Slime Boss","floor":16,"turns":7},{"damage":0,"enemies":"Chosen","floor":18,"turns":4},{"damage":6,"enemies":"Shell Parasite","floor":21,"turns":3},{"damage":24,"enemies":"Shelled Parasite and Fungi","floor":22,"turns":5},{"damage":17,"enemies":"Gremlin Leader","floor":23,"turns":5},{"damage":35,"enemies":"Slavers","floor":25,"turns":5},{"damage":48,"enemies":"Centurion and Healer","floor":27,"turns":7},{"damage":4,"enemies":"Gremlin Leader","floor":28,"turns":6},{"damage":17,"enemies":"Snake Plant","floor":29,"turns":4},{"damage":40,"enemies":"Slavers","floor":31,"turns":4},{"damage":93,"enemies":"Automaton","floor":33,"turns":6}],"seed_played":"-3324797390486469694","potions_obtained":[{"floor":10,"key":"EssenceOfSteel"},{"floor":11,"key":"Energy Potion"},{"floor":14,"key":"Dexterity Potion"},{"floor":25,"key":"SpeedPotion"},{"floor":27,"key":"Block Potion"},{"floor":29,"key":"Dexterity Potion"}],"is_trial":false,"path_per_floor":["M","?","?","M","?","R","M","R","T","M","E","$","E","M","R","B",null,"M","?","$","M","M","E","R","E","T","M","E","M","?","E","R","B"],"character_chosen":"IRONCLAD","items_purchased":["PreservedInsect","Membership Card"],"campfire_rested":3,"item_purchase_floors":[12,20],"current_hp_per_floor":[76,59,87,83,83,83,87,87,87,87,80,80,74,70,87,87,87,87,97,97,97,83,76,97,72,72,46,64,69,69,51,80,0],"gold":214,"neow_bonus":"RANDOM_COMMON_RELIC","is_prod":false,"is_daily":false,"chose_seed":false,"campfire_upgraded":2,"win_rate":0,"timestamp":1547312210,"path_taken":["M","?","?","M","?","R","?","R","T","M","E","?","E","M","R","BOSS","M","?","$","M","?","E","R","E","T","M","E","M","?","E","R","BOSS"],"build_version":"2019-01-10","purchased_purges":0,"victory":false,"max_hp_per_floor":[87,87,87,87,87,87,87,87,87,87,87,87,87,87,87,87,87,87,97,97,97,97,97,97,97,97,97,97,97,97,97,97,97],"card_choices":[{"not_picked":["Wild Strike","Armaments"],"picked":"Twin Strike","floor":1},{"not_picked":["Havoc","Flex"],"picked":"Shrug It Off","floor":4},{"not_picked":["Pommel Strike","Cleave"],"picked":"Inflame","floor":7},{"not_picked":["Thunderclap","Dark Embrace"],"picked":"Twin Strike","floor":10},{"not_picked":["Headbutt","Cleave"],"picked":"Pummel","floor":11},{"not_picked":["Cleave","Rampage"],"picked":"Shrug It Off","floor":13},{"not_picked":["Cleave","Clothesline"],"picked":"Clash","floor":14},{"not_picked":["Bludgeon","Exhume"],"picked":"Limit Break","floor":16},{"not_picked":["Headbutt","Reckless Charge"],"picked":"Ghostly Armor+1","floor":18},{"not_picked":["Rage","Twin Strike"],"picked":"Anger+1","floor":21},{"not_picked":["Feel No Pain","Clothesline"],"picked":"Ghostly Armor","floor":22},{"not_picked":["Corruption","Havoc"],"picked":"Body Slam","floor":23},{"not_picked":["Feel No Pain+1","Intimidate"],"picked":"Sword Boomerang","floor":25},{"not_picked":["Cleave","Power Through"],"picked":"Spot Weakness+1","floor":27},{"not_picked":["Clothesline+1","Metallicize"],"picked":"Headbutt","floor":28},{"not_picked":["Warcry","Burning Pact"],"picked":"Flex","floor":29},{"not_picked":["Juggernaut","Shrug It Off"],"picked":"Iron Wave+1","floor":31}],"player_experience":212198,"relics_obtained":[{"floor":9,"key":"Dodecahedron"},{"floor":11,"key":"Nunchaku"},{"floor":13,"key":"Champion Belt"},{"floor":23,"key":"Art of War"},{"floor":25,"key":"Meat on the Bone"},{"floor":26,"key":"Omamori"},{"floor":28,"key":"Potion Belt"},{"floor":31,"key":"Oddly Smooth Stone"}],"event_choices":[{"damage_healed":0,"gold_gain":0,"player_choice":"Entered Light","damage_taken":17,"max_hp_gain":0,"max_hp_loss":0,"event_name":"Shining Light","floor":2,"gold_loss":0,"cards_upgraded":["Strike_R","Defend_R"]},{"damage_healed":29,"gold_gain":0,"player_choice":"Banana","damage_taken":0,"max_hp_gain":0,"max_hp_loss":0,"event_name":"Big Fish","floor":3,"gold_loss":0},{"damage_healed":0,"gold_gain":0,"player_choice":"Forge","damage_taken":0,"max_hp_gain":0,"max_hp_loss":0,"event_name":"Accursed Blacksmith","floor":5,"gold_loss":0,"cards_upgraded":["Twin Strike"]},{"cards_removed":["Limit Break"],"damage_healed":0,"gold_gain":0,"player_choice":"Offered Rare","damage_taken":0,"max_hp_gain":10,"max_hp_loss":0,"event_name":"Bonfire Elementals","floor":19,"gold_loss":0},{"damage_healed":0,"gold_gain":0,"player_choice":"1 cards matched","damage_taken":0,"max_hp_gain":0,"max_hp_loss":0,"event_name":"Match and Keep!","floor":30,"gold_loss":0,"cards_obtained":["Double Tap"]}],"is_beta":false,"boss_relics":[{"not_picked":["Cursed Key","Busted Crown"],"picked":"Black Blood"}],"items_purged_floors":[],"is_endless":false,"potions_floor_spawned":[10,11,14,16,21,25,27,29],"killed_by":"Automaton","ascension_level":6}