{"gold_per_floor":[364,11,11,11,11,11,41,53,53,87,106,123,123,157,157,260,260,273,273,287,287,8,8,37,37,37,72,98,132,145,160,160,160],"floor_reached":33,"playtime":4532,"items_purged":[],"score":572,"play_id":"8cf3f84a-24aa-45b6-b440-bcc48f0fecba","local_time":"20190115133736","is_ascension_mode":true,"campfire_choices":[{"floor":6,"key":"REST"},{"data":"Leg Sweep","floor":13,"key":"SMITH"},{"data":"Deflect","floor":15,"key":"SMITH"},{"floor":23,"key":"REST"},{"data":"Deflect","floor":25,"key":"SMITH"},{"floor":32,"key":"REST"}],"neow_cost":"PERCENT_DAMAGE","seed_source_timestamp":1797224149210078,"circlet_count":0,"master_deck":["AscendersBane","Defend_G","Defend_G","Defend_G","Defend_G","Strike_G","Strike_G","Strike_G","Strike_G","Strike_G","Survivor","Neutralize","Deflect+1","PiercingWail","Flying Knee","Unload","Neutralize","Quick Slash","Leg Sweep+1","Dagger Spray+1","Die Die Die","After Image","PiercingWail","PiercingWail","Slice","Leg Sweep","Deflect+1","Blade Dance+1","Dramatic Entrance","Acrobatics","PiercingWail+1","Backflip","After Image"],"relics":["Ring of the Snake","Singing Bowl","Orichalcum","Prayer Wheel","PreservedInsect","Ornamental Fan","Orrery","Bag of Marbles","Boot","The Specimen","Bag of Preparation","Red Mask","Paper Crane"],"potions_floor_usage":[10,16,18,19,20,28,28,29],"damage_taken":[{"damage":24,"enemies":"Jaw Worm","floor":1,"turns":7},{"damage":11,"enemies":"3 Sentries","floor":7,"turns":10},{"damage":0,"enemies":"Cultist","floor":8,"turns":3},{"damage":14,"enemies":"Gremlin Nob","floor":10,"turns":5},{"damage":0,"enemies":"2 Louse","floor":11,"turns":2},{"damage":0,"enemies":"Gremlin Gang","floor":12,"turns":6},{"damage":4,"enemies":"3 Sentries","floor":14,"turns":4},{"damage":13,"enemies":"The Guardian","floor":16,"turns":17},{"damage":15,"enemies":"2 Thieves","floor":18,"turns":5},{"damage":0,"enemies":"Spheric Guardian","floor":19,"turns":3},{"damage":39,"enemies":"Snecko","floor":20,"turns":11},{"damage":0,"enemies":"Slavers","floor":24,"turns":3},{"damage":8,"enemies":"Gremlin Leader","floor":27,"turns":7},{"damage":1,"enemies":"Masked Bandits","floor":28,"turns":3},{"damage":3,"enemies":"Slavers","floor":29,"turns":4},{"damage":8,"enemies":"Sentry and Sphere","floor":30,"turns":6},{"damage":3,"enemies":"Snake Plant","floor":31,"turns":4},{"damage":56,"enemies":"Champ","floor":33,"turns":31}],"seed_played":"-8932330715183676003","potions_obtained":[{"floor":7,"key":"PowerPotion"},{"floor":10,"key":"SmokeBomb"},{"floor":12,"key":"Swift Potion"},{"floor":16,"key":"SpeedPotion"},{"floor":18,"key":"GhostInAJar"},{"floor":20,"key":"Explosive Potion"},{"floor":24,"key":"Swift Potion"}],"is_trial":false,"path_per_floor":["M","$","?","$","?","R","E","M","T","E","M","M","R","E","R","B",null,"M","M","M","?","$","R","E","R","T","E","?","E","M","M","R","B"],"character_chosen":"THE_SILENT","items_purchased":["Singing Bowl","PiercingWail","Flying Knee","Bag of Marbles","Dramatic Entrance","SteroidPotion"],"campfire_rested":3,"item_purchase_floors":[2,2,2,22,22,22],"current_hp_per_floor":[21,21,21,21,21,42,33,35,35,21,23,25,25,21,21,8,63,50,50,13,13,13,38,38,38,38,30,31,28,24,23,50,0],"gold":160,"neow_bonus":"TWO_FIFTY_GOLD","is_prod":false,"is_daily":false,"chose_seed":false,"campfire_upgraded":3,"win_rate":0,"timestamp":1547559456,"path_taken":["M","$","?","?","?","R","E","?","T","E","M","M","R","E","R","BOSS","M","M","M","?","?","R","E","R","T","E","?","E","M","M","R","BOSS"],"build_version":"2019-01-10","purchased_purges":0,"victory":false,"max_hp_per_floor":[70,70,70,70,70,70,72,74,74,74,76,78,78,78,78,78,80,82,82,84,84,84,84,84,84,84,84,86,86,90,92,92,92],"card_choices":[{"not_picked":["Cloak And Dagger","Quick Slash"],"picked":"Deflect","floor":1},{"not_picked":["A Thousand Cuts","Dagger Spray","Choke"],"picked":"Singing Bowl","floor":7},{"not_picked":["Eviscerate","Flying Knee","Prepared"],"picked":"Singing Bowl","floor":8},{"not_picked":["Outmaneuver","Dagger Throw"],"picked":"Quick Slash","floor":10},{"not_picked":["Corpse Explosion","Bouncing Flask"],"picked":"Leg Sweep","floor":11},{"not_picked":["Concentrate","Quick Slash","Endless Agony"],"picked":"Singing Bowl","floor":11},{"not_picked":["Flechettes","Sucker Punch"],"picked":"Dagger Spray","floor":12},{"not_picked":["Dagger Spray","Dodge and Roll","Bouncing Flask"],"picked":"Singing Bowl","floor":12},{"not_picked":["Setup","PiercingWail"],"picked":"Die Die Die","floor":14},{"not_picked":["Burst","Unload"],"picked":"After Image","floor":16},{"not_picked":["Acrobatics","Underhanded Strike"],"picked":"PiercingWail","floor":17},{"not_picked":["Infinite Blades","Deadly Poison"],"picked":"PiercingWail","floor":17},{"not_picked":["Riddle With Holes","Poisoned Stab"],"picked":"Slice","floor":17},{"not_picked":["Crippling Poison","Bane"],"picked":"Leg Sweep","floor":17},{"not_picked":["Deadly Poison","Bane","Quick Slash"],"picked":"Singing Bowl","floor":17},{"not_picked":["Endless Agony","Distraction","Blade Dance"],"picked":"Singing Bowl","floor":18},{"not_picked":["Cloak And Dagger","Bane+1"],"picked":"Deflect","floor":18},{"not_picked":["Accuracy","Slice","Deflect"],"picked":"Singing Bowl","floor":20},{"not_picked":["Leg Sweep","Escape Plan+1"],"picked":"Blade Dance+1","floor":20},{"not_picked":["Footwork","Setup"],"picked":"Acrobatics","floor":24},{"not_picked":["Cloak And Dagger","Envenom"],"picked":"PiercingWail+1","floor":27},{"not_picked":["Bane","Deflect","Cloak And Dagger"],"picked":"Singing Bowl","floor":28},{"not_picked":["Acrobatics","Dagger Spray"],"picked":"Backflip","floor":29},{"not_picked":["Dodge and Roll","Outmaneuver","Underhanded Strike+1"],"picked":"Singing Bowl","floor":30},{"not_picked":["Deadly Poison","Poisoned Stab","Acrobatics"],"picked":"Singing Bowl","floor":30},{"not_picked":["Dagger Spray","Dodge and Roll"],"picked":"After Image","floor":31},{"not_picked":["Eviscerate","Dagger Throw","Deadly Poison"],"picked":"Singing Bowl","floor":31}],"player_experience":316258,"relics_obtained":[{"floor":7,"key":"Orichalcum"},{"floor":9,"key":"Prayer Wheel"},{"floor":10,"key":"PreservedInsect"},{"floor":14,"key":"Ornamental Fan"},{"floor":24,"key":"Boot"},{"floor":26,"key":"The Specimen"},{"floor":27,"key":"Bag of Preparation"},{"floor":28,"key":"Red Mask"},{"floor":29,"key":"Paper Crane"}],"event_choices":[{"damage_healed":0,"gold_gain":0,"cards_transformed":["Defend_G"],"player_choice":"Transformed","damage_taken":0,"max_hp_gain":0,"max_hp_loss":0,"event_name":"Transmorgrifier","floor":3,"gold_loss":0,"cards_obtained":["Unload"]},{"damage_healed":0,"gold_gain":0,"player_choice":"1 cards matched","damage_taken":0,"max_hp_gain":0,"max_hp_loss":0,"event_name":"Match and Keep!","floor":5,"gold_loss":0,"cards_obtained":["Neutralize"]},{"damage_healed":0,"gold_gain":0,"player_choice":"Upgraded","damage_taken":0,"max_hp_gain":0,"max_hp_loss":0,"event_name":"Upgrade Shrine","floor":21,"gold_loss":0,"cards_upgraded":["Dagger Spray"]},{"damage_healed":0,"gold_gain":0,"player_choice":"Fought Bandits","damage_taken":0,"max_hp_gain":0,"max_hp_loss":0,"event_name":"Masked Bandits","floor":28,"gold_loss":0}],"is_beta":false,"boss_relics":[{"not_picked":["Ectoplasm","Philosopher\u0027s Stone"],"picked":"Orrery"}],"items_purged_floors":[],"is_endless":false,"potions_floor_spawned":[7,10,12,16,18,20,24,27],"killed_by":"Champ","ascension_level":10}