{"gold_per_floor":[117,117,117,133,144,144,156,156,156,166,178,206,206,171,171,171],"floor_reached":16,"playtime":426,"items_purged":[],"score":194,"play_id":"95fb6cb2-6d49-4c33-9a88-8eb38b0c0cbc","local_time":"20190426150540","is_ascension_mode":true,"campfire_choices":[{"floor":6,"key":"DIG"},{"floor":8,"key":"DIG"},{"floor":13,"key":"REST"},{"floor":15,"key":"DIG"}],"neow_cost":"PERCENT_DAMAGE","seed_source_timestamp":3377851097283136,"circlet_count":0,"master_deck":["AscendersBane","Strike_R","Strike_R","Strike_R","Strike_R","Defend_R","Defend_R","Defend_R","Defend_R","Bash","Cleave","Carnage","Pommel Strike","Carnage","Thunderclap","Shrug It Off","Impervious"],"relics":["Burning Blood","Shovel","Bag of Preparation","Strawberry","FossilizedHelix","Bottled Flame"],"potions_floor_usage":[12,12],"damage_taken":[{"damage":7,"enemies":"Small Slimes","floor":1,"turns":3},{"damage":0,"enemies":"2 Louse","floor":4,"turns":2},{"damage":0,"enemies":"Cultist","floor":5,"turns":2},{"damage":26,"enemies":"Large Slime","floor":7,"turns":5},{"damage":16,"enemies":"Blue Slaver","floor":10,"turns":3},{"damage":6,"enemies":"2 Fungi Beasts","floor":11,"turns":4},{"damage":36,"enemies":"Lagavulin","floor":12,"turns":5},{"damage":55,"enemies":"The Guardian","floor":16,"turns":9}],"seed_played":"1487955706899042701","potions_obtained":[{"floor":4,"key":"AttackPotion"},{"floor":7,"key":"EssenceOfSteel"}],"is_trial":false,"path_per_floor":["M","?","?","M","M","R","M","R","T","M","M","E","R","?","R","B"],"character_chosen":"IRONCLAD","items_purchased":[],"campfire_rested":1,"item_purchase_floors":[],"current_hp_per_floor":[49,49,49,55,61,61,41,48,48,38,38,8,32,52,52,0],"gold":171,"neow_bonus":"ONE_RARE_RELIC","is_prod":false,"is_daily":false,"chose_seed":false,"campfire_upgraded":0,"win_rate":0,"timestamp":1556287540,"path_taken":["M","?","?","M","M","R","M","R","T","M","?","E","R","?","R","BOSS"],"build_version":"2019-01-23","purchased_purges":0,"victory":false,"max_hp_per_floor":[75,75,75,75,75,75,75,82,82,82,82,82,82,82,82,82],"card_choices":[{"not_picked":["Flex","Rampage"],"picked":"Cleave","floor":1},{"not_picked":["Anger","True Grit"],"picked":"Pommel Strike","floor":4},{"not_picked":["Headbutt","Thunderclap"],"picked":"Carnage","floor":5},{"not_picked":["Fiend Fire","Clash"],"picked":"Thunderclap","floor":7},{"not_picked":["Heavy Blade","Headbutt","Bloodletting"],"picked":"SKIP","floor":10},{"not_picked":["Sentinel","Searing Blow"],"picked":"Shrug It Off","floor":11},{"not_picked":["Cleave","Wild Strike"],"picked":"Impervious","floor":12}],"player_experience":661157,"relics_obtained":[{"floor":6,"key":"Bag of Preparation"},{"floor":8,"key":"Strawberry"},{"floor":12,"key":"FossilizedHelix"},{"floor":15,"key":"Bottled Flame"}],"event_choices":[{"damage_healed":0,"gold_gain":0,"player_choice":"Ignored","damage_taken":0,"max_hp_gain":0,"max_hp_loss":0,"event_name":"Liars Game","floor":2,"gold_loss":0},{"damage_healed":0,"gold_gain":0,"cards_transformed":["Strike_R"],"player_choice":"Transformed","damage_taken":0,"max_hp_gain":0,"max_hp_loss":0,"event_name":"Transmorgrifier","floor":3,"gold_loss":0,"cards_obtained":["Carnage"]},{"damage_healed":20,"gold_gain":0,"player_choice":"Healed","damage_taken":0,"max_hp_gain":0,"max_hp_loss":0,"event_name":"The Cleric","floor":14,"gold_loss":35}],"is_beta":false,"boss_relics":[],"items_purged_floors":[],"is_endless":false,"potions_floor_spawned":[4,7,10],"killed_by":"The Guardian","ascension_level":18}