{"gold_per_floor":[111,124,124,136,34,61,61,74,74,104,123,123,135,146,146,249,249,262,281,281,31,42,42,56,56,83,98,98,129,129,229,229,326,326,337,354,366,378,378,413,413,438,438,296,329,346,363,11,11,11],"floor_reached":51,"playtime":2317,"items_purged":["Strike_R+1"],"score":1142,"play_id":"22a270f0-5b8c-42cc-ad01-5111efc01bc6","local_time":"20180704210834","is_ascension_mode":true,"campfire_choices":[{"data":"Entrench","floor":7,"key":"SMITH"},{"floor":12,"key":"REST"},{"floor":15,"key":"REST"},{"floor":23,"key":"REST"},{"data":"Body Slam","floor":25,"key":"SMITH"},{"floor":30,"key":"REST"},{"data":"Barricade","floor":32,"key":"SMITH"},{"floor":41,"key":"REST"},{"floor":49,"key":"REST"}],"neow_cost":"NONE","seed_source_timestamp":854443825924469,"circlet_count":0,"master_deck":["Strike_R+1","Strike_R+1","Strike_R+1","Defend_R+1","Defend_R+1","Defend_R+1","Defend_R+1","Bash","Rage","Iron Wave","Warcry+1","Pummel","Entrench+1","Body Slam+1","Battle Trance","Pommel Strike","Twin Strike","Flex","Barricade+1","Headbutt+1","Intimidate+1","Rage+1","Body Slam","Power Through","Dropkick","Ghostly Armor+1","Headbutt","Offering","Flame Barrier+1","Inflame"],"relics":["Burning Blood","Lantern","Paper Frog","Bird Faced Urn","Runic Dome","Mummified Hand","Vajra","Centennial Puzzle","Singing Bowl","Sozu","Sundial","War Paint","Boot","Darkstone Periapt","Incense Burner"],"potions_floor_usage":[6,8,13,16,18,22,37],"damage_taken":[{"damage":6,"enemies":"Jaw Worm","floor":1,"turns":5},{"damage":0,"enemies":"Cultist","floor":2,"turns":3},{"damage":0,"enemies":"Small Slimes","floor":4,"turns":3},{"damage":16,"enemies":"3 Sentries","floor":6,"turns":14},{"damage":5,"enemies":"2 Fungi Beasts","floor":8,"turns":3},{"damage":51,"enemies":"Gremlin Nob","floor":10,"turns":5},{"damage":0,"enemies":"Looter","floor":11,"turns":2},{"damage":4,"enemies":"Large Slime","floor":13,"turns":5},{"damage":8,"enemies":"Lots of Slimes","floor":14,"turns":4},{"damage":29,"enemies":"Slime Boss","floor":16,"turns":9},{"damage":18,"enemies":"3 Byrds","floor":18,"turns":7},{"damage":34,"enemies":"2 Thieves","floor":19,"turns":4},{"damage":10,"enemies":"Centurion and Healer","floor":22,"turns":5},{"damage":25,"enemies":"Snake Plant","floor":24,"turns":5},{"damage":7,"enemies":"Slaver and Parasite","floor":27,"turns":4},{"damage":20,"enemies":"Book of Stabbing","floor":29,"turns":6},{"damage":0,"enemies":"Collector","floor":33,"turns":9},{"damage":0,"enemies":"Orb Walker","floor":35,"turns":3},{"damage":2,"enemies":"3 Shapes","floor":36,"turns":6},{"damage":48,"enemies":"Flame Bruiser 2 Orb","floor":37,"turns":3},{"damage":8,"enemies":"4 Shapes","floor":38,"turns":10},{"damage":12,"enemies":"Nemesis","floor":40,"turns":3},{"damage":34,"enemies":"2 Orb Walkers","floor":42,"turns":4},{"damage":4,"enemies":"Nemesis","floor":45,"turns":3},{"damage":21,"enemies":"Maw","floor":46,"turns":8},{"damage":4,"enemies":"Spire Growth","floor":47,"turns":2},{"damage":19,"enemies":"Awakened One","floor":50,"turns":10}],"seed_played":"-3022698694605920811","potions_obtained":[{"floor":1,"key":"EssenceOfSteel"},{"floor":6,"key":"Explosive Potion"},{"floor":11,"key":"AttackPotion"},{"floor":14,"key":"FearPotion"},{"floor":16,"key":"SteroidPotion"},{"floor":19,"key":"Poison Potion"},{"floor":33,"key":"FearPotion"}],"is_trial":false,"path_per_floor":["M","M","?","M","$","E","R","M","T","E","M","R","M","M","R","B",null,"M","M","?","$","M","R","M","R","T","M","T","E","R","?","R","B",null,"M","M","M","M","?","E","R","E","T","$","E","M","M","$","R","B"],"character_chosen":"IRONCLAD","items_purchased":["Entrench","Body Slam","Mummified Hand","Offering","Incense Burner","Inflame"],"campfire_rested":6,"item_purchase_floors":[5,5,21,44,48,48],"current_hp_per_floor":[80,86,86,88,88,78,78,79,79,34,40,66,68,66,88,65,82,72,46,46,46,44,70,53,53,53,54,54,42,68,68,68,78,87,92,92,50,52,52,48,76,52,52,52,58,45,49,49,79,70],"gold":11,"neow_bonus":"TEN_PERCENT_HP_BONUS","is_prod":false,"is_daily":false,"chose_seed":false,"campfire_upgraded":3,"win_rate":0,"timestamp":1530760114,"path_taken":["M","M","?","M","$","E","R","M","T","E","M","R","M","M","R","BOSS","M","M","?","$","?","R","M","R","T","M","?","E","R","?","R","BOSS","M","M","?","M","?","E","R","E","T","$","E","?","M","$","R","BOSS"],"build_version":"2018-07-03","purchased_purges":1,"victory":true,"max_hp_per_floor":[88,88,88,88,88,88,88,88,88,88,88,88,88,88,88,88,88,88,88,88,88,88,88,88,88,88,88,88,88,88,88,88,90,90,92,92,92,94,94,96,96,98,98,98,100,100,102,102,102,102],"card_choices":[{"not_picked":["Power Through","Heavy Blade"],"picked":"Rage","floor":1},{"not_picked":["Combust","Heavy Blade"],"picked":"Iron Wave","floor":2},{"not_picked":["Iron Wave","Evolve"],"picked":"Pummel","floor":4},{"not_picked":["Heavy Blade","Wild Strike"],"picked":"Battle Trance","floor":6},{"not_picked":["Bloodletting","Clash","Havoc"],"picked":"SKIP","floor":8},{"not_picked":["Heavy Blade","Spot Weakness"],"picked":"Pommel Strike","floor":10},{"not_picked":["Wild Strike","Clash"],"picked":"Twin Strike","floor":11},{"not_picked":["Feel No Pain","Pommel Strike"],"picked":"Flex","floor":13},{"not_picked":["Sword Boomerang","Pommel Strike","Blood for Blood"],"picked":"SKIP","floor":14},{"not_picked":["Double Tap","Brutality"],"picked":"Barricade","floor":16},{"not_picked":["Anger","Second Wind"],"picked":"Headbutt+1","floor":18},{"not_picked":["Evolve","Feel No Pain"],"picked":"Intimidate+1","floor":19},{"not_picked":["Thunderclap+1","Heavy Blade"],"picked":"Rage+1","floor":22},{"not_picked":["Warcry","Hemokinesis+1"],"picked":"Body Slam","floor":24},{"not_picked":["Twin Strike+1","Dropkick"],"picked":"Power Through","floor":27},{"not_picked":["Shockwave","Combust"],"picked":"Dropkick","floor":29},{"not_picked":["Immolate","Bludgeon","Exhume"],"picked":"Singing Bowl","floor":33},{"not_picked":["Clothesline","Twin Strike","Heavy Blade+1"],"picked":"Singing Bowl","floor":35},{"not_picked":["Iron Wave+1","Pommel Strike+1"],"picked":"Ghostly Armor","floor":36},{"not_picked":["True Grit+1","Cleave"],"picked":"Headbutt","floor":37},{"not_picked":["Sword Boomerang","Sentinel+1","Armaments"],"picked":"Singing Bowl","floor":38},{"not_picked":["Body Slam","Second Wind","Dark Embrace"],"picked":"Singing Bowl","floor":40},{"not_picked":["Cleave","Pommel Strike+1","Headbutt"],"picked":"Singing Bowl","floor":42},{"not_picked":["Dark Embrace","Armaments","Anger+1"],"picked":"Singing Bowl","floor":45},{"not_picked":["Power Through","Anger"],"picked":"Flame Barrier+1","floor":46},{"not_picked":["Bloodletting","Iron Wave","Headbutt"],"picked":"Singing Bowl","floor":47}],"player_experience":454539,"relics_obtained":[{"floor":6,"key":"Lantern"},{"floor":9,"key":"Paper Frog"},{"floor":10,"key":"Bird Faced Urn"},{"floor":26,"key":"Vajra"},{"floor":28,"key":"Centennial Puzzle"},{"floor":29,"key":"Singing Bowl"},{"floor":40,"key":"Sundial"},{"floor":42,"key":"War Paint"},{"floor":43,"key":"Boot"},{"floor":45,"key":"Darkstone Periapt"}],"event_choices":[{"event_name":"Transmorgrifier","player_choice":"Transform","floor":3,"damage_taken":0},{"event_name":"Back to Basics","player_choice":"Simplicity","floor":20,"damage_taken":0},{"event_name":"Golden Shrine","player_choice":"Pray","floor":31,"damage_taken":0},{"event_name":"The Woman in Blue","player_choice":"Bought 0 Potions","floor":39,"damage_taken":0}],"boss_relics":[{"not_picked":["Ectoplasm","Fusion Hammer"],"picked":"Runic Dome"},{"not_picked":["Empty Cage","Black Star"],"picked":"Sozu"}],"items_purged_floors":[44],"is_endless":false,"potions_floor_spawned":[1,6,11,14,16,19,33,37,40,45],"ascension_level":6}