{"gold_per_floor":[218,218,67,67,91,91,112,112,112,131,199,124,464,483,483,483],"floor_reached":16,"playtime":785,"items_purged":["Strike_R"],"score":185,"play_id":"3171be92-a447-4c50-85d2-5fd884e558dc","local_time":"20180907151721","is_ascension_mode":true,"campfire_choices":[{"data":"Metallicize","floor":6,"key":"SMITH"},{"floor":8,"key":"REST"},{"floor":15,"key":"REST"}],"neow_cost":"NONE","seed_source_timestamp":1990085613671255,"circlet_count":0,"master_deck":["Strike_R","Strike_R","Strike_R","Strike_R","Defend_R","Defend_R","Defend_R","Defend_R","Bash","AscendersBane","Burning Pact","Metallicize+1","Infernal Blade","Spot Weakness","Brutality","Fire Breathing"],"relics":["Burning Blood","Tiny Chest","Golden Idol","Omamori","Bottled Lightning","Old Coin"],"potions_floor_usage":[5,13,13,16],"damage_taken":[{"damage":1,"enemies":"Cultist","floor":1,"turns":3},{"damage":9,"enemies":"Small Slimes","floor":5,"turns":5},{"damage":15,"enemies":"Jaw Worm","floor":7,"turns":4},{"damage":7,"enemies":"Blue Slaver","floor":10,"turns":4},{"damage":24,"enemies":"Lagavulin","floor":13,"turns":8},{"damage":19,"enemies":"Large Slime","floor":14,"turns":6},{"damage":48,"enemies":"The Guardian","floor":16,"turns":12}],"seed_played":"-5995277047544150891","potions_obtained":[{"floor":1,"key":"EssenceOfSteel"},{"floor":7,"key":"Strength Potion"},{"floor":10,"key":"Weak Potion"},{"floor":14,"key":"Fire Potion"}],"is_trial":false,"path_per_floor":["M","$","$","?","M","R","M","R","T","M","T","$","E","M","R"],"character_chosen":"IRONCLAD","items_purchased":["Tiny Chest"],"campfire_rested":2,"item_purchase_floors":[3],"current_hp_per_floor":[73,73,73,47,44,44,35,57,57,56,56,56,38,25,47,0],"gold":483,"neow_bonus":"HUNDRED_GOLD","is_prod":false,"is_daily":false,"chose_seed":false,"campfire_upgraded":1,"win_rate":0,"timestamp":1536329841,"path_taken":["M","?","$","?","M","R","M","R","T","M","?","?","E","M","R","BOSS"],"build_version":"2018-09-06","purchased_purges":1,"victory":false,"max_hp_per_floor":[75,75,75,75,75,75,75,75,75,75,75,75,75,75,75,75],"card_choices":[{"not_picked":["Havoc","Armaments"],"picked":"Burning Pact","floor":1},{"not_picked":["True Grit","Body Slam"],"picked":"Metallicize","floor":5},{"not_picked":["Corruption","Searing Blow"],"picked":"Infernal Blade","floor":7},{"not_picked":["Rupture","Headbutt"],"picked":"Spot Weakness","floor":10},{"not_picked":["Anger","Pommel Strike"],"picked":"Brutality","floor":13},{"not_picked":["Havoc","Body Slam"],"picked":"Fire Breathing","floor":14}],"player_experience":319844,"relics_obtained":[{"floor":9,"key":"Omamori"},{"floor":11,"key":"Bottled Lightning"},{"floor":13,"key":"Old Coin"}],"event_choices":[{"event_name":"Golden Idol","player_choice":"Take Damage","floor":4,"damage_taken":0}],"is_beta":false,"boss_relics":[],"items_purged_floors":[12],"is_endless":false,"potions_floor_spawned":[1,7,10,14],"killed_by":"The Guardian","ascension_level":17}