{"gold_per_floor":[119,44,44,44,44,76,1,1,1,17,33,33,49,64,64,141,141,161,161,161,140,140,140,140],"floor_reached":24,"playtime":724,"items_purged":["Pain"],"score":467,"play_id":"707a886f-e460-43ee-bb69-5db4466bd938","local_time":"20190424114732","is_ascension_mode":true,"campfire_choices":[{"data":"Body Slam","floor":8,"key":"SMITH"},{"data":"Barricade","floor":12,"key":"SMITH"},{"data":"Body Slam","floor":15,"key":"SMITH"},{"data":"Body Slam","floor":23,"key":"SMITH"}],"neow_cost":"TEN_PERCENT_HP_LOSS","seed_source_timestamp":3192857546194828,"circlet_count":0,"master_deck":["AscendersBane","Strike_R","Strike_R","Strike_R","Strike_R","Defend_R","Defend_R","Defend_R","Defend_R","Bash","Barricade+1","Body Slam+1","Body Slam+1","Shrug It Off","Feed","Body Slam+1"],"relics":["Burning Blood","WarpedTongs","Boot","Frozen Egg 2","Coffee Dripper"],"potions_floor_usage":[20,22],"damage_taken":[{"damage":3,"enemies":"2 Louse","floor":1,"turns":3},{"damage":60,"enemies":"Gremlin Nob","floor":6,"turns":5},{"damage":8,"enemies":"Small Slimes","floor":10,"turns":3},{"damage":0,"enemies":"Cultist","floor":11,"turns":4},{"damage":4,"enemies":"2 Fungi Beasts","floor":13,"turns":4},{"damage":16,"enemies":"3 Louse","floor":14,"turns":5},{"damage":0,"enemies":"Hexaghost","floor":16,"turns":7},{"damage":26,"enemies":"Spheric Guardian","floor":18,"turns":7},{"damage":32,"enemies":"Colosseum Slavers","floor":20,"turns":5},{"damage":17,"enemies":"2 Thieves","floor":21,"turns":4},{"damage":0,"enemies":"Sentry and Sphere","floor":22,"turns":2},{"damage":27,"enemies":"Snake Plant","floor":24,"turns":2}],"seed_played":"-5067455680980954230","potions_obtained":[{"floor":13,"key":"Strength Potion"},{"floor":14,"key":"EssenceOfSteel"},{"floor":21,"key":"SmokeBomb"}],"is_trial":false,"path_per_floor":["M","?","?","$","?","E","$","R","T","M","M","R","M","M","R","B",null,"M","?","?","M","M","R","M"],"character_chosen":"IRONCLAD","items_purchased":[],"campfire_rested":0,"item_purchase_floors":[],"current_hp_per_floor":[68,68,73,73,73,19,19,19,19,17,23,23,29,23,23,29,68,52,52,26,15,24,24,0],"gold":140,"neow_bonus":"THREE_RARE_CARDS","is_prod":false,"is_daily":false,"chose_seed":false,"campfire_upgraded":4,"win_rate":0,"timestamp":1556102852,"path_taken":["M","?","?","$","?","E","$","R","T","M","M","R","?","M","R","BOSS","M","?","?","M","M","R","M"],"build_version":"2019-01-23","purchased_purges":1,"victory":false,"max_hp_per_floor":[68,68,73,73,73,73,73,73,73,73,73,73,77,81,81,81,81,85,85,85,85,88,88,88],"card_choices":[{"not_picked":["Bludgeon","Feed"],"picked":"Barricade","floor":0},{"not_picked":["Havoc","Wild Strike"],"picked":"Body Slam","floor":1},{"not_picked":["Burning Pact","Wild Strike"],"picked":"Body Slam","floor":6},{"not_picked":["Rage","Fire Breathing+1"],"picked":"Shrug It Off","floor":10},{"not_picked":["Wild Strike","Iron Wave"],"picked":"Feed","floor":11},{"not_picked":["Wild Strike","Clash","Inflame+1"],"picked":"SKIP","floor":13},{"not_picked":["Pommel Strike","Wild Strike","Carnage"],"picked":"SKIP","floor":14},{"not_picked":["Entrench","Intimidate","Infernal Blade"],"picked":"SKIP","floor":18},{"not_picked":["Flex","Warcry","Perfected Strike"],"picked":"SKIP","floor":21}],"player_experience":642253,"relics_obtained":[{"floor":6,"key":"Boot"},{"floor":9,"key":"Frozen Egg 2"}],"event_choices":[{"cards_removed":["Strike_R"],"damage_healed":0,"gold_gain":0,"player_choice":"Card Removal","damage_taken":0,"max_hp_gain":0,"max_hp_loss":0,"event_name":"The Cleric","floor":2,"gold_loss":75},{"damage_healed":0,"gold_gain":0,"player_choice":"Donut","damage_taken":0,"max_hp_gain":5,"max_hp_loss":0,"event_name":"Big Fish","floor":3,"gold_loss":0},{"damage_healed":0,"gold_gain":0,"player_choice":"Rummage","damage_taken":0,"relics_obtained":["WarpedTongs"],"max_hp_gain":0,"max_hp_loss":0,"event_name":"Accursed Blacksmith","floor":5,"gold_loss":0,"cards_obtained":["Pain"]},{"damage_healed":0,"gold_gain":0,"player_choice":"Read","damage_taken":0,"max_hp_gain":0,"max_hp_loss":0,"event_name":"The Library","floor":19,"gold_loss":0,"cards_obtained":["Body Slam"]},{"damage_healed":0,"gold_gain":0,"player_choice":"Fight","damage_taken":0,"max_hp_gain":0,"max_hp_loss":0,"event_name":"Colosseum","floor":20,"gold_loss":0},{"damage_healed":0,"gold_gain":0,"player_choice":"Fled From Nobs","damage_taken":0,"max_hp_gain":0,"max_hp_loss":0,"event_name":"Colosseum","floor":20,"gold_loss":0}],"is_beta":false,"boss_relics":[{"not_picked":["Sozu","Runic Cube"],"picked":"Coffee Dripper"}],"items_purged_floors":[7],"is_endless":false,"potions_floor_spawned":[13,14,18,20,21],"killed_by":"Snake Plant","ascension_level":18}