{"path_per_floor":["M","M","?","M","M","R","M","R","T","R","E","R","M","M","R","B",null,"M","M","$","?","M","R","E","?","T","R","M","M","M","M","R","B",null,"M","M","?","M","$","R","?","M","T","M","T","R","M","M","R"],"character_chosen":"THE_SILENT","items_purchased":["Panache","Dagger Spray","Blade Dance","Infinite Blades"],"gold_per_floor":[14,32,32,47,64,64,75,75,100,100,125,125,139,152,152,253,253,266,246,47,47,61,61,94,94,118,118,132,145,159,177,177,272,272,282,292,292,310,121,121,166,179,179,193,193,193,213,224,224],"floor_reached":50,"campfire_rested":5,"playtime":4700,"current_hp_per_floor":[66,66,59,59,59,59,55,55,55,55,51,51,53,52,52,33,70,55,45,45,36,29,51,39,39,39,75,69,62,64,62,62,32,75,70,72,62,27,27,64,42,33,33,24,24,61,40,39,75],"items_purged":["Strike_G"],"gold":224,"play_id":"594875b1-d311-4477-9a6a-063616923ad0","is_prod":false,"is_daily":false,"campfire_rituals":0,"campfire_upgraded":6,"is_hardmode":false,"path_taken":["M","?","?","M","?","R","M","R","T","R","E","R","M","?","R","BOSS","M","?","$","?","M","R","E","?","T","R","M","?","M","M","R","BOSS","M","M","?","M","$","R","?","M","T","M","?","R","M","M","R","BOSS"],"build_version":"2018-01-04-PROD1","purchased_purges":1,"victory":false,"master_deck":["Defend_G","Defend_G","Defend_G","Defend_G","Defend_G","Strike_G","Strike_G","Strike_G","Survivor","Neutralize","Adrenaline","Escape Plan","Dagger Throw","Footwork","Sucker Punch","Envenom","Envenom","Well Laid Plans","Well Laid Plans","After Image","Bane","Dagger Spray","Panache","Dagger Spray","Finisher","Escape Plan","Writhe","Backflip","PiercingWail","Heel Hook","Finisher","Tools of the Trade","Terror","Madness","Madness","Footwork","Blade Dance","Infinite Blades","Dagger Spray","Calculated Gamble"],"max_hp_per_floor":[70,70,70,70,70,70,70,70,70,70,70,70,70,70,70,70,70,70,70,70,75,75,75,75,75,75,75,75,75,75,75,75,75,75,75,75,75,75,75,75,75,75,75,75,75,75,75,75,75],"relics":["Ring of the Snake","Blood Vial","Ancient Tea Set","Sozu","Mummified Hand","Vajra","Regal Pillow","Question Card","Ice Cream","Calipers","Bag of Preparation"],"campfire_meditates":0,"card_choices":[{"not_picked":["Corpse Explosion","Unload"],"picked":"Adrenaline"},{"not_picked":["Dagger Spray","Footwork"],"picked":"Escape Plan"},{"not_picked":["Deflect","Dodge and Roll"],"picked":"Dagger Throw"},{"not_picked":["Dodge and Roll","Bane"],"picked":"Footwork"},{"not_picked":["Catalyst","Acrobatics"],"picked":"Sucker Punch"},{"not_picked":["Poisoned Stab","Blade Dance"],"picked":"Envenom"},{"not_picked":["Acrobatics","Caltrops"],"picked":"Envenom"},{"not_picked":["Acrobatics","Blur"],"picked":"Well Laid Plans"},{"not_picked":["Slice","Deflect"],"picked":"Well Laid Plans"},{"not_picked":["Doppelganger","A Thousand Cuts"],"picked":"After Image"},{"not_picked":["Flying Knee","Outmaneuver"],"picked":"Bane"},{"not_picked":["Outmaneuver","Underhanded Strike"],"picked":"Dagger Spray"},{"not_picked":["Poisoned Stab","Infinite Blades"],"picked":"Finisher"},{"not_picked":["Masterful Stab","Phantasmal Killer"],"picked":"Escape Plan"},{"not_picked":["Deflect","Acrobatics"],"picked":"Backflip"},{"not_picked":["Bouncing Flask","Slice"],"picked":"PiercingWail"},{"not_picked":["Malaise","Prepared"],"picked":"Heel Hook"},{"not_picked":["Deadly Poison","Deflect"],"picked":"Finisher"},{"not_picked":["Storm of Steel","Adrenaline"],"picked":"Tools of the Trade"},{"not_picked":["Poisoned Stab","Deadly Poison","Finisher"],"picked":"Terror"},{"not_picked":["Sucker Punch","Quick Slash","Flying Knee"],"picked":"Footwork"},{"not_picked":["Finisher","Endless Agony","Poisoned Stab"],"picked":"Dagger Spray"},{"not_picked":["Outmaneuver","Dagger Spray","Prepared"],"picked":"Calculated Gamble"}],"player_experience":103821,"potions_floor_usage":[7,11,16],"damage_taken":[{"damage":4,"enemies":"Blue Slaver","floor":1,"turns":5},{"damage":0,"enemies":"2 Louse","floor":2,"turns":3},{"damage":0,"enemies":"Cultist","floor":4,"turns":3},{"damage":0,"enemies":"Large Slime","floor":5,"turns":7},{"damage":4,"enemies":"Gremlin Gang","floor":7,"turns":4},{"damage":6,"enemies":"3 Sentries","floor":11,"turns":9},{"damage":0,"enemies":"Lots of Slimes","floor":13,"turns":4},{"damage":3,"enemies":"Exordium Thugs","floor":14,"turns":6},{"damage":21,"enemies":"The Guardian","floor":16,"turns":10},{"damage":15,"enemies":"Spheric Guardian","floor":18,"turns":7},{"damage":12,"enemies":"2 Thieves","floor":19,"turns":4},{"damage":9,"enemies":"3 Cultists","floor":22,"turns":5},{"damage":14,"enemies":"Slavers","floor":24,"turns":5},{"damage":6,"enemies":"Centurion and Healer","floor":28,"turns":5},{"damage":9,"enemies":"Sentry and Sphere","floor":29,"turns":5},{"damage":0,"enemies":"Slaver and Parasite","floor":30,"turns":5},{"damage":4,"enemies":"Snake Plant","floor":31,"turns":4},{"damage":32,"enemies":"Champ","floor":33,"turns":11},{"damage":5,"enemies":"Orb Walker","floor":35,"turns":5},{"damage":0,"enemies":"3 Darklings","floor":36,"turns":4},{"damage":37,"enemies":"4 Shapes","floor":38,"turns":9},{"damage":24,"enemies":"Mysterious Sphere","floor":41,"turns":5},{"damage":11,"enemies":"Sphere and 2 Shapes","floor":42,"turns":4},{"damage":11,"enemies":"3 Darklings","floor":44,"turns":3},{"damage":23,"enemies":"4 Shapes","floor":47,"turns":6},{"damage":3,"enemies":"Maw","floor":48,"turns":5},{"damage":106,"enemies":"Time Eater","floor":50,"turns":10}],"event_choices":[{"event_name":"Golden Wing","player_choice":"Card Removal","floor":3,"damage_taken":0},{"event_name":"Forgotten Altar","player_choice":"Shed Blood","floor":21,"damage_taken":0},{"event_name":"The Mausoleum","player_choice":"Yes","floor":25,"damage_taken":0},{"event_name":"Winding Halls","player_choice":"Embrace Madness","floor":37,"damage_taken":0},{"event_name":"Mysterious Sphere","player_choice":"Fight","floor":41,"damage_taken":0}],"boss_relics":[{"not_picked":["Cursed Key","Astrolabe"],"picked":"Sozu"},{"not_picked":["Tiny House","Philosopher\u0027s Stone"],"picked":"Question Card"}],"potions_floor_spawned":[1,5,7,14,24,29,31,33,38,44,47],"seed_played":"6674722892976018720","killed_by":"Time Eater","is_trial":false}