{"path_per_floor":["M","?","$","M","M","E","R","?","T","$","E","M","M","?","R","B",null,"M","?","M","M","?","R","E","R","T","M","$","M","M","T","R","B",null,"M","M","?","$","M","R","M","E","T","M","?","$","M","$","R"],"character_chosen":"THE_SILENT","items_purchased":["Flying Knee","Lantern","Dagger Throw","Apotheosis","Bottled Lightning","Dagger Throw"],"gold_per_floor":[111,111,62,75,93,123,123,298,298,22,53,64,82,82,82,180,180,164,164,176,196,196,196,230,230,230,245,39,54,70,143,143,240,270,290,307,307,15,34,34,53,87,87,107,107,7,20,20,20],"floor_reached":50,"campfire_rested":5,"playtime":5158,"current_hp_per_floor":[66,52,52,51,49,45,70,70,70,70,61,61,57,50,50,41,70,61,61,23,3,3,39,24,60,60,60,60,60,47,47,47,11,75,41,34,34,34,23,60,60,60,60,38,56,56,33,33,70],"items_purged":["Doubt","Writhe"],"gold":20,"play_id":"dab3598c-d2f5-4583-a8d6-809337cc9e2c","is_prod":false,"is_daily":false,"campfire_rituals":0,"campfire_upgraded":1,"is_hardmode":false,"path_taken":["M","?","?","M","?","E","R","?","T","$","E","M","M","?","R","BOSS","M","?","M","M","?","R","E","R","T","M","$","M","?","?","R","BOSS","M","M","?","?","M","R","?","E","T","M","?","$","M","$","R","BOSS"],"build_version":"2017-12-21-PROD1","purchased_purges":2,"victory":false,"master_deck":["Defend_G","Defend_G","Defend_G","Defend_G","Defend_G","Strike_G","Strike_G","Strike_G","Strike_G","Strike_G","Survivor","Neutralize","Outmaneuver","Flying Knee","Flying Knee","Sucker Punch","Footwork","Dash","Dagger Throw","Outmaneuver","Terror","Heel Hook","Tools of the Trade","Backflip","Bane","Jack Of All Trades","Phantasmal Killer","Heel Hook","Flying Knee","Flying Knee","Prepared","Apotheosis","Backflip","Flying Knee","Adrenaline","Flechettes","Escape Plan","Well Laid Plans","Dagger Throw","Prepared","Phantasmal Killer","Sucker Punch"],"max_hp_per_floor":[70,70,70,70,70,70,70,70,70,70,70,70,70,70,70,70,70,70,70,70,70,70,70,70,70,70,70,70,70,70,70,70,70,75,75,75,75,75,75,75,75,75,75,75,75,75,75,75,75],"relics":["Ring of the Snake","Regal Pillow","Frozen Eye","Lantern","Thread and Needle","Ancient Tea Set","Question Card","Toolbox","Shovel","Mercury Hourglass","Dodecahedron","Tiny House","Bottled Lightning","Toxic Egg","Girya"],"campfire_meditates":0,"card_choices":[{"not_picked":["Skewer","Dagger Spray"],"picked":"Outmaneuver"},{"not_picked":["Backflip","Acrobatics"],"picked":"Flying Knee"},{"not_picked":["PiercingWail","Endless Agony"],"picked":"Sucker Punch"},{"not_picked":["Dodge and Roll","Malaise"],"picked":"Footwork"},{"not_picked":["Endless Agony","Wraith Form"],"picked":"Dash"},{"not_picked":["Bane","Dash"],"picked":"Outmaneuver"},{"not_picked":["Backflip","Outmaneuver"],"picked":"Terror"},{"not_picked":["Predator","Deflect"],"picked":"Heel Hook"},{"not_picked":["Adrenaline","Glass Knife"],"picked":"Tools of the Trade"},{"not_picked":["Bane","Finisher","Skewer"],"picked":"Backflip"},{"not_picked":["Slice","Riddle With Holes","Distraction"],"picked":"Heel Hook"},{"not_picked":["Dodge and Roll","Backflip","Crippling Poison"],"picked":"Flying Knee"},{"not_picked":["Slice","Dagger Spray","Bane"],"picked":"Flying Knee"},{"not_picked":["Outmaneuver","Poisoned Stab","Deflect"],"picked":"Prepared"},{"not_picked":["Riddle With Holes","Endless Agony","PiercingWail"],"picked":"Backflip"},{"not_picked":["Choke","Leg Sweep","Heel Hook"],"picked":"Flying Knee"},{"not_picked":["Unload","Die Die Die","Glass Knife"],"picked":"Adrenaline"},{"not_picked":["Outmaneuver","Dodge and Roll","PiercingWail"],"picked":"Flechettes"},{"not_picked":["Dodge and Roll","Poisoned Stab","Calculated Gamble"],"picked":"Escape Plan"},{"not_picked":["Deflect","Escape Plan","Dash"],"picked":"Well Laid Plans"},{"not_picked":["Backstab","Terror","Bane"],"picked":"Prepared"},{"not_picked":["Dagger Spray","Endless Agony","Blade Dance"],"picked":"Phantasmal Killer"},{"not_picked":["Bullet Time","Slice","Prepared"],"picked":"Sucker Punch"}],"player_experience":41804,"potions_floor_usage":[16,16,24,29,30,33,36,36,39,42,50,50],"damage_taken":[{"damage":4,"enemies":"Cultist","floor":1,"turns":5},{"damage":1,"enemies":"Blue Slaver","floor":4,"turns":4},{"damage":2,"enemies":"Looter","floor":5,"turns":4},{"damage":4,"enemies":"Gremlin Nob","floor":6,"turns":5},{"damage":9,"enemies":"Lagavulin","floor":11,"turns":7},{"damage":0,"enemies":"Red Slaver","floor":12,"turns":3},{"damage":4,"enemies":"Large Slime","floor":13,"turns":5},{"damage":9,"enemies":"Hexaghost","floor":16,"turns":9},{"damage":9,"enemies":"2 Thieves","floor":18,"turns":4},{"damage":38,"enemies":"3 Byrds","floor":20,"turns":8},{"damage":20,"enemies":"Snake Plant","floor":21,"turns":7},{"damage":15,"enemies":"Book of Stabbing","floor":24,"turns":4},{"damage":0,"enemies":"Centurion and Healer","floor":27,"turns":6},{"damage":0,"enemies":"3 Cultists","floor":29,"turns":6},{"damage":13,"enemies":"Snecko","floor":30,"turns":7},{"damage":36,"enemies":"Collector","floor":33,"turns":6},{"damage":34,"enemies":"3 Shapes","floor":35,"turns":5},{"damage":16,"enemies":"3 Darklings","floor":36,"turns":6},{"damage":11,"enemies":"4 Shapes","floor":39,"turns":4},{"damage":0,"enemies":"Maw","floor":41,"turns":6},{"damage":0,"enemies":"Giant Head","floor":42,"turns":7},{"damage":22,"enemies":"Sphere and 2 Shapes","floor":44,"turns":4},{"damage":23,"enemies":"3 Darklings","floor":47,"turns":4},{"damage":75,"enemies":"Time Eater","floor":50,"turns":7}],"event_choices":[{"event_name":"Shining Light","player_choice":"Entered Light","floor":2,"damage_taken":0},{"event_name":"Liars Game","player_choice":"agreed","floor":8,"damage_taken":0},{"event_name":"Scrap Ooze","player_choice":"success","floor":14,"damage_taken":7},{"event_name":"Match and Keep!","player_choice":"3 cards matched","floor":19,"damage_taken":0},{"event_name":"Back to Basics","player_choice":"Simplicity","floor":22,"damage_taken":0},{"event_name":"Tomb of Lord Red Mask","player_choice":"Ignored","floor":37,"damage_taken":0},{"event_name":"Winding Halls","player_choice":"Writhe","floor":45,"damage_taken":0}],"boss_relics":[{"not_picked":["Runic Pyramid","Orrery"],"picked":"Question Card"},{"not_picked":["Velvet Choker","Calling Bell"],"picked":"Tiny House"}],"potions_floor_spawned":[5,11,12,13,20,27,29,33,35,41,42,44,47],"seed_played":"2157823089659304398","killed_by":"Time Eater","is_trial":false}