{"gold_per_floor":[117,129,145,3,3,28,42,42,95,95,126,138,151,168,168,267,267,280,295,311,14,14,45,45,10,34,34,62,91,129,41,41,146,146,157,32,46,46,64,64],"floor_reached":40,"playtime":4451,"items_purged":["Pain","Writhe","Normality"],"score":487,"play_id":"ba7a33af-f967-4ccc-a2c7-6827b15eac92","local_time":"20190107171732","is_ascension_mode":true,"campfire_choices":[{"data":"Terror","floor":8,"key":"SMITH"},{"data":"Sucker Punch","floor":10,"key":"SMITH"},{"data":"Flechettes","floor":15,"key":"SMITH"},{"floor":24,"key":"REST"},{"floor":32,"key":"REST"}],"neow_cost":"NONE","seed_source_timestamp":1119272132086356,"circlet_count":0,"master_deck":["Defend_G","Defend_G","Defend_G","Defend_G","Defend_G","Strike_G","Strike_G","Strike_G","Strike_G","Strike_G","Survivor","Neutralize","Terror+1","Deadly Poison","Predator","Poisoned Stab","Backflip","Blur","PiercingWail","Sucker Punch+1","Footwork","Dash","Flechettes+1","Poisoned Stab","After Image","Sucker Punch+1","Dagger Spray","Die Die Die","Noxious Fumes","Necronomicurse","Crippling Poison","Heel Hook","Backflip","Backflip","Crippling Poison","Adrenaline","Parasite","Pain","Sucker Punch+1","Skewer+1","Footwork+1"],"relics":["Eternal Feather","WarpedTongs","Bottled Lightning","Centennial Puzzle","Pen Nib","Lizard Tail","Blood Vial","Necronomicon","Girya","Strawberry","MawBank","Question Card","Calling Bell","Gambling Chip","Ninja Scroll","Boot"],"potions_floor_usage":[22,23,33,33,33,40],"damage_taken":[{"damage":7,"enemies":"Small Slimes","floor":1,"turns":5},{"damage":1,"enemies":"Cultist","floor":2,"turns":4},{"damage":1,"enemies":"Jaw Worm","floor":3,"turns":5},{"damage":12,"enemies":"Gremlin Nob","floor":6,"turns":4},{"damage":3,"enemies":"Large Slime","floor":7,"turns":7},{"damage":15,"enemies":"Lagavulin","floor":11,"turns":5},{"damage":8,"enemies":"Blue Slaver","floor":12,"turns":3},{"damage":5,"enemies":"2 Fungi Beasts","floor":13,"turns":2},{"damage":7,"enemies":"3 Louse","floor":14,"turns":3},{"damage":42,"enemies":"Hexaghost","floor":16,"turns":9},{"damage":3,"enemies":"Chosen","floor":18,"turns":6},{"damage":18,"enemies":"3 Byrds","floor":19,"turns":8},{"damage":17,"enemies":"3 Cultists","floor":20,"turns":6},{"damage":20,"enemies":"Gremlin Leader","floor":23,"turns":5},{"damage":18,"enemies":"Snake Plant","floor":28,"turns":2},{"damage":14,"enemies":"Chosen and Byrds","floor":29,"turns":5},{"damage":3,"enemies":"Book of Stabbing","floor":30,"turns":6},{"damage":71,"enemies":"Collector","floor":33,"turns":10},{"damage":25,"enemies":"3 Darklings","floor":35,"turns":4},{"damage":16,"enemies":"3 Shapes","floor":37,"turns":5},{"damage":22,"enemies":"3 Darklings","floor":39,"turns":6},{"damage":39,"enemies":"Giant Head","floor":40,"turns":9}],"seed_played":"-8017368522399934852","potions_obtained":[{"floor":1,"key":"Swift Potion"},{"floor":3,"key":"SpeedPotion"},{"floor":11,"key":"AttackPotion"},{"floor":20,"key":"Fruit Juice"},{"floor":23,"key":"Dexterity Potion"},{"floor":28,"key":"GamblersBrew"},{"floor":37,"key":"Regen Potion"}],"is_trial":false,"path_per_floor":["M","M","M","$","?","E","M","R","T","R","E","M","M","M","R","B",null,"M","M","M","$","?","E","R","$","T","?","M","M","E","$","R","B",null,"M","$","M","?","M","E"],"character_chosen":"THE_SILENT","items_purchased":["Poisoned Stab","Backflip","Blur","Blood Vial","Noxious Fumes","Heel Hook"],"campfire_rested":2,"item_purchase_floors":[4,4,4,21,21,25],"current_hp_per_floor":[63,62,61,61,61,49,46,58,58,70,55,47,42,35,50,8,70,67,49,32,32,21,3,43,43,50,50,34,22,21,21,66,41,82,57,57,43,43,23,0],"gold":64,"neow_bonus":"BOSS_RELIC","is_prod":false,"is_daily":false,"chose_seed":false,"campfire_upgraded":3,"win_rate":0,"timestamp":1546881452,"path_taken":["M","M","M","$","?","E","M","R","T","R","E","M","M","?","R","BOSS","M","M","M","?","?","E","R","$","T","?","M","M","E","$","R","BOSS","M","$","M","?","M","E"],"build_version":"2019-01-03v4","purchased_purges":3,"victory":false,"max_hp_per_floor":[70,70,70,70,70,70,70,70,70,70,70,70,70,70,70,70,70,70,70,70,70,75,75,75,75,82,82,82,82,82,82,82,82,82,82,82,82,78,78,78],"card_choices":[{"not_picked":["Finisher","Escape Plan"],"picked":"Terror","floor":1},{"not_picked":["Outmaneuver","Skewer"],"picked":"Deadly Poison","floor":2},{"not_picked":["Sucker Punch","Backstab"],"picked":"Predator","floor":3},{"not_picked":["Flechettes","Malaise"],"picked":"PiercingWail","floor":6},{"not_picked":["Catalyst","Infinite Blades"],"picked":"Sucker Punch","floor":7},{"not_picked":["Choke","Poisoned Stab"],"picked":"Footwork","floor":11},{"not_picked":["Expertise","Deadly Poison"],"picked":"Dash","floor":12},{"not_picked":["Finisher","Deflect"],"picked":"Flechettes","floor":13},{"not_picked":["Quick Slash","Escape Plan"],"picked":"Poisoned Stab","floor":14},{"not_picked":["Unload","Bullet Time"],"picked":"After Image","floor":16},{"not_picked":["Slice","PiercingWail"],"picked":"Sucker Punch+1","floor":18},{"not_picked":["Acrobatics","Backflip"],"picked":"Dagger Spray","floor":19},{"not_picked":["Deflect","Tactician"],"picked":"Die Die Die","floor":20},{"not_picked":["Acrobatics+1","Distraction"],"picked":"Crippling Poison","floor":23},{"not_picked":["Poisoned Stab","Underhanded Strike+1"],"picked":"Backflip","floor":28},{"not_picked":["Dagger Spray","Reflex"],"picked":"Backflip","floor":29},{"not_picked":["Calculated Gamble","Outmaneuver+1"],"picked":"Crippling Poison","floor":30},{"not_picked":["Venomology","A Thousand Cuts","Phantasmal Killer"],"picked":"Adrenaline","floor":33},{"not_picked":["Leg Sweep+1","Masterful Stab+1","Bouncing Flask"],"picked":"Sucker Punch+1","floor":35},{"not_picked":["Calculated Gamble+1","Reflex+1","Leg Sweep"],"picked":"Skewer+1","floor":37},{"not_picked":["Poisoned Stab+1","Quick Slash+1","Bouncing Flask"],"picked":"Footwork+1","floor":39}],"player_experience":47092,"relics_obtained":[{"floor":6,"key":"Bottled Lightning"},{"floor":9,"key":"Centennial Puzzle"},{"floor":11,"key":"Pen Nib"},{"floor":22,"key":"Necronomicon"},{"floor":23,"key":"Girya"},{"floor":26,"key":"Strawberry"},{"floor":30,"key":"Question Card"},{"floor":34,"key":"Gambling Chip"},{"floor":34,"key":"Ninja Scroll"},{"floor":34,"key":"Boot"}],"event_choices":[{"damage_healed":0,"gold_gain":0,"player_choice":"Rummage","damage_taken":0,"relics_obtained":["WarpedTongs"],"max_hp_gain":0,"max_hp_loss":0,"event_name":"Accursed Blacksmith","floor":5,"gold_loss":0,"cards_obtained":["Pain"]},{"damage_healed":0,"gold_gain":0,"player_choice":"Obtained Book","damage_taken":16,"max_hp_gain":0,"max_hp_loss":0,"event_name":"Cursed Tome","floor":22,"gold_loss":0},{"damage_healed":0,"gold_gain":0,"player_choice":"Opened","damage_taken":0,"relics_obtained":["MawBank"],"max_hp_gain":0,"max_hp_loss":0,"event_name":"The Mausoleum","floor":27,"gold_loss":0,"cards_obtained":["Writhe"]},{"damage_healed":0,"gold_gain":0,"player_choice":"Max HP","damage_taken":0,"max_hp_gain":0,"max_hp_loss":4,"event_name":"Winding Halls","floor":38,"gold_loss":0}],"is_beta":false,"boss_relics":[{"not_picked":["Black Star","Runic Pyramid"],"picked":"Lizard Tail"},{"not_picked":["Busted Crown","Sozu"],"picked":"Calling Bell"}],"items_purged_floors":[21,31,36],"is_endless":false,"potions_floor_spawned":[1,3,11,13,14,20,23,28,30,37],"killed_by":"Giant Head","ascension_level":1}