{"path_per_floor":["M","M","M","?","M","E","R","M","T","R","M","?","$","M","R","B",null,"M","M","$","M","?"],"character_chosen":"IRONCLAD","items_purchased":["Perfected Strike","Dead Branch","Shrug It Off"],"gold_per_floor":[114,129,144,144,159,189,189,204,204,204,219,394,274,289,289,389,389,404,389,39,54,78],"floor_reached":23,"campfire_rested":0,"playtime":1216,"current_hp_per_floor":[78,77,76,75,74,72,72,71,70,69,68,67,66,65,64,24,62,61,43,43,39,26],"items_purged":["Doubt"],"gold":78,"score":195,"play_id":"174ab6dc-5e55-4059-803f-2ebe608f99be","local_time":"20180318165807","daily_mods":["Allstar","Uncertain Future","Terminal"],"is_prod":false,"is_daily":true,"is_ascension_mode":false,"campfire_upgraded":3,"timestamp":1521413887,"path_taken":["M","M","?","?","M","E","R","M","T","R","M","?","$","M","R","BOSS","M","M","$","M","?","E"],"build_version":"2018-03-16","purchased_purges":1,"victory":false,"master_deck":["Strike_R","Strike_R","Strike_R","Defend_R","Defend_R","Defend_R","Defend_R","Bash+1","Dark Shackles","Secret Weapon","Headbutt","Flex","Cleave","Seeing Red","Cleave","Corruption+1","Dropkick","Rampage+1","Juggernaut","Pummel+1","Sword Boomerang+1","Warcry+1","Headbutt","Headbutt","Shrug It Off"],"max_hp_per_floor":[78,77,76,75,74,73,72,71,70,69,68,67,66,65,64,63,62,61,60,59,58,60],"relics":["Burning Blood","Ornamental Fan","Magic Flower","Astrolabe","Dead Branch","Red Mask"],"card_choices":[{"not_picked":["Clothesline","True Grit"],"picked":"Headbutt"},{"not_picked":["Combust","Intimidate"],"picked":"Flex"},{"not_picked":["Heavy Blade","Shockwave"],"picked":"Cleave"},{"not_picked":["Fire Breathing","Sword Boomerang"],"picked":"Seeing Red"},{"not_picked":["Carnage","Clothesline"],"picked":"Cleave"},{"not_picked":["Burning Pact","Rupture"],"picked":"Corruption"},{"not_picked":["Thunderclap","Immolate"],"picked":"Dropkick"},{"not_picked":["Reckless Charge","Armaments"],"picked":"Rampage"},{"not_picked":["Reaper","Exhume"],"picked":"Juggernaut"},{"not_picked":["Anger","Shockwave"],"picked":"Headbutt"},{"not_picked":["Twin Strike","Rampage"],"picked":"Headbutt"}],"player_experience":229439,"potions_floor_usage":[6,16,19,21,22,23],"damage_taken":[{"damage":4,"enemies":"Cultist","floor":1,"turns":4},{"damage":0,"enemies":"Small Slimes","floor":2,"turns":3},{"damage":0,"enemies":"2 Louse","floor":3,"turns":2},{"damage":2,"enemies":"2 Fungi Beasts","floor":5,"turns":3},{"damage":8,"enemies":"Lagavulin","floor":6,"turns":5},{"damage":0,"enemies":"3 Louse","floor":8,"turns":2},{"damage":3,"enemies":"Exordium Thugs","floor":11,"turns":5},{"damage":3,"enemies":"Blue Slaver","floor":14,"turns":2},{"damage":49,"enemies":"The Guardian","floor":16,"turns":10},{"damage":0,"enemies":"Chosen","floor":18,"turns":6},{"damage":27,"enemies":"2 Thieves","floor":19,"turns":4},{"damage":18,"enemies":"Snecko","floor":21,"turns":5},{"damage":32,"enemies":"Masked Bandits","floor":22,"turns":4},{"damage":25,"enemies":"Slavers","floor":23,"turns":4}],"event_choices":[{"event_name":"The Woman in Blue","player_choice":"Bought 0 Potions","floor":4,"damage_taken":0},{"event_name":"Liars Game","player_choice":"agreed","floor":12,"damage_taken":0},{"event_name":"Masked Bandits","player_choice":"Fought over 54 gold","floor":22,"damage_taken":0}],"boss_relics":[{"not_picked":["Runic Cube","Orrery"],"picked":"Astrolabe"}],"potions_floor_spawned":[1,3,8,11,14,19,22],"seed_played":"2953517847957516684","killed_by":"Slavers","ascension_level":0,"is_trial":false}