{"gold_per_floor":[114,114,189,35,35,74,99,99,99,24,24,24,58,83,83,212,212,225,225,245,0,0,0,0,0,26,26,65,164,197,222,222,222],"floor_reached":33,"playtime":1691,"items_purged":["Strike_B"],"score":453,"play_id":"d66345f4-5a00-4435-a9b1-dc9e66526a44","local_time":"20190112133211","is_ascension_mode":true,"campfire_choices":[{"data":"Chaos","floor":8,"key":"SMITH"},{"data":"Rainbow","floor":15,"key":"SMITH"},{"floor":23,"key":"REST"},{"floor":32,"key":"REST"}],"neow_cost":"NONE","seed_source_timestamp":1540534410414974,"circlet_count":0,"master_deck":["Strike_B","Defend_B","Defend_B","Defend_B","Defend_B","Zap","Dualcast","Cold Snap","Chaos+1","Redo","Rainbow+1","Steam Power","Rainbow","Defragment","Rebound+1","Stack","Turbo","Seek","Seek","Glacier"],"relics":["Cracked Core","NeowsBlessing","Golden Idol","Juzu Bracelet","Letter Opener","Smiling Mask","Mercury Hourglass","Lizard Tail","Nloth\u0027s Gift","Pantograph","Orichalcum","Strawberry","Centennial Puzzle"],"potions_floor_usage":[18,28,28,28,28,30,33],"damage_taken":[{"damage":0,"enemies":"2 Louse","floor":1,"turns":1},{"damage":0,"enemies":"Gremlin Nob","floor":6,"turns":1},{"damage":0,"enemies":"Jaw Worm","floor":7,"turns":1},{"damage":8,"enemies":"3 Sentries","floor":13,"turns":6},{"damage":0,"enemies":"Cultist","floor":14,"turns":2},{"damage":0,"enemies":"Slime Boss","floor":16,"turns":8},{"damage":15,"enemies":"Spheric Guardian","floor":18,"turns":3},{"damage":23,"enemies":"2 Thieves","floor":20,"turns":3},{"damage":31,"enemies":"Book of Stabbing","floor":28,"turns":5},{"damage":1,"enemies":"Gremlin Leader","floor":30,"turns":8},{"damage":6,"enemies":"3 Cultists","floor":31,"turns":5},{"damage":126,"enemies":"Champ","floor":33,"turns":13}],"seed_played":"-1428233699083560786","potions_obtained":[{"floor":1,"key":"Weak Potion"},{"floor":7,"key":"FocusPotion"},{"floor":16,"key":"Dexterity Potion"},{"floor":20,"key":"SpeedPotion"},{"floor":27,"key":"Energy Potion"},{"floor":27,"key":"EntropicBrew"},{"floor":31,"key":"EssenceOfSteel"}],"is_trial":false,"path_per_floor":["M","?","?","$","?","E","M","R","T","$","?","?","E","M","R","B",null,"M","?","M","$","?","R","?","?","T","?","E","?","E","M","R","B"],"character_chosen":"DEFECT","items_purchased":["Juzu Bracelet","Pantograph"],"campfire_rested":2,"item_purchase_floors":[4,21],"current_hp_per_floor":[75,57,46,46,71,71,71,71,71,71,64,64,56,56,56,56,70,55,55,32,32,32,54,54,54,54,54,30,30,29,23,47,0],"gold":222,"neow_bonus":"THREE_ENEMY_KILL","is_prod":false,"is_daily":false,"chose_seed":false,"campfire_upgraded":2,"win_rate":0,"timestamp":1547299931,"path_taken":["M","?","?","$","?","E","M","R","T","$","?","?","E","M","R","BOSS","M","?","M","$","?","R","?","?","T","?","E","?","E","M","R","BOSS"],"build_version":"2019-01-10","purchased_purges":1,"victory":false,"max_hp_per_floor":[75,75,75,75,75,75,75,75,75,75,75,75,75,75,75,75,75,75,75,75,75,75,75,75,75,75,75,82,82,82,82,82,82],"card_choices":[{"not_picked":["Beam Cell","BootSequence"],"picked":"Cold Snap","floor":1},{"not_picked":["Stack","Steam"],"picked":"Chaos","floor":6},{"not_picked":["Force Field","Barrage"],"picked":"Redo","floor":7},{"not_picked":["Compile Driver","Genetic Algorithm"],"picked":"Rainbow","floor":13},{"not_picked":["Cold Snap","Rebound"],"picked":"Steam Power","floor":14},{"not_picked":["Reboot","Core Surge"],"picked":"Rainbow","floor":16},{"not_picked":["Cold Snap","Sweeping Beam+1"],"picked":"Defragment","floor":18},{"not_picked":["Go for the Eyes+1","Double Energy"],"picked":"Rebound+1","floor":20},{"not_picked":["Hologram","Cold Snap"],"picked":"Seek","floor":28},{"not_picked":["Steam","Go for the Eyes"],"picked":"Seek","floor":30},{"not_picked":["Consume","Double Energy+1"],"picked":"Glacier","floor":31}],"player_experience":203043,"relics_obtained":[{"floor":6,"key":"Bronze Scales"},{"floor":9,"key":"Letter Opener"},{"floor":13,"key":"Mercury Hourglass"},{"floor":26,"key":"Orichalcum"},{"floor":28,"key":"Strawberry"},{"floor":30,"key":"Centennial Puzzle"}],"event_choices":[{"damage_healed":0,"gold_gain":0,"player_choice":"Take Damage","damage_taken":18,"relics_obtained":["Golden Idol"],"max_hp_gain":0,"max_hp_loss":0,"event_name":"Golden Idol","floor":2,"gold_loss":0},{"damage_healed":0,"gold_gain":75,"player_choice":"Gather Gold","damage_taken":11,"max_hp_gain":0,"max_hp_loss":0,"event_name":"World of Goop","floor":3,"gold_loss":0},{"damage_healed":25,"gold_gain":0,"player_choice":"Banana","damage_taken":0,"max_hp_gain":0,"max_hp_loss":0,"event_name":"Big Fish","floor":5,"gold_loss":0},{"damage_healed":0,"gold_gain":0,"player_choice":"Success","damage_taken":7,"relics_obtained":["Smiling Mask"],"max_hp_gain":0,"max_hp_loss":0,"event_name":"Scrap Ooze","floor":11,"gold_loss":0},{"damage_healed":0,"gold_gain":0,"player_choice":"Ignored","damage_taken":0,"max_hp_gain":0,"max_hp_loss":0,"event_name":"Liars Game","floor":12,"gold_loss":0},{"damage_healed":0,"gold_gain":0,"player_choice":"Traded Relic","damage_taken":0,"relics_obtained":["Nloth\u0027s Gift"],"max_hp_gain":0,"max_hp_loss":0,"event_name":"N\u0027loth","floor":19,"relics_lost":["Bronze Scales"],"gold_loss":0},{"damage_healed":0,"gold_gain":0,"player_choice":"Ignored","damage_taken":0,"max_hp_gain":0,"max_hp_loss":0,"event_name":"Ghosts","floor":22,"gold_loss":0},{"damage_healed":0,"gold_gain":0,"cards_transformed":["Strike_B","Strike_B"],"player_choice":"Became Test Subject","damage_taken":0,"max_hp_gain":0,"max_hp_loss":0,"event_name":"Drug Dealer","floor":25,"gold_loss":0,"cards_obtained":["Stack","Turbo"]},{"damage_healed":0,"gold_gain":0,"player_choice":"Got Potions","damage_taken":0,"max_hp_gain":0,"max_hp_loss":0,"event_name":"Lab","floor":27,"gold_loss":0},{"damage_healed":0,"gold_gain":99,"player_choice":"Stole From Cult","damage_taken":0,"max_hp_gain":0,"max_hp_loss":0,"event_name":"Nest","floor":29,"gold_loss":0}],"is_beta":false,"boss_relics":[{"not_picked":["Eternal Feather","Tiny House"],"picked":"Lizard Tail"}],"items_purged_floors":[10],"is_endless":false,"potions_floor_spawned":[1,7,16,20,31],"killed_by":"Champ","ascension_level":5}