{"path_per_floor":["M","?","M","M","M","R","?","R","T","R","M","R","M","M","R","B",null,"M","$","M","M","M","R","?","R","T","R","M","E","$","M","R","B",null,"M","M","T","M","?","R","M","$","T","R","M","?","M","E","R","B"],"character_chosen":"DEFECT","items_purchased":["Capacitor+1","Magnetism+1","Hello World+1","Cold Snap","Bag of Marbles"],"gold_per_floor":[211,211,224,242,252,252,252,252,252,252,266,266,279,293,293,390,390,401,249,267,281,295,295,445,445,471,471,483,512,96,108,108,207,207,224,242,242,257,257,257,276,3,71,71,89,89,99,134,134,134],"floor_reached":51,"campfire_rested":2,"playtime":7689,"item_purchase_floors":[],"current_hp_per_floor":[75,68,67,66,66,66,66,66,66,66,66,66,66,66,66,49,75,69,69,61,50,49,49,49,49,56,56,56,46,46,43,68,62,84,83,75,75,63,63,63,65,65,65,65,50,50,50,41,68,33],"items_purged":["Strike_B","Strike_B","Strike_B"],"gold":134,"score":668,"play_id":"9cb7428d-8d1b-476c-9fba-81739e152b0d","local_time":"20180611212038","is_prod":false,"is_daily":false,"chose_seed":false,"is_ascension_mode":false,"campfire_upgraded":10,"win_rate":0.0,"timestamp":1528762838,"campfire_choices":[{"data":"Defragment","floor":6.0,"key":"SMITH"},{"data":"BootSequence","floor":8.0,"key":"SMITH"},{"data":"Zap","floor":10.0,"key":"SMITH"},{"data":"White Noise","floor":12.0,"key":"SMITH"},{"data":"Streamline","floor":15.0,"key":"SMITH"},{"data":"Double Energy","floor":23.0,"key":"SMITH"},{"data":"Cold Snap","floor":25.0,"key":"SMITH"},{"data":"Dualcast","floor":27.0,"key":"SMITH"},{"floor":32.0,"key":"REST"},{"data":"Amplify","floor":40.0,"key":"SMITH"},{"data":"Cold Snap","floor":44.0,"key":"SMITH"},{"floor":49.0,"key":"REST"}],"path_taken":["M","?","M","M","M","R","?","R","T","R","M","R","M","M","R","BOSS","M","$","?","M","M","R","?","R","T","R","?","E","$","M","R","BOSS","M","M","?","M","?","R","M","$","T","R","M","?","?","E","R","BOSS"],"build_version":"2018-06-07v3","seed_source_timestamp":0,"purchased_purges":3,"victory":true,"master_deck":["Strike_B","Defend_B","Defend_B","Defend_B","Zap+1","Dualcast+1","Streamline+1","Defragment+1","Chill+1","BootSequence+1","White Noise+1","Double Energy+1","Echo Form+1","Coolheaded+1","Capacitor+1","Machine Learning+1","Cold Snap+1","Genetic Algorithm+1","Redo+1","Blizzard+1","Magnetism+1","Hello World+1","Cold Snap+1","Amplify+1","Coolheaded+1","Creative AI+1","Redo+1","Mind Blast","Loop+1"],"max_hp_per_floor":[75,75,75,75,75,75,75,75,75,75,75,75,75,75,75,75,75,75,75,75,75,75,75,75,75,82,82,82,82,82,84,84,84,84,84,86,86,86,86,86,88,88,88,88,88,88,88,90,90,90],"relics":["Cracked Core","Question Card","Frozen Egg 2","Nuclear Battery","Strawberry","Singing Bowl","Inserter","Matryoshka","Bag of Marbles","Bronze Scales","Pantograph","Shuriken"],"card_choices":[{"not_picked":["Tempest","Ball Lightning"],"picked":"Streamline","floor":1.0},{"not_picked":["Sweeping Beam","Blizzard","Stack"],"picked":"Defragment","floor":3.0},{"not_picked":["Leap","Lockon","Sweeping Beam"],"picked":"Chill","floor":4.0},{"not_picked":["Beam Cell","Consume","Doom and Gloom"],"picked":"BootSequence","floor":5.0},{"not_picked":["Beam Cell","Go for the Eyes","Leap"],"picked":"White Noise","floor":11.0},{"not_picked":["Steam","BootSequence","Rebound","Streamline"],"picked":"SKIP","floor":13.0},{"not_picked":["Compile Driver","Lockon","Seek"],"picked":"Double Energy","floor":14.0},{"not_picked":["Fission","Machine Learning+1","Electrodynamics+1"],"picked":"Echo Form+1","floor":16.0},{"not_picked":["Conserve Battery","Hologram","Leap"],"picked":"Coolheaded+1","floor":18.0},{"not_picked":["Ball Lightning","Leap","Steam Power"],"picked":"Machine Learning+1","floor":20.0},{"not_picked":["Streamline","Compile Driver","Tempest+1"],"picked":"Cold Snap","floor":21.0},{"not_picked":["Stack","Sweeping Beam","Tempest"],"picked":"Genetic Algorithm+1","floor":22.0},{"not_picked":["Machine Learning+1","Stack","Ball Lightning+1"],"picked":"Redo+1","floor":28.0},{"not_picked":["Beam Cell","Ball Lightning+1","Go for the Eyes"],"picked":"Blizzard+1","floor":29.0},{"not_picked":["Barrage","Compile Driver","Gash","Ball Lightning+1"],"picked":"Singing Bowl","floor":31.0},{"not_picked":["Thunder Strike","Fission","Biased Cognition+1"],"picked":"Amplify","floor":33.0},{"not_picked":["Doom and Gloom","Hello World+1","Streamline+1"],"picked":"Coolheaded+1","floor":35.0},{"not_picked":["Beam Cell+1","Ball Lightning+1","Genetic Algorithm","Hello World+1"],"picked":"Singing Bowl","floor":36.0},{"not_picked":["Cold Snap+1","Gash+1","Static Discharge+1"],"picked":"Creative AI+1","floor":38.0},{"not_picked":["Doom and Gloom","Barrage+1","Beam Cell","Stack"],"picked":"Singing Bowl","floor":41.0},{"not_picked":["Aggregate","Gash","Scrape"],"picked":"Redo+1","floor":45.0},{"not_picked":["Blind","Trip","Transmutation"],"picked":"Mind Blast","floor":46.0},{"not_picked":["Go for the Eyes+1","Rebound","Compile Driver"],"picked":"Loop+1","floor":47.0},{"not_picked":["Go for the Eyes+1","Force Field+1","Melter+1","Fusion+1"],"picked":"Singing Bowl","floor":48.0}],"player_experience":227635,"potions_floor_usage":[50,50,50],"damage_taken":[{"damage":0.0,"enemies":"Cultist","floor":1.0,"turns":3.0},{"damage":1.0,"enemies":"Jaw Worm","floor":3.0,"turns":3.0},{"damage":1.0,"enemies":"2 Louse","floor":4.0,"turns":3.0},{"damage":0.0,"enemies":"Large Slime","floor":5.0,"turns":5.0},{"damage":0.0,"enemies":"Blue Slaver","floor":11.0,"turns":3.0},{"damage":0.0,"enemies":"Gremlin Gang","floor":13.0,"turns":6.0},{"damage":0.0,"enemies":"Exordium Wildlife","floor":14.0,"turns":4.0},{"damage":24.0,"enemies":"The Guardian","floor":16.0,"turns":14.0},{"damage":6.0,"enemies":"2 Thieves","floor":18.0,"turns":4.0},{"damage":8.0,"enemies":"Spheric Guardian","floor":20.0,"turns":4.0},{"damage":11.0,"enemies":"3 Cultists","floor":21.0,"turns":9.0},{"damage":1.0,"enemies":"Snake Plant","floor":22.0,"turns":4.0},{"damage":0.0,"enemies":"Snecko","floor":28.0,"turns":6.0},{"damage":10.0,"enemies":"Book of Stabbing","floor":29.0,"turns":7.0},{"damage":5.0,"enemies":"Chosen and Byrds","floor":31.0,"turns":7.0},{"damage":6.0,"enemies":"Champ","floor":33.0,"turns":13.0},{"damage":1.0,"enemies":"3 Shapes","floor":35.0,"turns":5.0},{"damage":10.0,"enemies":"3 Darklings","floor":36.0,"turns":7.0},{"damage":12.0,"enemies":"Maw","floor":38.0,"turns":7.0},{"damage":0.0,"enemies":"Sphere and 2 Shapes","floor":41.0,"turns":7.0},{"damage":15.0,"enemies":"4 Shapes","floor":45.0,"turns":6.0},{"damage":0.0,"enemies":"3 Darklings","floor":47.0,"turns":5.0},{"damage":11.0,"enemies":"2 Orb Walkers","floor":48.0,"turns":4.0},{"damage":57,"enemies":"Time Eater","floor":50,"turns":10}],"relics_obtained":[{"floor":9.0,"key":"Frozen Egg 2"},{"floor":26.0,"key":"Strawberry"},{"floor":29.0,"key":"Singing Bowl"},{"floor":37.0,"key":"Matryoshka"},{"floor":43.0,"key":"Bronze Scales"},{"floor":43.0,"key":"Pantograph"},{"floor":48.0,"key":"Shuriken"}],"event_choices":[{"event_name":"Scrap Ooze","player_choice":"success","floor":2.0,"damage_taken":7.0},{"event_name":"Living Wall","player_choice":"Grow","floor":7.0,"damage_taken":0.0},{"event_name":"Nest","player_choice":"Stole From Cult","floor":24.0,"damage_taken":0.0},{"event_name":"Falling","player_choice":"Removed Skill","floor":39.0,"damage_taken":0.0},{"event_name":"SensoryStone","player_choice":"Memory 1","floor":46.0,"damage_taken":0.0}],"boss_relics":[{"not_picked":["Calling Bell","Runic Pyramid"],"picked":"Nuclear Battery"},{"not_picked":["Busted Crown","Runic Dome"],"picked":"Inserter"}],"items_purged_floors":[],"potions_floor_spawned":[4,11,13,16,20,21,22,28,36,38,48],"seed_played":"-7775743940425250575","ascension_level":0,"potions_obtained":[{"floor":4.0,"key":"SkillPotion"},{"floor":11.0,"key":"Poison Potion"},{"floor":13.0,"key":"SkillPotion"},{"floor":16.0,"key":"FearPotion"},{"floor":20.0,"key":"EssenceOfSteel"},{"floor":21.0,"key":"PowerPotion"},{"floor":22.0,"key":"FearPotion"},{"floor":28.0,"key":"FocusPotion"},{"floor":36.0,"key":"SteroidPotion"},{"floor":38.0,"key":"SkillPotion"},{"floor":48.0,"key":"Dexterity Potion"}],"is_trial":false}