{"gold_per_floor":[18,31,93,113,132,132,167,167,191,203,266,266,282,314,314,391,391,407,425,425,60,60,94,94,129,129,148,173,193,205,231,231,231],"floor_reached":33,"playtime":1098,"items_purged":["Strike_G"],"score":655,"play_id":"d5054fac-79b0-4cb0-a3cb-094ba6136ef6","local_time":"20190118145826","is_ascension_mode":true,"campfire_choices":[{"data":"Glass Knife","floor":6,"key":"SMITH"},{"data":"Backstab","floor":8,"key":"SMITH"},{"data":"Dagger Spray","floor":12,"key":"SMITH"},{"data":"Dash","floor":15,"key":"SMITH"},{"floor":24,"key":"REST"},{"floor":32,"key":"REST"}],"neow_cost":"NO_GOLD","seed_source_timestamp":2064724054603906,"circlet_count":0,"master_deck":["AscendersBane","Defend_G","Defend_G","Defend_G","Defend_G","Defend_G","Strike_G","Strike_G","Strike_G","Survivor","Neutralize","Glass Knife+1","Backstab+1","Deflect","Dash+1","Dagger Spray+1","Dagger Throw","Unload","Sucker Punch","Quick Slash","Reflex+1","PiercingWail","Skewer","Footwork+1","Slice"],"relics":["Ring of the Snake","PreservedInsect","Oddly Smooth Stone","Tiny Chest","Ninja Scroll","WristBlade","Torii","Shuriken","Smiling Mask","Strawberry","Incense Burner","Art of War","Ancient Tea Set"],"potions_floor_usage":[16,31,33],"damage_taken":[{"damage":0,"enemies":"Small Slimes","floor":1,"turns":2},{"damage":0,"enemies":"Cultist","floor":2,"turns":3},{"damage":0,"enemies":"Jaw Worm","floor":4,"turns":2},{"damage":0,"enemies":"3 Louse","floor":5,"turns":3},{"damage":11,"enemies":"3 Sentries","floor":7,"turns":8},{"damage":1,"enemies":"Exordium Wildlife","floor":10,"turns":2},{"damage":0,"enemies":"Gremlin Nob","floor":11,"turns":2},{"damage":0,"enemies":"Blue Slaver","floor":13,"turns":1},{"damage":17,"enemies":"Lagavulin","floor":14,"turns":4},{"damage":25,"enemies":"Hexaghost","floor":16,"turns":12},{"damage":0,"enemies":"2 Thieves","floor":18,"turns":2},{"damage":0,"enemies":"Chosen","floor":19,"turns":3},{"damage":23,"enemies":"Book of Stabbing","floor":23,"turns":5},{"damage":3,"enemies":"Slavers","floor":25,"turns":3},{"damage":0,"enemies":"Centurion and Healer","floor":27,"turns":5},{"damage":0,"enemies":"Gremlin Leader","floor":28,"turns":3},{"damage":17,"enemies":"Snake Plant","floor":29,"turns":3},{"damage":6,"enemies":"Snecko","floor":30,"turns":3},{"damage":4,"enemies":"Book of Stabbing","floor":31,"turns":3},{"damage":60,"enemies":"Collector","floor":33,"turns":6}],"seed_played":"1941253151326988154","potions_obtained":[{"floor":5,"key":"AttackPotion"},{"floor":7,"key":"SteroidPotion"},{"floor":10,"key":"GhostInAJar"},{"floor":18,"key":"SpeedPotion"},{"floor":31,"key":"Explosive Potion"}],"is_trial":false,"path_per_floor":["M","M","?","M","M","R","E","R","T","M","E","R","M","E","R","B",null,"M","M","?","$","T","E","R","E","T","M","E","M","M","E","R","B"],"character_chosen":"THE_SILENT","items_purchased":["Torii"],"campfire_rested":2,"item_purchase_floors":[21],"current_hp_per_floor":[63,63,63,63,63,63,52,52,52,51,51,51,51,34,34,9,55,55,55,55,55,55,32,53,57,57,57,57,40,34,30,53,0],"gold":231,"neow_bonus":"THREE_RARE_CARDS","is_prod":false,"is_daily":false,"chose_seed":false,"campfire_upgraded":4,"win_rate":0,"timestamp":1547823506,"path_taken":["M","M","?","M","M","R","E","R","T","M","E","R","M","E","R","BOSS","M","M","?","$","?","E","R","E","T","M","E","M","M","E","R","BOSS"],"build_version":"2019-01-17v2","purchased_purges":1,"victory":false,"max_hp_per_floor":[70,70,70,70,70,70,70,70,70,70,70,70,70,70,70,70,70,70,70,70,70,70,70,70,77,77,77,77,77,77,77,77,77],"card_choices":[{"not_picked":["Unload","A Thousand Cuts"],"picked":"Glass Knife","floor":0},{"not_picked":["Quick Slash","Dagger Spray"],"picked":"Backstab","floor":1},{"not_picked":["Heel Hook","Accuracy"],"picked":"Deflect","floor":2},{"not_picked":["Cloak And Dagger","Dagger Throw"],"picked":"Dash","floor":4},{"not_picked":["Dodge and Roll","Slice"],"picked":"Dagger Spray","floor":5},{"not_picked":["Eviscerate","Deadly Poison","Flechettes"],"picked":"SKIP","floor":7},{"not_picked":["Footwork","Bane"],"picked":"Dagger Throw","floor":10},{"not_picked":["Footwork","Blade Dance"],"picked":"Unload","floor":11},{"not_picked":["Backflip","Deflect","Cloak And Dagger"],"picked":"SKIP","floor":13},{"not_picked":["Outmaneuver","Infinite Blades"],"picked":"Sucker Punch","floor":14},{"not_picked":["Deflect","Endless Agony"],"picked":"Quick Slash","floor":18},{"not_picked":["Flechettes","All Out Attack"],"picked":"Reflex+1","floor":19},{"not_picked":["Backflip","Poisoned Stab+1"],"picked":"PiercingWail","floor":23},{"not_picked":["Well Laid Plans","Quick Slash"],"picked":"Skewer","floor":25},{"not_picked":["Prepared","Deadly Poison","Dagger Throw"],"picked":"SKIP","floor":27},{"not_picked":["Dagger Throw","Deadly Poison"],"picked":"Footwork+1","floor":28},{"not_picked":["After Image","Masterful Stab"],"picked":"Slice","floor":29},{"not_picked":["Quick Slash","Setup","Acrobatics"],"picked":"SKIP","floor":30},{"not_picked":["Slice","Malaise","Calculated Gamble"],"picked":"SKIP","floor":31}],"player_experience":408990,"relics_obtained":[{"floor":7,"key":"PreservedInsect"},{"floor":9,"key":"Oddly Smooth Stone"},{"floor":11,"key":"Tiny Chest"},{"floor":14,"key":"Ninja Scroll"},{"floor":22,"key":"Shuriken"},{"floor":23,"key":"Smiling Mask"},{"floor":25,"key":"Strawberry"},{"floor":26,"key":"Incense Burner"},{"floor":28,"key":"Art of War"},{"floor":31,"key":"Ancient Tea Set"}],"event_choices":[{"damage_healed":0,"gold_gain":62,"player_choice":"Gained Gold","damage_taken":0,"max_hp_gain":0,"max_hp_loss":0,"event_name":"Golden Wing","floor":3,"gold_loss":0},{"cards_removed":["Strike_G"],"damage_healed":0,"gold_gain":0,"player_choice":"Purged","damage_taken":0,"max_hp_gain":0,"max_hp_loss":0,"event_name":"Purifier","floor":20,"gold_loss":0}],"is_beta":false,"boss_relics":[{"not_picked":["White Beast Statue","Astrolabe"],"picked":"WristBlade"}],"items_purged_floors":[21],"is_endless":false,"potions_floor_spawned":[5,7,10,18,23,25,29,31],"killed_by":"Collector","ascension_level":13}