{"gold_per_floor":[116,191,17,179,210,250,262,291,303,315,337,98,98,125,125,196,196,215,215,234,234,334,334,369,369,369,382,12,12,12,12,12,87,87,107,126,126,0,18,18,37,37,37,51,51,69,69,69,69,69],"floor_reached":51,"playtime":1993,"items_purged":["Doubt","Defend_R"],"score":1421,"play_id":"abec0168-6f18-494a-b4ec-a9f0054b8a8a","local_time":"20180907150359","is_ascension_mode":true,"campfire_choices":[{"data":"Perfected Strike","floor":7,"key":"SMITH"},{"data":"Pommel Strike","floor":10,"key":"SMITH"},{"data":"Whirlwind","floor":13,"key":"SMITH"},{"data":"Bash","floor":15,"key":"SMITH"},{"floor":23,"key":"REST"},{"floor":25,"key":"REST"},{"floor":29,"key":"REST"},{"floor":32,"key":"REST"},{"floor":40,"key":"REST"},{"floor":42,"key":"REST"},{"floor":47,"key":"REST"},{"floor":49,"key":"REST"}],"neow_cost":"NONE","seed_source_timestamp":1988067486097391,"circlet_count":0,"master_deck":["Strike_R","Strike_R","Strike_R+1","Strike_R","Strike_R+1","Defend_R","Defend_R","Bash+1","AscendersBane","Perfected Strike+1","Pommel Strike+1","Battle Trance+1","Flex+1","Offering+1","Whirlwind+1","Limit Break+1","Perfected Strike+1","Flex+1","Exhume+1","Trip+1","Discovery+1","Swift Strike+1","Offering+1","Rage+1","Battle Trance+1","Twin Strike+1"],"relics":["Burning Blood","NeowsBlessing","MawBank","Toxic Egg 2","The Courier","Molten Egg 2","Mark of Pain","MutagenicStrength","Nunchaku","Letter Opener","Vajra","Darkstone Periapt","Whetstone","Empty Cage","StoneCalendar","Red Mask","Mercury Hourglass"],"potions_floor_usage":[16,16,16,22,33,33,35,37,48],"damage_taken":[{"damage":0,"enemies":"2 Louse","floor":1,"turns":1},{"damage":0,"enemies":"Small Slimes","floor":5,"turns":1},{"damage":0,"enemies":"Lagavulin","floor":6,"turns":1},{"damage":1,"enemies":"Cultist","floor":8,"turns":3},{"damage":7,"enemies":"Large Slime","floor":11,"turns":5},{"damage":16,"enemies":"Gremlin Nob","floor":14,"turns":3},{"damage":6,"enemies":"Slime Boss","floor":16,"turns":4},{"damage":20,"enemies":"Shell Parasite","floor":18,"turns":3},{"damage":6,"enemies":"2 Thieves","floor":20,"turns":1},{"damage":13,"enemies":"Colosseum Slavers","floor":22,"turns":2},{"damage":10,"enemies":"Colosseum Nobs","floor":22,"turns":3},{"damage":41,"enemies":"Book of Stabbing","floor":24,"turns":3},{"damage":12,"enemies":"Cultist and Chosen","floor":27,"turns":3},{"damage":12,"enemies":"Collector","floor":33,"turns":1},{"damage":35,"enemies":"3 Shapes","floor":35,"turns":1},{"damage":12,"enemies":"Orb Walker","floor":36,"turns":1},{"damage":23,"enemies":"Mind Bloom Boss Battle","floor":37,"turns":3},{"damage":12,"enemies":"Reptomancer","floor":39,"turns":1},{"damage":12,"enemies":"Transient","floor":41,"turns":5},{"damage":45,"enemies":"Sphere and 2 Shapes","floor":44,"turns":4},{"damage":6,"enemies":"Spire Growth","floor":46,"turns":2},{"damage":0,"enemies":"Maw","floor":48,"turns":2},{"damage":50,"enemies":"Awakened One","floor":50,"turns":4}],"seed_played":"-3875063313599121222","potions_obtained":[{"floor":5,"key":"Dexterity Potion"},{"floor":6,"key":"LiquidBronze"},{"floor":8,"key":"EntropicBrew"},{"floor":14,"key":"AttackPotion"},{"floor":18,"key":"EntropicBrew"},{"floor":22,"key":"Ancient Potion"},{"floor":27,"key":"Fire Potion"},{"floor":36,"key":"Fire Potion"},{"floor":39,"key":"SmokeBomb"}],"is_trial":false,"path_per_floor":["M","?","$","?","M","E","R","M","T","R","M","$","R","E","R","B",null,"M","?","M","?","?","R","E","R","T","M","$","R","?","?","R","B",null,"M","M","?","?","M","R","M","R","T","M","$","M","R","M","R","B"],"character_chosen":"IRONCLAD","items_purchased":["MawBank","Offering+1","Whirlwind","Whetstone","Exhume+1"],"campfire_rested":8,"item_purchase_floors":[3,12,12,28,28],"current_hp_per_floor":[74,63,63,63,69,75,75,75,75,75,74,74,74,64,64,64,72,58,58,58,58,47,69,34,56,56,50,50,72,37,16,40,34,69,40,34,26,26,20,44,38,62,62,23,23,23,47,53,77,33],"gold":69,"neow_bonus":"THREE_ENEMY_KILL","is_prod":false,"is_daily":false,"chose_seed":false,"campfire_upgraded":4,"win_rate":0,"timestamp":1536329039,"path_taken":["M","?","$","?","M","E","R","M","T","R","?","?","R","E","R","BOSS","M","?","M","?","?","R","E","R","T","?","$","R","?","?","R","BOSS","M","?","?","?","?","R","M","R","T","M","$","?","R","M","R","BOSS"],"build_version":"2018-09-06","purchased_purges":2,"victory":true,"max_hp_per_floor":[75,75,75,75,75,75,75,75,75,75,75,75,75,75,75,75,75,75,75,75,75,75,75,75,75,75,75,75,75,75,80,80,80,80,80,80,80,80,80,80,80,80,80,80,80,80,80,80,80,80],"card_choices":[{"not_picked":["Clothesline","Wild Strike"],"picked":"Perfected Strike","floor":1},{"not_picked":["Clash","Fire Breathing"],"picked":"Pommel Strike","floor":5},{"not_picked":["Heavy Blade","Body Slam"],"picked":"Battle Trance","floor":6},{"not_picked":["Hemokinesis","Wild Strike"],"picked":"Flex+1","floor":8},{"not_picked":["Cleave","Clash","Dual Wield+1"],"picked":"SKIP","floor":11},{"not_picked":["Metallicize","Iron Wave","Clash"],"picked":"SKIP","floor":14},{"not_picked":["Exhume+1","Bludgeon+1"],"picked":"Limit Break+1","floor":16},{"not_picked":["True Grit+1","Sword Boomerang+1"],"picked":"Perfected Strike+1","floor":18},{"not_picked":["Sword Boomerang+1","Shrug It Off+1","Evolve"],"picked":"SKIP","floor":20},{"not_picked":["Iron Wave+1","Havoc+1"],"picked":"Flex+1","floor":22},{"not_picked":["Sword Boomerang+1","Fire Breathing","Perfected Strike+1"],"picked":"SKIP","floor":24},{"not_picked":["Disarm+1","Feel No Pain","Clothesline+1"],"picked":"SKIP","floor":27},{"not_picked":["Juggernaut","Bludgeon+1"],"picked":"Offering+1","floor":33},{"not_picked":["Havoc+1","Shrug It Off+1"],"picked":"Rage+1","floor":35},{"not_picked":["Fire Breathing","Sever Soul+1","Havoc+1"],"picked":"SKIP","floor":36},{"not_picked":["Body Slam+1","Perfected Strike+1"],"picked":"Battle Trance+1","floor":37},{"not_picked":["Immolate+1","Body Slam+1"],"picked":"Twin Strike+1","floor":39},{"not_picked":["Cleave+1","Headbutt+1","Sentinel+1"],"picked":"SKIP","floor":41},{"not_picked":["Havoc+1","Fire Breathing","Wild Strike+1"],"picked":"SKIP","floor":44},{"not_picked":["Clash+1","Uppercut+1","Wild Strike+1"],"picked":"SKIP","floor":46}],"player_experience":317851,"relics_obtained":[{"floor":6,"key":"Toxic Egg 2"},{"floor":9,"key":"The Courier"},{"floor":14,"key":"Molten Egg 2"},{"floor":22,"key":"Nunchaku"},{"floor":22,"key":"Letter Opener"},{"floor":24,"key":"Vajra"},{"floor":26,"key":"Darkstone Periapt"},{"floor":37,"key":"StoneCalendar"},{"floor":43,"key":"Mercury Hourglass"}],"event_choices":[{"event_name":"World of Goop","player_choice":"Gather Gold","floor":2,"damage_taken":0},{"event_name":"Liars Game","player_choice":"agreed","floor":4,"damage_taken":0},{"event_name":"Drug Dealer","player_choice":"Inject Mutagens","floor":19,"damage_taken":0},{"event_name":"The Lab","player_choice":"Got Potions","floor":21,"damage_taken":0},{"event_name":"Colosseum","player_choice":"Fight","floor":22,"damage_taken":0},{"event_name":"Colosseum","player_choice":"Fought Nobs","floor":22,"damage_taken":0},{"event_name":"Knowing Skull","player_choice":"CARD CARD CARD CARD ","floor":30,"damage_taken":0},{"event_name":"Forgotten Altar","player_choice":"Shed Blood","floor":31,"damage_taken":0},{"event_name":"MindBloom","player_choice":"Fight","floor":37,"damage_taken":0},{"event_name":"Tomb of Lord Red Mask","player_choice":"Paid","floor":38,"damage_taken":0}],"is_beta":false,"boss_relics":[{"not_picked":["Astrolabe","Velvet Choker"],"picked":"Mark of Pain"},{"not_picked":["Sozu","Runic Cube"],"picked":"Empty Cage"}],"items_purged_floors":[12,28],"is_endless":false,"potions_floor_spawned":[5,6,8,14,18,22,22,27,33,36,39,44,48],"ascension_level":16}