{"gold_per_floor":[116,191,209,226,226,32,46,62,89,89,89,130,145,160,160,160],"floor_reached":16,"playtime":729,"items_purged":[],"score":156,"play_id":"afb3312f-02a1-4e0b-ba5e-d00fd41a3c25","local_time":"20190114222656","is_ascension_mode":true,"campfire_choices":[{"floor":15.0,"key":"REST"}],"neow_cost":"NONE","seed_source_timestamp":0,"circlet_count":0,"master_deck":["AscendersBane","Defend_G","Defend_G","Defend_G","Defend_G","Strike_G","Strike_G","Strike_G","Strike_G","Strike_G+1","Survivor","Neutralize","Escape Plan","Deflect","Cloak And Dagger","Blur","Deflect","Backflip","Caltrops"],"special_seed":0,"relics":["Ring of the Snake","Smiling Mask","Golden Idol","Lee\u0027s Waffle","Snake Skull","Regal Pillow"],"potions_floor_usage":[16,16],"damage_taken":[{"damage":1.0,"enemies":"Jaw Worm","floor":1.0,"turns":6.0},{"damage":6.0,"enemies":"2 Louse","floor":3.0,"turns":4.0},{"damage":0.0,"enemies":"Small Slimes","floor":4.0,"turns":3.0},{"damage":6.0,"enemies":"3 Louse","floor":7.0,"turns":6.0},{"damage":20.0,"enemies":"Lots of Slimes","floor":8.0,"turns":6.0},{"damage":20.0,"enemies":"3 Sentries","floor":12.0,"turns":15.0},{"damage":1.0,"enemies":"Looter","floor":13.0,"turns":4.0},{"damage":13.0,"enemies":"3 Louse","floor":14.0,"turns":7.0},{"damage":42,"enemies":"Hexaghost","floor":16,"turns":15}],"seed_played":"8640777805397527963","potions_obtained":[{"floor":1.0,"key":"Poison Potion"},{"floor":3.0,"key":"Swift Potion"},{"floor":14.0,"key":"LiquidBronze"}],"is_trial":false,"path_per_floor":["M","?","M","M","?","$","M","M","T","?","?","E","M","M","R","B"],"character_chosen":"THE_SILENT","items_purchased":["Lee\u0027s Waffle"],"campfire_rested":1,"item_purchase_floors":[6],"current_hp_per_floor":[62,51,45,45,45,72,66,46,46,39,39,19,18,5,41,0],"gold":160,"neow_bonus":"RANDOM_COMMON_RELIC","is_prod":false,"is_daily":false,"chose_seed":false,"campfire_upgraded":0,"win_rate":0,"timestamp":1547504816,"path_taken":["M","?","M","M","?","$","M","M","T","?","?","E","M","M","R","BOSS"],"build_version":"2019-01-10","purchased_purges":0,"victory":false,"max_hp_per_floor":[70,70,70,70,65,72,72,72,72,72,72,72,72,72,72,72],"card_choices":[{"not_picked":["Distraction","Blade Dance","Concentrate"],"picked":"SKIP","floor":1.0},{"not_picked":["Slice","PiercingWail"],"picked":"Escape Plan","floor":3.0},{"not_picked":["Deadly Poison","PiercingWail"],"picked":"Deflect","floor":4.0},{"not_picked":["Venomology","Outmaneuver"],"picked":"Cloak And Dagger","floor":7.0},{"not_picked":["Deadly Poison","Deflect"],"picked":"Blur","floor":8.0},{"not_picked":["Tools of the Trade","Catalyst"],"picked":"Deflect","floor":12.0},{"not_picked":["Flechettes","Leg Sweep"],"picked":"Backflip","floor":13.0},{"not_picked":["Deflect","Leg Sweep"],"picked":"Caltrops","floor":14.0}],"player_experience":310293,"relics_obtained":[{"floor":9.0,"key":"Snake Skull"},{"floor":12.0,"key":"Regal Pillow"}],"event_choices":[{"damage_healed":0.0,"max_hp_gain":0.0,"max_hp_loss":0.0,"gold_gain":75.0,"event_name":"World of Goop","player_choice":"Gather Gold","floor":2.0,"gold_loss":0.0,"damage_taken":11.0},{"damage_healed":0.0,"max_hp_gain":0.0,"max_hp_loss":5.0,"gold_gain":0.0,"event_name":"Golden Idol","player_choice":"Lose Max HP","floor":5.0,"gold_loss":0.0,"damage_taken":0.0,"relics_obtained":["Golden Idol"]},{"cards_removed":["Defend_G"],"damage_healed":0.0,"max_hp_gain":0.0,"max_hp_loss":0.0,"gold_gain":0.0,"event_name":"Golden Wing","player_choice":"Card Removal","floor":10.0,"gold_loss":0.0,"damage_taken":7.0},{"damage_healed":0.0,"max_hp_gain":0.0,"max_hp_loss":0.0,"gold_gain":0.0,"event_name":"Upgrade Shrine","player_choice":"Upgraded","floor":11.0,"gold_loss":0.0,"damage_taken":0.0,"cards_upgraded":["Strike_G"]}],"is_beta":false,"boss_relics":[],"items_purged_floors":[],"is_endless":false,"potions_floor_spawned":[1,3,14],"killed_by":"Hexaghost","ascension_level":10}