{"path_per_floor":["M","?","M","?","M","R","E","R","T","M","$","?","R","M","R","B",null,"M","M","$","?","M","R","E","R","T","M"],"character_chosen":"IRONCLAD","items_purchased":["Battle Trance","Lantern"],"gold_per_floor":[116,116,130,130,145,145,180,180,180,199,49,49,49,62,62,158,158,174,184,34,34,46,46,77,77,128,146],"floor_reached":28,"campfire_rested":4,"playtime":1085,"current_hp_per_floor":[65,49,48,48,40,64,54,54,54,38,38,38,61,57,77,73,76,77,75,75,75,70,76,9,38,38,14],"items_purged":["Parasite"],"gold":146,"score":357,"play_id":"ccef8110-e3fe-44c1-b2fd-51d4441af42e","is_prod":false,"is_daily":false,"is_ascension_mode":true,"campfire_upgraded":2,"path_taken":["M","?","M","?","M","R","E","R","T","M","$","?","R","M","R","BOSS","M","?","$","?","M","R","E","R","T","?","M"],"build_version":"2018-02-22-PROD2","purchased_purges":1,"victory":false,"master_deck":["Strike_R","Strike_R","Strike_R","Strike_R","Strike_R+1","Defend_R+1","Defend_R+1","Defend_R","Defend_R","Bash","Double Tap","Burning Pact","Perfected Strike+1","Pommel Strike+1","Perfected Strike+1","Battle Trance+1","Normality","Brutality","Warcry+1"],"max_hp_per_floor":[80,80,80,80,80,80,80,80,80,80,77,77,77,77,77,77,77,77,77,77,77,77,77,77,77,77,77],"relics":["Burning Blood","Letter Opener","Vajra","War Paint","Eternal Feather","Lantern","Pen Nib","Ancient Tea Set"],"card_choices":[{"not_picked":["Anger","True Grit"],"picked":"Burning Pact"},{"not_picked":["Iron Wave","Intimidate"],"picked":"Perfected Strike"},{"not_picked":["Thunderclap","Flame Barrier"],"picked":"Pommel Strike"},{"not_picked":["Burning Pact","True Grit"],"picked":"Perfected Strike"},{"not_picked":["Barricade","Juggernaut"],"picked":"Brutality"},{"not_picked":["Seeing Red","Sword Boomerang"],"picked":"Warcry"}],"player_experience":168014,"potions_floor_usage":[7,16,24],"damage_taken":[{"damage":13.0,"enemies":"Jaw Worm","floor":1.0,"turns":4.0},{"damage":7.0,"enemies":"Small Slimes","floor":3.0,"turns":4.0},{"damage":14,"enemies":"Red Slaver","floor":5,"turns":3},{"damage":16,"enemies":"Gremlin Nob","floor":7,"turns":3},{"damage":22,"enemies":"Lots of Slimes","floor":10,"turns":3},{"damage":10,"enemies":"3 Louse","floor":14,"turns":3},{"damage":10,"enemies":"Slime Boss","floor":16,"turns":6},{"damage":1,"enemies":"Spheric Guardian","floor":18,"turns":2},{"damage":8,"enemies":"Chosen","floor":19,"turns":4},{"damage":11,"enemies":"Snecko","floor":22,"turns":3},{"damage":73,"enemies":"Slavers","floor":24,"turns":8},{"damage":30,"enemies":"Snake Plant","floor":27,"turns":3},{"damage":17,"enemies":"Sentry and Sphere","floor":28,"turns":3}],"event_choices":[{"event_name":"Shining Light","player_choice":"Entered Light","floor":2.0,"damage_taken":0.0},{"event_name":"Upgrade Shrine","player_choice":"Upgraded","floor":4,"damage_taken":0},{"event_name":"Accursed Blacksmith","player_choice":"Rummage","floor":12,"damage_taken":0},{"event_name":"Addict","player_choice":"Ignored","floor":21,"damage_taken":0}],"boss_relics":[{"not_picked":["Runic Cube","Runic Pyramid"],"picked":"Eternal Feather"}],"potions_floor_spawned":[1,7,19],"seed_played":"-7918767303011373174","killed_by":"Sentry and Sphere","ascension_level":10,"is_trial":false}