{"gold_per_floor":[109,121,132,58,72,72,100,111,111,111,143,143,100,25,25,155,155,170,170,193,218,233,233],"floor_reached":23,"playtime":1864,"items_purged":["Sunder"],"score":233,"play_id":"e56c3955-e248-47e3-aed8-1ca30f9b027e","local_time":"20190109230942","is_ascension_mode":true,"campfire_choices":[{"data":"Coolheaded","floor":6,"key":"SMITH"},{"floor":10,"key":"REST"},{"floor":15,"key":"REST"}],"neow_cost":"NONE","seed_source_timestamp":1315765894216997,"circlet_count":0,"master_deck":["Strike_B","Strike_B","Strike_B","Defend_B","Defend_B","Defend_B","Defend_B","Zap","Dualcast","Sweeping Beam","Hello World","Gash","Coolheaded+1","Gash","Hologram","Stack","Conserve Battery","Leap","Double Energy","Compile Driver"],"special_seed":0,"relics":["Cracked Core","Anchor","StoneCalendar","Gremlin Horn","Unceasing Top","Golden Idol","Sozu"],"potions_floor_usage":[7,21,21,22],"damage_taken":[{"damage":1,"enemies":"Cultist","floor":1,"turns":3},{"damage":0,"enemies":"2 Louse","floor":2,"turns":2},{"damage":15,"enemies":"Small Slimes","floor":3,"turns":4},{"damage":9,"enemies":"Exordium Thugs","floor":5,"turns":4},{"damage":30,"enemies":"3 Sentries","floor":7,"turns":5},{"damage":0,"enemies":"Looter","floor":8,"turns":4},{"damage":33,"enemies":"Gremlin Nob","floor":11,"turns":4},{"damage":16,"enemies":"Slime Boss","floor":16,"turns":7},{"damage":10,"enemies":"3 Byrds","floor":18,"turns":4},{"damage":16,"enemies":"Spheric Guardian","floor":20,"turns":5},{"damage":0,"enemies":"Shelled Parasite and Fungi","floor":21,"turns":7},{"damage":26,"enemies":"3 Cultists","floor":22,"turns":6},{"damage":21,"enemies":"Slavers","floor":23,"turns":2}],"seed_played":"-7876316931308373728","potions_obtained":[{"floor":2,"key":"PowerPotion"},{"floor":7,"key":"Explosive Potion"},{"floor":8,"key":"Swift Potion"},{"floor":11,"key":"Ancient Potion"}],"is_trial":false,"path_per_floor":["M","M","M","$","M","R","E","M","T","R","E","?","?","$","R","B",null,"M","?","M","M","M","E"],"character_chosen":"DEFECT","items_purchased":["Gash","Coolheaded"],"campfire_rested":2,"item_purchase_floors":[4,4],"current_hp_per_floor":[74,74,59,59,50,50,20,20,20,42,9,9,9,9,29,13,69,59,59,43,43,17,0],"gold":233,"neow_bonus":"RANDOM_COMMON_RELIC","is_prod":false,"is_daily":false,"chose_seed":false,"campfire_upgraded":1,"win_rate":0,"timestamp":1547075382,"path_taken":["M","?","M","?","M","R","E","M","T","R","E","?","?","$","R","BOSS","M","?","M","?","M","E"],"build_version":"2019-01-03v4","purchased_purges":1,"victory":false,"max_hp_per_floor":[75,75,75,75,75,75,75,75,75,75,75,69,69,69,69,69,69,69,69,69,69,69,69],"card_choices":[{"not_picked":["Gash","Leap"],"picked":"Sweeping Beam","floor":1},{"not_picked":["Compile Driver","Hologram"],"picked":"Hello World","floor":2},{"not_picked":["Fusion","Redo"],"picked":"Sunder","floor":3},{"not_picked":["Rebound","Static Discharge"],"picked":"Gash","floor":5},{"not_picked":["Steam","Reboot"],"picked":"Hologram","floor":7},{"not_picked":["Ball Lightning","Auto Shields"],"picked":"Stack","floor":8},{"not_picked":["Stack","All For One","Loop"],"picked":"SKIP","floor":11},{"not_picked":["Stack+1","Darkness"],"picked":"Conserve Battery","floor":18},{"not_picked":["Coolheaded+1","Capacitor"],"picked":"Leap","floor":20},{"not_picked":["Heatsinks+1","Aggregate"],"picked":"Double Energy","floor":21},{"not_picked":["Capacitor","Hologram+1"],"picked":"Compile Driver","floor":22}],"player_experience":134127,"relics_obtained":[{"floor":7,"key":"StoneCalendar"},{"floor":9,"key":"Gremlin Horn"},{"floor":11,"key":"Unceasing Top"}],"event_choices":[{"damage_healed":0,"gold_gain":0,"player_choice":"Lose Max HP","damage_taken":0,"relics_obtained":["Golden Idol"],"max_hp_gain":0,"max_hp_loss":6,"event_name":"Golden Idol","floor":12,"gold_loss":0},{"damage_healed":0,"gold_gain":0,"player_choice":"Left Gold","damage_taken":0,"max_hp_gain":0,"max_hp_loss":0,"event_name":"World of Goop","floor":13,"gold_loss":43},{"cards_removed":["Strike_B"],"damage_healed":0,"gold_gain":0,"player_choice":"Card Removal","damage_taken":0,"max_hp_gain":0,"max_hp_loss":0,"event_name":"Wheel of Change","floor":19,"gold_loss":0}],"is_beta":false,"boss_relics":[{"not_picked":["Philosopher\u0027s Stone","Eternal Feather"],"picked":"Sozu"}],"items_purged_floors":[14],"is_endless":false,"potions_floor_spawned":[2,7,8,11,18,22],"killed_by":"Slavers","ascension_level":3}