{"path_per_floor":["M","M","?","M","M","R","M","R","T","M","R","E","R","M","R","B",null,"M","?","M","$","M","E","R","?","T"],"character_chosen":"IRONCLAD","items_purchased":["Heavy Blade","Inflame","Headbutt"],"gold_per_floor":[111,127,127,140,156,156,172,172,172,183,183,210,210,227,227,329,329,341,256,276,138,151,480,480,480,480],"floor_reached":27,"campfire_rested":2,"playtime":1179,"current_hp_per_floor":[70,69,69,74,66,66,68,68,68,64,64,42,67,67,67,41,92,96,96,72,72,48,10,38,22,22],"items_purged":[],"gold":480,"play_id":"0760779f-0219-4e30-add5-4c42eb78e2be","is_prod":false,"is_daily":false,"campfire_rituals":0,"campfire_upgraded":4,"is_hardmode":false,"path_taken":["M","M","?","M","?","R","M","R","T","M","R","E","R","M","R","BOSS","M","?","?","?","M","E","R","?","T","M"],"build_version":"2017-12-21-PROD1","purchased_purges":0,"victory":false,"master_deck":["Strike_R","Strike_R","Strike_R","Strike_R","Defend_R","Defend_R","Defend_R","Defend_R","Bash","Whirlwind","Inflame","Anger","Cleave","Perfected Strike","Feed","Flex","Clash","Carnage","Double Tap","Inflame","Perfected Strike","Heavy Blade","Inflame","Headbutt","Infernal Blade","Heavy Blade"],"max_hp_per_floor":[80,80,80,80,80,80,80,80,80,80,80,84,84,88,88,92,92,96,96,96,96,96,96,96,96,96],"relics":["Burning Blood","Sundial","Pen Nib","White Beast Statue","Omamori","Old Coin","Nilry\u0027s Codex","Oddly Smooth Stone"],"campfire_meditates":0,"card_choices":[{"not_picked":["Blood for Blood","Cleave"],"picked":"Whirlwind"},{"not_picked":["Corruption","Carnage"],"picked":"Inflame"},{"not_picked":["Armaments","Thunderclap"],"picked":"Cleave"},{"not_picked":["True Grit","Metallicize"],"picked":"Perfected Strike"},{"not_picked":["Ghostly Armor","Searing Blow"],"picked":"Feed"},{"not_picked":["Heavy Blade","Iron Wave"],"picked":"Flex"},{"not_picked":["Cleave","Clothesline"],"picked":"Clash"},{"not_picked":["Reckless Charge","Rupture"],"picked":"Carnage"},{"not_picked":["Bludgeon","Berserk"],"picked":"Double Tap"},{"not_picked":["Shrug It Off","Clash"],"picked":"Inflame"},{"not_picked":["Seeing Red","Blood for Blood"],"picked":"Perfected Strike"},{"not_picked":["Thunderclap","Searing Blow"],"picked":"Infernal Blade"},{"not_picked":["Shrug It Off","Body Slam"],"picked":"Heavy Blade"}],"player_experience":90980,"potions_floor_usage":[16,16,23],"damage_taken":[{"damage":16,"enemies":"Blue Slaver","floor":1,"turns":4},{"damage":7,"enemies":"Looter","floor":2,"turns":5},{"damage":1,"enemies":"Cultist","floor":4,"turns":3},{"damage":14,"enemies":"2 Fungi Beasts","floor":5,"turns":3},{"damage":4,"enemies":"Gremlin Gang","floor":7,"turns":3},{"damage":10,"enemies":"Lots of Slimes","floor":10,"turns":2},{"damage":32,"enemies":"3 Sentries","floor":12,"turns":4},{"damage":10,"enemies":"2 Fungi Beasts","floor":14,"turns":3},{"damage":36,"enemies":"Hexaghost","floor":16,"turns":6},{"damage":1,"enemies":"3 Byrds","floor":18,"turns":3},{"damage":30,"enemies":"2 Thieves","floor":20,"turns":4},{"damage":30,"enemies":"Centurion and Healer","floor":22,"turns":3},{"damage":44,"enemies":"Slavers","floor":23,"turns":3},{"damage":24,"enemies":"Slaver and Parasite","floor":27,"turns":3}],"event_choices":[{"event_name":"Transmorgrifier","player_choice":"Transform","floor":3,"damage_taken":0},{"event_name":"Addict","player_choice":"Obtained Relic","floor":19,"damage_taken":0},{"event_name":"Cursed Tome","player_choice":"Obtained Book","floor":25,"damage_taken":0}],"boss_relics":[{"not_picked":["Mark of Pain","Runic Cube"],"picked":"White Beast Statue"}],"potions_floor_spawned":[1,2,14,16,18,20,22,23],"seed_played":"1438263234084813862","killed_by":"Slaver and Parasite","is_trial":false}