{"path_per_floor":["M","M","?","M","M","E","?","R","T","M","E","?","M","M","R","B",null,"M","M","?","M"],"character_chosen":"THE_SILENT","items_purchased":[],"gold_per_floor":[119,135,135,154,169,204,279,279,279,291,316,266,286,303,303,400,400,415,431,431,451],"floor_reached":22,"campfire_rested":2,"playtime":2121,"current_hp_per_floor":[70,70,56,56,68,34,23,44,44,44,36,36,35,26,47,32,70,54,45,45,27],"items_purged":[],"gold":451,"play_id":"45195513-3216-454e-9f42-9a24858ba43a","is_prod":false,"is_daily":false,"campfire_rituals":0,"campfire_upgraded":0,"is_hardmode":false,"path_taken":["M","M","?","M","M","E","?","R","T","M","E","?","M","M","R","BOSS","M","M","?","?","M"],"build_version":"2018-01-04-PROD1","purchased_purges":0,"victory":false,"master_deck":["Defend_G","Defend_G","Defend_G","Defend_G","Defend_G","Strike_G","Strike_G","Strike_G","Strike_G","Survivor","Neutralize","Catalyst","Deadly Poison","Infinite Blades","Adrenaline","Burst","Footwork","Escape Plan","Poisoned Stab","Bane","Bane","Poisoned Stab"],"max_hp_per_floor":[70,70,70,70,70,70,70,70,70,70,70,70,70,70,70,70,70,70,70,70,70],"relics":["Ring of the Snake","Ancient Tea Set","Thread and Needle","Centennial Puzzle","Orrery"],"campfire_meditates":0,"card_choices":[{"not_picked":["Deflect","Outmaneuver"],"picked":"Catalyst"},{"not_picked":["Bane","Flechettes"],"picked":"Deadly Poison"},{"not_picked":["Slice","Accuracy"],"picked":"Infinite Blades"},{"not_picked":["Caltrops","PiercingWail"],"picked":"Adrenaline"},{"not_picked":["Backflip","Deadly Poison"],"picked":"Burst"},{"not_picked":["Underhanded Strike","Distraction"],"picked":"Footwork"},{"not_picked":["Flying Knee","Dagger Spray"],"picked":"Escape Plan"},{"not_picked":["Predator","Blade Dance"],"picked":"Poisoned Stab"},{"not_picked":["A Thousand Cuts","Escape Plan"],"picked":"Bane"},{"not_picked":["Deflect","Blade Dance"],"picked":"Bane"},{"not_picked":["Dagger Spray","Prepared"],"picked":"Poisoned Stab"}],"player_experience":151415,"potions_floor_usage":[5,6,16,18,22],"damage_taken":[{"damage":0,"enemies":"Small Slimes","floor":1,"turns":4},{"damage":0,"enemies":"Jaw Worm","floor":2,"turns":5},{"damage":0,"enemies":"2 Louse","floor":4,"turns":3},{"damage":0,"enemies":"Large Slime","floor":5,"turns":6},{"damage":34,"enemies":"3 Sentries","floor":6,"turns":9},{"damage":0,"enemies":"Looter","floor":10,"turns":3},{"damage":8,"enemies":"Lagavulin","floor":11,"turns":9},{"damage":1,"enemies":"Exordium Thugs","floor":13,"turns":6},{"damage":9,"enemies":"Gremlin Gang","floor":14,"turns":7},{"damage":15,"enemies":"The Guardian","floor":16,"turns":10},{"damage":16,"enemies":"Chosen","floor":18,"turns":5},{"damage":9,"enemies":"3 Byrds","floor":19,"turns":7},{"damage":18,"enemies":"Snecko","floor":21,"turns":5},{"damage":29,"enemies":"Slaver and Parasite","floor":22,"turns":5}],"event_choices":[{"event_name":"Shining Light","player_choice":"Entered Light","floor":3,"damage_taken":0},{"event_name":"World of Goop","player_choice":"Gather Gold","floor":7,"damage_taken":0},{"event_name":"The Cleric","player_choice":"Card Removal","floor":12,"damage_taken":0},{"event_name":"Upgrade Shrine","player_choice":"Upgraded","floor":20,"damage_taken":0}],"boss_relics":[{"not_picked":["White Beast Statue","Snecko Eye"],"picked":"Orrery"}],"potions_floor_spawned":[4,5,11,13,14,19,21],"seed_played":"-5755526207121543320","killed_by":"Slaver and Parasite","is_trial":false}