{"path_per_floor":["M","$","?","?","$","R","E","?","T","M","E","R","M","$","R","B",null,"M","$","M","M","?","E","R","?","T"],"character_chosen":"THE_SILENT","items_purchased":["Dagger Throw","Finesse"],"gold_per_floor":[110,35,35,35,35,35,70,70,93,106,135,135,148,48,48,153,153,170,19,35,47,47,81,81,81,108],"floor_reached":27,"campfire_rested":2,"playtime":2673,"current_hp_per_floor":[70,70,70,70,70,70,60,60,67,66,44,44,44,44,67,45,77,77,77,57,51,42,1,33,33,33],"items_purged":["Defend_G","Strike_G"],"gold":108,"play_id":"a34c86b4-4fac-43e0-9648-991a96dbd9cc","is_prod":false,"is_daily":false,"is_ascension_mode":false,"campfire_upgraded":1,"path_taken":["M","$","?","?","?","R","E","?","T","?","E","R","M","$","R","BOSS","M","$","?","M","?","E","R","?","T","E"],"build_version":"2018-02-01-PROD3","purchased_purges":2,"victory":false,"master_deck":["Defend_G","Defend_G","Defend_G","Defend_G","Strike_G","Strike_G","Strike_G","Survivor","Neutralize+1","Flechettes","Heel Hook","Infinite Blades","Flying Knee","Crippling Poison","Phantasmal Killer","Finisher+1","Dagger Throw","Finesse","Dagger Throw","Envenom","Flying Knee+1"],"max_hp_per_floor":[70,70,70,70,70,70,70,70,77,77,77,77,77,77,77,77,77,77,77,77,77,82,82,82,82,82],"relics":["Ring of the Snake","Dream Catcher","Peace Pipe","Strawberry","Bronze Scales","Eternal Feather","Anchor","Ancient Tea Set"],"card_choices":[{"not_picked":["Deflect","Footwork"],"picked":"Flechettes"},{"not_picked":["Blur","Bane"],"picked":"Heel Hook"},{"not_picked":["Backflip","Endless Agony"],"picked":"Infinite Blades"},{"not_picked":["Crippling Poison","Blur"],"picked":"Flying Knee"},{"not_picked":["Deadly Poison","Poisoned Stab"],"picked":"Crippling Poison"},{"not_picked":["Wraith Form","Adrenaline"],"picked":"Phantasmal Killer"},{"not_picked":["Acrobatics","Poisoned Stab"],"picked":"Finisher"},{"not_picked":["Sucker Punch","Bane"],"picked":"Dagger Throw"},{"not_picked":["Prepared","All Out Attack"],"picked":"Envenom"},{"not_picked":["Dash","Acrobatics"],"picked":"Flying Knee"}],"player_experience":13421,"potions_floor_usage":[7,7,11,23,23,27,27],"damage_taken":[{"damage":0,"enemies":"2 Louse","floor":1,"turns":4},{"damage":10,"enemies":"Gremlin Nob","floor":7,"turns":3},{"damage":1,"enemies":"Jaw Worm","floor":10,"turns":5},{"damage":22,"enemies":"Lagavulin","floor":11,"turns":8},{"damage":0,"enemies":"Blue Slaver","floor":13,"turns":4},{"damage":22,"enemies":"Slime Boss","floor":16,"turns":12},{"damage":0,"enemies":"3 Byrds","floor":18,"turns":4},{"damage":20,"enemies":"2 Thieves","floor":20,"turns":4},{"damage":6,"enemies":"Snake Plant","floor":21,"turns":4},{"damage":41,"enemies":"Gremlin Leader","floor":23,"turns":6},{"damage":32,"enemies":"Slavers","floor":27,"turns":4}],"event_choices":[{"event_name":"The Cleric","player_choice":"Leave","floor":3,"damage_taken":0},{"event_name":"The Lab","player_choice":"Got Potions","floor":4,"damage_taken":0},{"event_name":"Liars Game","player_choice":"disagreed","floor":8,"damage_taken":0},{"event_name":"Forgotten Altar","player_choice":"Shed Blood","floor":22,"damage_taken":0},{"event_name":"Cursed Tome","player_choice":"Ignored","floor":25,"damage_taken":0}],"boss_relics":[{"not_picked":["Lizard Tail","Question Card"],"picked":"Eternal Feather"}],"potions_floor_spawned":[1,13,16,20,23],"seed_played":"6402921654899508323","killed_by":"Slavers","ascension_level":0,"is_trial":false}