{"gold_per_floor":[112,92,111,122,40,366,366,22,22,22,22,46,86,109,109,234,234,257,57,182,200,216,216,216,236,236,236,236,236,255,10,10,135,198,223,13,32,48,61,61,61,79,79,79,79,122,37,53,53,53],"floor_reached":51,"playtime":1416,"items_purged":["Injury"],"score":812,"play_id":"41d490ca-c4bb-47c9-a901-2ba67d5e8317","local_time":"20190427125018","is_ascension_mode":false,"campfire_choices":[{"data":"Inflame","floor":15,"key":"SMITH"},{"data":"Flex","floor":23,"key":"SMITH"},{"floor":27,"key":"REST"},{"floor":29,"key":"REST"},{"data":"Dramatic Entrance","floor":32,"key":"SMITH"},{"data":"Anger","floor":40,"key":"SMITH"},{"data":"Limit Break","floor":45,"key":"SMITH"},{"floor":49,"key":"REST"}],"neow_cost":"NONE","seed_source_timestamp":3455134688350820,"circlet_count":0,"master_deck":["Strike_R","Strike_R","Strike_R+1","Strike_R+1","Defend_R","Defend_R","Defend_R","Defend_R","Bash","Shrug It Off","Shrug It Off","Anger+1","Inflame","True Grit+1","Inflame+1","Spot Weakness+1","Flex+1","Inflame+1","Shrug It Off+1","Limit Break+1","Shrug It Off","Flex","Seeing Red+1","Metallicize+1","Havoc+1","Limit Break+1","Dramatic Entrance+1","Body Slam+1","Reaper","Inflame+1","Flash of Steel","Anger+1"],"relics":["Burning Blood","NeowsBlessing","Old Coin","Golden Idol","Whetstone","Matryoshka","Bag of Marbles","White Beast Statue","War Paint","Mango","Paper Frog","Juzu Bracelet","FossilizedHelix","Lee\u0027s Waffle","Tiny House","Brimstone","Pen Nib","Anchor","Girya"],"potions_floor_usage":[3,13,18,18,20,20,21,25,30,33,35,37,38,38,42,48,50,50,50],"damage_taken":[{"damage":0,"enemies":"2 Louse","floor":1,"turns":1},{"damage":0,"enemies":"Cultist","floor":3,"turns":1},{"damage":0,"enemies":"Jaw Worm","floor":4,"turns":1},{"damage":23,"enemies":"Lagavulin","floor":6,"turns":5},{"damage":3,"enemies":"Looter","floor":12,"turns":3},{"damage":8,"enemies":"Gremlin Nob","floor":13,"turns":3},{"damage":1,"enemies":"2 Fungi Beasts","floor":14,"turns":4},{"damage":18,"enemies":"The Guardian","floor":16,"turns":6},{"damage":2,"enemies":"Chosen","floor":18,"turns":5},{"damage":31,"enemies":"Colosseum Slavers","floor":20,"turns":4},{"damage":29,"enemies":"Colosseum Nobs","floor":20,"turns":7},{"damage":13,"enemies":"3 Byrds","floor":21,"turns":7},{"damage":15,"enemies":"Snecko","floor":22,"turns":4},{"damage":8,"enemies":"Sentry and Sphere","floor":25,"turns":7},{"damage":19,"enemies":"3 Cultists","floor":30,"turns":6},{"damage":40,"enemies":"Champ","floor":33,"turns":7},{"damage":40,"enemies":"3 Darklings","floor":35,"turns":9},{"damage":13,"enemies":"3 Shapes","floor":37,"turns":3},{"damage":0,"enemies":"3 Darklings","floor":38,"turns":2},{"damage":10,"enemies":"Spire Growth","floor":39,"turns":4},{"damage":8,"enemies":"Transient","floor":42,"turns":5},{"damage":46,"enemies":"Reptomancer","floor":46,"turns":7},{"damage":52,"enemies":"Maw","floor":48,"turns":6},{"damage":73,"enemies":"Time Eater","floor":50,"turns":6}],"seed_played":"-5431327051515952820","potions_obtained":[{"floor":2,"key":"EntropicBrew"},{"floor":3,"key":"AttackPotion"},{"floor":14,"key":"GamblersBrew"},{"floor":18,"key":"EssenceOfSteel"},{"floor":20,"key":"PowerPotion"},{"floor":21,"key":"Strength Potion"},{"floor":22,"key":"Swift Potion"},{"floor":25,"key":"Strength Potion"},{"floor":30,"key":"Dexterity Potion"},{"floor":33,"key":"Fire Potion"},{"floor":35,"key":"SpeedPotion"},{"floor":37,"key":"SteroidPotion"},{"floor":38,"key":"SpeedPotion"},{"floor":39,"key":"Ancient Potion"},{"floor":42,"key":"Strength Potion"},{"floor":46,"key":"SteroidPotion"},{"floor":48,"key":"BloodPotion"}],"is_trial":false,"path_per_floor":["M","?","M","M","$","E","?","$","T","?","?","M","E","M","R","B",null,"M","$","?","M","M","R","?","M","T","R","?","R","M","$","R","B",null,"M","$","M","M","M","R","?","M","T","?","R","E","$","M","R","B",null],"character_chosen":"IRONCLAD","items_purchased":["Inflame","Whetstone","Inflame","Spot Weakness","War Paint","Flex","Lee\u0027s Waffle","Strength Potion","Brimstone","Flash of Steel"],"campfire_rested":3,"item_purchase_floors":[5,8,8,8,19,19,31,31,36,47],"current_hp_per_floor":[80,80,80,80,80,63,63,63,63,47,47,50,48,53,53,41,80,80,80,46,39,30,30,30,28,28,56,38,66,53,101,101,67,106,72,72,102,106,106,106,106,106,106,101,101,61,61,42,72,69],"gold":53,"neow_bonus":"THREE_ENEMY_KILL","is_prod":false,"is_daily":false,"chose_seed":false,"campfire_upgraded":5,"win_rate":0,"timestamp":1556365818,"path_taken":["M","?","M","?","$","E","?","$","T","?","?","M","E","M","R","BOSS","M","$","?","M","M","R","?","M","T","R","?","R","M","?","R","BOSS","M","$","M","M","M","R","?","M","T","?","R","E","$","M","R","BOSS"],"build_version":"2019-01-23","purchased_purges":1,"victory":true,"max_hp_per_floor":[80,80,80,80,80,80,80,80,80,80,80,80,80,80,80,80,80,80,80,94,94,94,94,94,94,94,94,94,94,94,101,101,101,106,106,106,106,106,106,106,106,106,106,101,101,101,101,101,101,101],"card_choices":[{"not_picked":["Inflame","Shockwave"],"picked":"Shrug It Off","floor":1},{"not_picked":["Anger","Clothesline"],"picked":"Shrug It Off","floor":3},{"not_picked":["Uppercut","Wild Strike"],"picked":"Anger","floor":4},{"not_picked":["Cleave","Wild Strike"],"picked":"True Grit","floor":6},{"not_picked":["Perfected Strike","Twin Strike"],"picked":"Flex","floor":12},{"not_picked":["Demon Form","Twin Strike"],"picked":"Inflame","floor":13},{"not_picked":["Feel No Pain","True Grit"],"picked":"Shrug It Off","floor":14},{"not_picked":["Berserk","Brutality"],"picked":"Limit Break","floor":16},{"not_picked":["True Grit","Sword Boomerang"],"picked":"Shrug It Off","floor":18},{"not_picked":["Havoc","Flex"],"picked":"Seeing Red+1","floor":20},{"not_picked":["Perfected Strike","Sentinel"],"picked":"Metallicize+1","floor":21},{"not_picked":["Disarm","Clothesline"],"picked":"Havoc+1","floor":22},{"not_picked":["Entrench","Wild Strike"],"picked":"Limit Break","floor":25},{"not_picked":["Anger","Headbutt"],"picked":"Body Slam+1","floor":30},{"not_picked":["Exhume","Bludgeon"],"picked":"Reaper","floor":33},{"not_picked":["Fire Breathing","Clothesline","Havoc"],"picked":"SKIP","floor":35},{"not_picked":["Clothesline+1","Headbutt+1"],"picked":"Inflame+1","floor":37},{"not_picked":["Pommel Strike","Warcry","Spot Weakness+1"],"picked":"SKIP","floor":38},{"not_picked":["Iron Wave+1","Pommel Strike","Blood for Blood"],"picked":"SKIP","floor":39},{"not_picked":["Thunderclap+1","Intimidate+1","Sentinel"],"picked":"SKIP","floor":42},{"not_picked":["Battle Trance+1","Corruption","Body Slam+1"],"picked":"SKIP","floor":46},{"not_picked":["Dual Wield","Reckless Charge+1"],"picked":"Anger+1","floor":48}],"player_experience":693773,"relics_obtained":[{"floor":6,"key":"Old Coin"},{"floor":9,"key":"Matryoshka"},{"floor":13,"key":"Bag of Marbles"},{"floor":20,"key":"Mango"},{"floor":20,"key":"Paper Frog"},{"floor":26,"key":"Juzu Bracelet"},{"floor":26,"key":"FossilizedHelix"},{"floor":43,"key":"Pen Nib"},{"floor":43,"key":"Anchor"},{"floor":46,"key":"Girya"}],"event_choices":[{"damage_healed":0,"gold_gain":0,"player_choice":"Bought 1 Potion","damage_taken":0,"max_hp_gain":0,"max_hp_loss":0,"event_name":"The Woman in Blue","floor":2,"gold_loss":0},{"damage_healed":0,"gold_gain":0,"player_choice":"Take Wound","damage_taken":0,"relics_obtained":["Golden Idol"],"max_hp_gain":0,"max_hp_loss":0,"event_name":"Golden Idol","floor":7,"gold_loss":0,"cards_obtained":["Injury"]},{"damage_healed":0,"gold_gain":0,"player_choice":"Entered Light","damage_taken":16,"max_hp_gain":0,"max_hp_loss":0,"event_name":"Shining Light","floor":10,"gold_loss":0,"cards_upgraded":["True Grit","Inflame"]},{"damage_healed":0,"gold_gain":0,"player_choice":"Leave","damage_taken":0,"max_hp_gain":0,"max_hp_loss":0,"event_name":"The Cleric","floor":11,"gold_loss":0},{"damage_healed":0,"gold_gain":0,"player_choice":"Fight","damage_taken":0,"max_hp_gain":0,"max_hp_loss":0,"event_name":"Colosseum","floor":20,"gold_loss":0},{"damage_healed":0,"gold_gain":0,"player_choice":"Fought Nobs","damage_taken":0,"max_hp_gain":0,"max_hp_loss":0,"event_name":"Colosseum","floor":20,"gold_loss":0},{"damage_healed":0,"gold_gain":0,"player_choice":"Ignored","damage_taken":0,"max_hp_gain":0,"max_hp_loss":0,"event_name":"N\u0027loth","floor":24,"gold_loss":0},{"damage_healed":0,"gold_gain":0,"player_choice":"CARD ","damage_taken":18,"max_hp_gain":0,"max_hp_loss":0,"event_name":"Knowing Skull","floor":28,"potions_obtained":[],"gold_loss":0,"cards_obtained":["Dramatic Entrance"]},{"cards_removed":["Strike_R"],"damage_healed":0,"gold_gain":0,"player_choice":"Removed Attack","damage_taken":0,"max_hp_gain":0,"max_hp_loss":0,"event_name":"Falling","floor":41,"gold_loss":0},{"damage_healed":0,"gold_gain":0,"player_choice":"Max HP","damage_taken":0,"max_hp_gain":0,"max_hp_loss":5,"event_name":"Winding Halls","floor":44,"gold_loss":0}],"is_beta":false,"boss_relics":[{"not_picked":["Pandora\u0027s Box","Astrolabe"],"picked":"White Beast Statue"},{"not_picked":["Empty Cage","Mark of Pain"],"picked":"Tiny House"}],"items_purged_floors":[8],"is_endless":false,"potions_floor_spawned":[3,12,14,18,20,20,21,22,25,30,33,35,37,38,39,42,46,48],"ascension_level":0}