{"path_per_floor":["M","?","M","?","M","R","E","M","T","?","M","$","M","?","R","B",null,"M","?","M","M","?","E","R","M","T","?","E","M","M","M","R","B",null,"M","?","T","?","$","R","M","R","T","M","$","E","?"],"character_chosen":"THE_SILENT","items_purchased":["Apotheosis","Kunai","Vajra"],"gold_per_floor":[109,109,122,122,141,141,179,198,252,252,272,12,33,33,33,158,158,176,176,192,213,213,251,251,265,344,344,379,399,412,430,430,526,526,545,545,545,545,234,234,247,247,294,312,107,137,137],"floor_reached":48,"campfire_rested":3,"playtime":3213,"current_hp_per_floor":[70,53,53,53,53,53,53,48,48,23,22,22,24,24,45,14,70,70,70,70,70,54,31,52,45,45,45,52,46,45,42,63,70,72,59,59,69,82,82,82,84,84,84,74,74,10,10],"items_purged":["Strike_G","Writhe","Strike_G"],"gold":137,"play_id":"fc98b1c6-c3c8-4893-90e9-d1a4ccca667d","is_prod":false,"is_daily":false,"campfire_rituals":0,"campfire_upgraded":3,"is_hardmode":false,"path_taken":["M","?","M","?","M","R","E","M","T","?","M","$","M","?","R","BOSS","M","?","M","M","?","E","R","M","T","?","E","M","?","M","R","BOSS","M","?","?","?","?","R","M","R","T","M","$","E","?","M"],"build_version":"2018-01-11-PROD2","purchased_purges":3,"victory":false,"master_deck":["Defend_G","Defend_G","Defend_G","Defend_G","Strike_G","Strike_G","Survivor","Neutralize","Sucker Punch","Poisoned Stab","Heel Hook","Poisoned Stab","Well Laid Plans","Apotheosis","Adrenaline","Cloak And Dagger","Bouncing Flask","Necronomicurse","Dash","Predator","PiercingWail","Catalyst","Prepared","Noxious Fumes","Corpse Explosion","Catalyst","Noxious Fumes","Blade Dance"],"max_hp_per_floor":[70,70,70,70,70,70,70,70,70,70,70,70,70,70,70,70,70,70,70,70,72,72,72,72,72,72,72,72,72,72,72,72,72,72,72,72,82,82,82,82,84,84,84,84,84,84,84],"relics":["Ring of the Snake","Bloody Idol","Smiling Mask","Tiny Chest","Bird Faced Urn","Sozu","Singing Bowl","Necronomicon","Bronze Scales","Matryoshka","Tough Bandages","Black Star","Pear","Sundial","Kunai","Happy Flower","Whetstone","Vajra","Ninja Scroll","Centennial Puzzle"],"campfire_meditates":0,"card_choices":[{"not_picked":["Concentrate","Bane"],"picked":"Sucker Punch"},{"not_picked":["Outmaneuver","Blade Dance"],"picked":"Dagger Spray"},{"not_picked":["Prepared","Distraction"],"picked":"Heel Hook"},{"not_picked":["Backflip","Prepared"],"picked":"Poisoned Stab"},{"not_picked":["Backflip","Flying Knee"],"picked":"Well Laid Plans"},{"not_picked":["A Thousand Cuts","Die Die Die"],"picked":"Adrenaline"},{"not_picked":["Backflip","Quick Slash"],"picked":"Cloak And Dagger"},{"not_picked":["Dagger Throw","Flying Knee"],"picked":"Bouncing Flask"},{"not_picked":["Footwork","PiercingWail"],"picked":"Dash"},{"not_picked":["Deflect","Dagger Spray"],"picked":"Predator"},{"not_picked":["Venomology","Outmaneuver"],"picked":"PiercingWail"},{"not_picked":["Slice","Crippling Poison"],"picked":"Catalyst"},{"not_picked":["Sucker Punch","Quick Slash"],"picked":"Prepared"},{"not_picked":["Dodge and Roll","Skewer"],"picked":"Noxious Fumes"},{"not_picked":["After Image","Tactician"],"picked":"Corpse Explosion"},{"not_picked":["Acrobatics","Malaise"],"picked":"Catalyst"},{"not_picked":["Skewer","Eviscerate"],"picked":"Noxious Fumes"},{"not_picked":["PiercingWail","Infinite Blades"],"picked":"Blade Dance"}],"player_experience":282241,"potions_floor_usage":[7,7],"damage_taken":[{"damage":0,"enemies":"Small Slimes","floor":1,"turns":6},{"damage":0,"enemies":"Cultist","floor":3,"turns":4},{"damage":0,"enemies":"Jaw Worm","floor":5,"turns":3},{"damage":0,"enemies":"Gremlin Nob","floor":7,"turns":3},{"damage":5,"enemies":"Exordium Thugs","floor":8,"turns":4},{"damage":1,"enemies":"Exordium Wildlife","floor":11,"turns":2},{"damage":0,"enemies":"2 Fungi Beasts","floor":13,"turns":3},{"damage":33,"enemies":"Slime Boss","floor":16,"turns":11},{"damage":0,"enemies":"Spheric Guardian","floor":18,"turns":4},{"damage":0,"enemies":"Shell Parasite","floor":20,"turns":5},{"damage":2,"enemies":"3 Cultists","floor":21,"turns":4},{"damage":23,"enemies":"Book of Stabbing","floor":23,"turns":5},{"damage":7,"enemies":"Snecko","floor":25,"turns":4},{"damage":0,"enemies":"Gremlin Leader","floor":28,"turns":4},{"damage":13,"enemies":"Chosen and Byrds","floor":29,"turns":5},{"damage":8,"enemies":"Slaver and Parasite","floor":30,"turns":4},{"damage":8,"enemies":"Centurion and Healer","floor":31,"turns":4},{"damage":0,"enemies":"Automaton","floor":33,"turns":6},{"damage":20,"enemies":"3 Darklings","floor":35,"turns":3},{"damage":0,"enemies":"Orb Walker","floor":41,"turns":3},{"damage":15,"enemies":"4 Shapes","floor":44,"turns":4},{"damage":75,"enemies":"2 Orb Walkers","floor":46,"turns":5},{"damage":20,"enemies":"Sphere and 2 Shapes","floor":48,"turns":3}],"event_choices":[{"event_name":"Golden Idol","player_choice":"Take Damage","floor":2,"damage_taken":0},{"event_name":"Transmorgrifier","player_choice":"Transform","floor":4,"damage_taken":0},{"event_name":"Scrap Ooze","player_choice":"success","floor":10,"damage_taken":25},{"event_name":"Living Wall","player_choice":"Forget","floor":14,"damage_taken":0},{"event_name":"The Mausoleum","player_choice":"Yes","floor":19,"damage_taken":0},{"event_name":"Cursed Tome","player_choice":"Obtained Book","floor":22,"damage_taken":0},{"event_name":"Forgotten Altar","player_choice":"Gave Idol","floor":27,"damage_taken":0},{"event_name":"Winding Halls","player_choice":"Writhe","floor":38,"damage_taken":0},{"event_name":"Upgrade Shrine","player_choice":"Upgraded","floor":47,"damage_taken":0}],"boss_relics":[{"not_picked":["Astrolabe","Ectoplasm"],"picked":"Sozu"},{"not_picked":["Pandora\u0027s Box","Velvet Choker"],"picked":"Black Star"}],"potions_floor_spawned":[1,5,11,18,21,28,30,35,41,46],"seed_played":"3245504891669516630","killed_by":"Sphere and 2 Shapes","is_trial":false}