{"gold_per_floor":[113,188,188,49,67,101,101,120,145,145,179,11,11,22,22,22],"floor_reached":16,"playtime":352,"items_purged":["Strike_R"],"score":253,"play_id":"d200ff1f-2508-43b0-b41a-b98a758fcb09","local_time":"20190426151547","is_ascension_mode":true,"campfire_choices":[{"data":"Flame Barrier","floor":7,"key":"SMITH"},{"data":"True Grit","floor":15,"key":"SMITH"}],"neow_cost":"NONE","seed_source_timestamp":3378532321011930,"circlet_count":0,"master_deck":["AscendersBane","Strike_R","Strike_R","Strike_R","Strike_R","Defend_R","Defend_R","Defend_R","Defend_R","Bash","Flame Barrier+1","Shrug It Off","Inflame","Anger","Offering","True Grit+1","Metallicize","Iron Wave"],"relics":["Burning Blood","NeowsBlessing","MawBank","Boot","Ancient Tea Set","Matryoshka","Bottled Flame"],"potions_floor_usage":[4,16,16],"damage_taken":[{"damage":0,"enemies":"Jaw Worm","floor":1,"turns":1},{"damage":0,"enemies":"Cultist","floor":5,"turns":1},{"damage":0,"enemies":"Gremlin Nob","floor":6,"turns":1},{"damage":10,"enemies":"Small Slimes","floor":8,"turns":3},{"damage":24,"enemies":"Lagavulin","floor":11,"turns":7},{"damage":6,"enemies":"Looter","floor":14,"turns":3},{"damage":54,"enemies":"Hexaghost","floor":16,"turns":9}],"seed_played":"-4267511129870936421","potions_obtained":[{"floor":5,"key":"BloodPotion"},{"floor":6,"key":"GamblersBrew"},{"floor":11,"key":"AttackPotion"}],"is_trial":false,"path_per_floor":["M","?","?","$","M","E","R","M","T","T","E","$","?","M","R","B"],"character_chosen":"IRONCLAD","items_purchased":["Fruit Juice","Flame Barrier","True Grit","Metallicize"],"campfire_rested":0,"item_purchase_floors":[4,4,12,12],"current_hp_per_floor":[74,63,58,63,69,75,75,71,71,71,53,53,53,53,53,0],"gold":22,"neow_bonus":"THREE_ENEMY_KILL","is_prod":false,"is_daily":false,"chose_seed":false,"campfire_upgraded":2,"win_rate":0,"timestamp":1556288147,"path_taken":["M","?","?","?","?","E","R","M","T","?","E","$","?","M","R","BOSS"],"build_version":"2019-01-23","purchased_purges":1,"victory":false,"max_hp_per_floor":[75,75,75,80,80,80,80,80,80,80,80,80,80,80,80,80],"card_choices":[{"not_picked":["Heavy Blade","Carnage","Blood for Blood"],"picked":"SKIP","floor":1},{"not_picked":["Twin Strike","Sword Boomerang"],"picked":"Shrug It Off","floor":5},{"not_picked":["Perfected Strike","Havoc"],"picked":"Inflame","floor":6},{"not_picked":["Warcry","True Grit"],"picked":"Anger","floor":8},{"not_picked":["Warcry","Combust"],"picked":"Offering","floor":11},{"not_picked":["Combust","Clash"],"picked":"Iron Wave","floor":14}],"player_experience":661811,"relics_obtained":[{"floor":6,"key":"Boot"},{"floor":9,"key":"Ancient Tea Set"},{"floor":10,"key":"Matryoshka"},{"floor":11,"key":"Bottled Flame"}],"event_choices":[{"damage_healed":0,"gold_gain":75,"player_choice":"Gather Gold","damage_taken":11,"max_hp_gain":0,"max_hp_loss":0,"event_name":"World of Goop","floor":2,"gold_loss":0},{"damage_healed":0,"gold_gain":0,"player_choice":"Success","damage_taken":5,"relics_obtained":["MawBank"],"max_hp_gain":0,"max_hp_loss":0,"event_name":"Scrap Ooze","floor":3,"gold_loss":0},{"damage_healed":0,"gold_gain":0,"player_choice":"Leave","damage_taken":0,"max_hp_gain":0,"max_hp_loss":0,"event_name":"The Cleric","floor":13,"gold_loss":0}],"is_beta":false,"boss_relics":[],"items_purged_floors":[12],"is_endless":false,"potions_floor_spawned":[5,6,11],"killed_by":"Hexaghost","ascension_level":18}