{"gold_per_floor":[365,381,398,12,30,58,77,103,103,134,155,430,11,23,23,95,95,112,125,138,4,21,21,40,68,68,68,168,168,168,203,203,203],"floor_reached":33,"playtime":1081,"items_purged":["Strike_R","Regret"],"score":672,"play_id":"5206a4ec-d526-4a98-ba1b-88956b1ca271","local_time":"20190427195956","is_ascension_mode":true,"campfire_choices":[{"data":"Sword Boomerang","floor":15,"key":"SMITH"},{"floor":23,"key":"REST"},{"data":"Ghostly Armor","floor":30,"key":"SMITH"},{"floor":32,"key":"REST"}],"neow_cost":"TEN_PERCENT_HP_LOSS","seed_source_timestamp":3481255402188008,"circlet_count":0,"master_deck":["AscendersBane","Strike_R","Strike_R","Strike_R","Strike_R","Defend_R","Defend_R","Defend_R","Defend_R","Bash","Clash","Cleave","Twin Strike","Shrug It Off","Sword Boomerang+1","Iron Wave","Thunderclap","Pommel Strike","Sword Boomerang","Twin Strike","Reaper","Thunderclap","Dropkick","Iron Wave","Ghostly Armor+1"],"relics":["Burning Blood","Brimstone","Vajra","Red Skull","Gremlin Horn","Self Forming Clay","Odd Mushroom","Sundial","Black Star","Molten Egg 2","Anchor","Toxic Egg 2","Magic Flower","Blue Candle","Regal Pillow","Strawberry","Paper Frog"],"potions_floor_usage":[10,10,22,25,28,31],"damage_taken":[{"damage":7,"enemies":"Cultist","floor":1,"turns":4},{"damage":8,"enemies":"2 Louse","floor":2,"turns":2},{"damage":0,"enemies":"Small Slimes","floor":3,"turns":2},{"damage":0,"enemies":"3 Louse","floor":5,"turns":3},{"damage":10,"enemies":"Gremlin Nob","floor":6,"turns":3},{"damage":6,"enemies":"Blue Slaver","floor":7,"turns":2},{"damage":20,"enemies":"Lagavulin","floor":8,"turns":4},{"damage":0,"enemies":"3 Sentries","floor":10,"turns":3},{"damage":0,"enemies":"The Mushroom Lair","floor":11,"turns":2},{"damage":0,"enemies":"Exordium Thugs","floor":14,"turns":2},{"damage":31,"enemies":"Slime Boss","floor":16,"turns":4},{"damage":22,"enemies":"Shell Parasite","floor":18,"turns":2},{"damage":16,"enemies":"3 Byrds","floor":19,"turns":3},{"damage":11,"enemies":"3 Cultists","floor":20,"turns":3},{"damage":37,"enemies":"Shelled Parasite and Fungi","floor":22,"turns":4},{"damage":7,"enemies":"Snecko","floor":24,"turns":3},{"damage":27,"enemies":"Slavers","floor":25,"turns":3},{"damage":10,"enemies":"Colosseum Slavers","floor":28,"turns":2},{"damage":0,"enemies":"Colosseum Nobs","floor":28,"turns":3},{"damage":26,"enemies":"Book of Stabbing","floor":31,"turns":3},{"damage":120,"enemies":"Automaton","floor":33,"turns":6}],"seed_played":"3119472800514813623","potions_obtained":[{"floor":1,"key":"Explosive Potion"},{"floor":5,"key":"Dexterity Potion"},{"floor":6,"key":"PowerPotion"},{"floor":11,"key":"SpeedPotion"},{"floor":16,"key":"Poison Potion"},{"floor":22,"key":"BloodPotion"},{"floor":25,"key":"EssenceOfSteel"},{"floor":28,"key":"Strength Potion"},{"floor":31,"key":"SpeedPotion"}],"is_trial":false,"path_per_floor":["M","M","M","$","M","E","M","E","T","E","?","?","$","M","R","B",null,"M","M","M","$","M","R","M","E","T","?","?","T","R","E","R","B"],"character_chosen":"IRONCLAD","items_purchased":["Brimstone","Shrug It Off","Sword Boomerang","Sundial","Sword Boomerang","Dropkick","Iron Wave"],"campfire_rested":2,"item_purchase_floors":[4,4,4,13,13,21,21],"current_hp_per_floor":[67,65,68,68,68,64,64,50,50,56,62,62,62,68,68,43,62,46,36,52,52,34,54,66,51,51,51,53,53,53,58,75,0],"gold":203,"neow_bonus":"TWO_FIFTY_GOLD","is_prod":false,"is_daily":false,"chose_seed":false,"campfire_upgraded":2,"win_rate":0,"timestamp":1556391596,"path_taken":["M","?","M","$","M","E","M","E","T","E","?","?","$","M","R","BOSS","M","?","M","$","M","R","M","E","T","?","?","?","R","E","R","BOSS"],"build_version":"2019-01-23","purchased_purges":2,"victory":false,"max_hp_per_floor":[68,68,68,68,68,68,68,68,68,68,68,68,68,68,68,68,68,68,68,68,68,68,68,68,68,68,68,68,68,68,75,75,75],"card_choices":[{"not_picked":["Disarm","Battle Trance"],"picked":"Clash","floor":1},{"not_picked":["Power Through","Flame Barrier"],"picked":"Cleave","floor":2},{"not_picked":["Havoc","Iron Wave"],"picked":"Twin Strike","floor":3},{"not_picked":["Flex","Pommel Strike"],"picked":"Iron Wave","floor":5},{"not_picked":["Clothesline","Anger","Heavy Blade"],"picked":"SKIP","floor":6},{"not_picked":["Wild Strike","Clash"],"picked":"Thunderclap","floor":7},{"not_picked":["Clothesline","Clash","Impervious"],"picked":"SKIP","floor":8},{"not_picked":["Body Slam","Ghostly Armor"],"picked":"Pommel Strike","floor":10},{"not_picked":["Dark Embrace","Feel No Pain"],"picked":"Twin Strike","floor":14},{"not_picked":["Bludgeon","Double Tap"],"picked":"Reaper","floor":16},{"not_picked":["Bloodletting","Clothesline","Fire Breathing+1"],"picked":"SKIP","floor":18},{"not_picked":["Bloodletting","Sentinel","True Grit"],"picked":"SKIP","floor":19},{"not_picked":["Pommel Strike","Sword Boomerang"],"picked":"Thunderclap","floor":20},{"not_picked":["Searing Blow","Feel No Pain+1","Spot Weakness"],"picked":"SKIP","floor":22},{"not_picked":["Thunderclap","Pommel Strike"],"picked":"Ghostly Armor","floor":24},{"not_picked":["Havoc","Disarm","Body Slam+1"],"picked":"SKIP","floor":25},{"not_picked":["Heavy Blade+1","Inflame","Bludgeon+1"],"picked":"SKIP","floor":31}],"player_experience":713431,"relics_obtained":[{"floor":6,"key":"Vajra"},{"floor":8,"key":"Red Skull"},{"floor":9,"key":"Gremlin Horn"},{"floor":10,"key":"Self Forming Clay"},{"floor":11,"key":"Odd Mushroom"},{"floor":25,"key":"Molten Egg 2"},{"floor":25,"key":"Anchor"},{"floor":26,"key":"Toxic Egg 2"},{"floor":28,"key":"Magic Flower"},{"floor":28,"key":"Blue Candle"},{"floor":29,"key":"Regal Pillow"},{"floor":31,"key":"Strawberry"},{"floor":31,"key":"Paper Frog"}],"event_choices":[{"damage_healed":0,"gold_gain":0,"player_choice":"Fought Mushrooms","damage_taken":0,"max_hp_gain":0,"max_hp_loss":0,"event_name":"Mushrooms","floor":11,"gold_loss":0},{"damage_healed":0,"gold_gain":275,"player_choice":"Desecrate","damage_taken":0,"max_hp_gain":0,"max_hp_loss":0,"event_name":"Golden Shrine","floor":12,"gold_loss":0,"cards_obtained":["Regret"]},{"damage_healed":0,"gold_gain":0,"player_choice":"Ignored","damage_taken":0,"max_hp_gain":0,"max_hp_loss":0,"event_name":"Beggar","floor":27,"gold_loss":0},{"damage_healed":0,"gold_gain":0,"player_choice":"Fight","damage_taken":0,"max_hp_gain":0,"max_hp_loss":0,"event_name":"Colosseum","floor":28,"gold_loss":0},{"damage_healed":0,"gold_gain":0,"player_choice":"Fought Nobs","damage_taken":0,"max_hp_gain":0,"max_hp_loss":0,"event_name":"Colosseum","floor":28,"gold_loss":0}],"is_beta":false,"boss_relics":[{"not_picked":["Coffee Dripper","Busted Crown"],"picked":"Black Star"}],"items_purged_floors":[4,13],"is_endless":false,"potions_floor_spawned":[1,5,6,11,16,19,22,25,28,28,31],"killed_by":"Automaton","ascension_level":19}