{"gold_per_floor":[110,110,38,57,57,57,87,103,103,103,115,115,131,149,149,251,251,236,86,86,104,117,117,117,117,198,198,233,233,233,252,252,252],"floor_reached":33,"playtime":1110,"items_purged":["Strike_G"],"score":395,"play_id":"1912d9db-32a1-4fe4-bd99-686f5a906d31","local_time":"20190115220246","is_ascension_mode":true,"campfire_choices":[{"data":"Noxious Fumes","floor":6.0,"key":"SMITH"},{"data":"Dodge and Roll","floor":12.0,"key":"SMITH"},{"data":"Deflect","floor":15.0,"key":"SMITH"},{"data":"Footwork","floor":23.0,"key":"SMITH"},{"data":"Noxious Fumes","floor":25.0,"key":"SMITH"},{"floor":27.0,"key":"REST"},{"floor":32.0,"key":"REST"}],"neow_cost":"NONE","seed_source_timestamp":1830403128680090,"circlet_count":0,"master_deck":["AscendersBane","Defend_G","Defend_G","Defend_G","Defend_G","Strike_G+1","Strike_G+1","Strike_G","Survivor","Neutralize","Flying Knee","Noxious Fumes+1","Caltrops+1","Dash","Dodge and Roll+1","Dash","Deflect+1","Burst","Footwork+1","Noxious Fumes+1","Backstab+1"],"special_seed":0,"relics":["Ring of the Snake","Whetstone","Odd Mushroom","Strawberry","Empty Cage","MutagenicStrength","Kunai","Orichalcum"],"potions_floor_usage":[33,33],"damage_taken":[{"damage":4.0,"enemies":"Jaw Worm","floor":1.0,"turns":5.0},{"damage":1.0,"enemies":"Small Slimes","floor":4.0,"turns":3.0},{"damage":16.0,"enemies":"The Mushroom Lair","floor":7.0,"turns":5.0},{"damage":0.0,"enemies":"2 Louse","floor":8.0,"turns":3.0},{"damage":4.0,"enemies":"Large Slime","floor":11.0,"turns":6.0},{"damage":6.0,"enemies":"Red Slaver","floor":13.0,"turns":4.0},{"damage":0.0,"enemies":"Blue Slaver","floor":14.0,"turns":4.0},{"damage":4.0,"enemies":"Hexaghost","floor":16.0,"turns":9.0},{"damage":8.0,"enemies":"2 Thieves","floor":18.0,"turns":4.0},{"damage":14.0,"enemies":"Spheric Guardian","floor":21.0,"turns":7.0},{"damage":9.0,"enemies":"Snecko","floor":22.0,"turns":9.0},{"damage":43.0,"enemies":"Slavers","floor":28.0,"turns":6.0},{"damage":12.0,"enemies":"Chosen and Byrds","floor":31.0,"turns":7.0},{"damage":34,"enemies":"Collector","floor":33,"turns":3}],"seed_played":"868320978547484041","potions_obtained":[{"floor":1.0,"key":"FearPotion"},{"floor":8.0,"key":"FearPotion"},{"floor":11.0,"key":"AttackPotion"},{"floor":18.0,"key":"Weak Potion"},{"floor":22.0,"key":"Dexterity Potion"}],"is_trial":false,"path_per_floor":["M","?","$","M","?","R","?","M","T","$","M","R","M","M","R","B",null,"M","$","?","M","M","R","?","R","T","R","E","?","?","M","R","B"],"character_chosen":"THE_SILENT","items_purchased":["Noxious Fumes","Footwork"],"campfire_rested":2,"item_purchase_floors":[3,19],"current_hp_per_floor":[59,59,59,58,58,58,42,42,49,49,45,45,39,39,39,35,67,59,59,59,45,36,36,36,36,36,59,16,16,16,4,27,0],"gold":252,"neow_bonus":"RANDOM_COMMON_RELIC","is_prod":false,"is_daily":false,"chose_seed":false,"campfire_upgraded":5,"win_rate":0,"timestamp":1547589766,"path_taken":["M","?","$","M","?","R","?","M","T","$","M","R","M","?","R","BOSS","M","$","?","M","M","R","?","R","T","R","E","?","?","?","R","BOSS"],"build_version":"2019-01-10","purchased_purges":1,"victory":false,"max_hp_per_floor":[70,70,70,70,70,70,70,70,77,77,77,77,77,77,77,77,77,77,77,77,77,77,77,77,77,77,77,77,77,77,77,77,77],"card_choices":[{"not_picked":["Reflex","Cloak And Dagger"],"picked":"Flying Knee","floor":1.0},{"not_picked":["Slice","Deadly Poison"],"picked":"Caltrops","floor":4.0},{"not_picked":["Sucker Punch","Reflex"],"picked":"Dash","floor":7.0},{"not_picked":["Calculated Gamble","Acrobatics"],"picked":"Dodge and Roll","floor":8.0},{"not_picked":["Dagger Throw","Finisher"],"picked":"Dash","floor":11.0},{"not_picked":["Masterful Stab","Endless Agony","Blade Dance"],"picked":"SKIP","floor":13.0},{"not_picked":["Backstab","Flechettes"],"picked":"Deflect","floor":14.0},{"not_picked":["Doppelganger","Corpse Explosion"],"picked":"Burst","floor":16.0},{"not_picked":["Outmaneuver+1","Underhanded Strike","Dagger Spray"],"picked":"SKIP","floor":18.0},{"not_picked":["Skewer","Bane+1","Setup"],"picked":"SKIP","floor":21.0},{"not_picked":["Catalyst","Underhanded Strike"],"picked":"Noxious Fumes","floor":22.0},{"not_picked":["Storm of Steel","Flying Knee"],"picked":"Backstab+1","floor":28.0},{"not_picked":["Flying Knee","Infinite Blades","Expertise"],"picked":"SKIP","floor":31.0}],"player_experience":344857,"relics_obtained":[{"floor":7.0,"key":"Odd Mushroom"},{"floor":9.0,"key":"Strawberry"},{"floor":26.0,"key":"Kunai"},{"floor":28.0,"key":"Orichalcum"}],"event_choices":[{"damage_healed":0.0,"max_hp_gain":0.0,"max_hp_loss":0.0,"gold_gain":0.0,"event_name":"The Cleric","player_choice":"Leave","floor":2.0,"gold_loss":0.0,"damage_taken":0.0},{"damage_healed":0.0,"max_hp_gain":0.0,"max_hp_loss":0.0,"gold_gain":0.0,"event_name":"Living Wall","player_choice":"Grow","floor":5.0,"gold_loss":0.0,"damage_taken":0.0,"cards_upgraded":["Caltrops"]},{"damage_healed":0.0,"max_hp_gain":0.0,"max_hp_loss":0.0,"gold_gain":0.0,"event_name":"Mushrooms","player_choice":"Fought Mushrooms","floor":7.0,"gold_loss":0.0,"damage_taken":0.0},{"damage_healed":0.0,"max_hp_gain":0.0,"max_hp_loss":0.0,"gold_gain":0.0,"event_name":"Drug Dealer","player_choice":"Inject Mutagens","floor":20.0,"gold_loss":0.0,"damage_taken":0.0,"relics_obtained":["MutagenicStrength"]},{"damage_healed":0.0,"max_hp_gain":0.0,"max_hp_loss":0.0,"gold_gain":0.0,"event_name":"Vampires","player_choice":"Ignored","floor":24.0,"gold_loss":0.0,"damage_taken":0.0},{"damage_healed":0.0,"max_hp_gain":0.0,"max_hp_loss":0.0,"gold_gain":0.0,"event_name":"Forgotten Altar","player_choice":"Smashed Altar","floor":29.0,"gold_loss":0.0,"damage_taken":0.0,"cards_obtained":["Decay"]},{"cards_removed":["Decay"],"damage_healed":0.0,"max_hp_gain":0.0,"max_hp_loss":0.0,"gold_gain":0.0,"event_name":"Fountain of Cleansing","player_choice":"Removed Curses","floor":30.0,"gold_loss":0.0,"damage_taken":0.0}],"is_beta":false,"boss_relics":[{"not_picked":["Fusion Hammer","Lizard Tail"],"picked":"Empty Cage"}],"items_purged_floors":[19],"is_endless":false,"potions_floor_spawned":[1,8,11,13,18,22],"killed_by":"Collector","ascension_level":11}