{"path_per_floor":["M","?","T","?","$","R","M","M","T","M","$","R","E","?","R","B",null,"M","T","?","M"],"character_chosen":"THE_SILENT","items_purchased":["A Thousand Cuts","Infinite Blades"],"gold_per_floor":[110,110,110,110,31,31,55,68,68,84,11,11,45,45,45,165,165,181,181,81,99],"floor_reached":22,"campfire_rested":2,"playtime":1153,"current_hp_per_floor":[72,57,57,57,57,57,57,57,57,28,28,50,16,9,31,1,74,59,59,59,56],"items_purged":[],"gold":99,"play_id":"b422a791-626e-4272-9f4f-aaadbcbc8901","is_prod":false,"is_daily":false,"campfire_rituals":0,"campfire_upgraded":1,"is_hardmode":false,"path_taken":["M","?","?","?","?","R","?","M","T","M","$","R","E","?","R","BOSS","M","?","?","M","?"],"build_version":"2018-01-05-BETA1","purchased_purges":0,"victory":false,"master_deck":["Defend_G","Defend_G","Defend_G","Defend_G","Defend_G","Strike_G","Strike_G","Strike_G","Strike_G","Survivor","Neutralize","Cloak And Dagger","A Thousand Cuts","Accuracy","Quick Slash","Escape Plan","Infinite Blades","Flying Knee","Phantasmal Killer","Accuracy","J.A.X.","Noxious Fumes"],"max_hp_per_floor":[77,77,77,74,74,74,74,74,74,74,74,74,74,74,74,74,74,74,74,74,74],"relics":["Ring of the Snake","Unceasing Top","Golden Idol","Du-Vu Doll","Girya","The Specimen","Calipers"],"campfire_meditates":0,"card_choices":[{"not_picked":["Deadly Poison","Quick Slash"],"picked":"Cloak And Dagger"},{"not_picked":["Dodge and Roll","Burst"],"picked":"Accuracy"},{"not_picked":["Bane","Slice"],"picked":"Quick Slash"},{"not_picked":["All Out Attack","Bouncing Flask"],"picked":"Escape Plan"},{"not_picked":["Sucker Punch","Corpse Explosion"],"picked":"Flying Knee"},{"not_picked":["Night Terror","Tactician"],"picked":"Phantasmal Killer"},{"not_picked":["Catalyst","Poisoned Stab"],"picked":"Accuracy"},{"not_picked":["Deflect","Sucker Punch"],"picked":"Noxious Fumes"}],"player_experience":102668,"potions_floor_usage":[22],"damage_taken":[{"damage":5,"enemies":"Jaw Worm","floor":1,"turns":6},{"damage":0,"enemies":"Cultist","floor":7,"turns":4},{"damage":0,"enemies":"2 Louse","floor":8,"turns":4},{"damage":29,"enemies":"Exordium Thugs","floor":10,"turns":5},{"damage":34,"enemies":"3 Sentries","floor":13,"turns":8},{"damage":30,"enemies":"Slime Boss","floor":16,"turns":7},{"damage":15,"enemies":"Chosen","floor":18,"turns":5},{"damage":3,"enemies":"3 Byrds","floor":21,"turns":7},{"damage":56,"enemies":"Masked Bandits","floor":22,"turns":4}],"event_choices":[{"event_name":"Shining Light","player_choice":"Entered Light","floor":2,"damage_taken":0},{"event_name":"Golden Idol","player_choice":"Lose Max HP","floor":4,"damage_taken":0},{"event_name":"Golden Wing","player_choice":"Card Removal","floor":14,"damage_taken":0},{"event_name":"Drug Dealer","player_choice":"Got JAXXED","floor":20,"damage_taken":0},{"event_name":"Masked Bandits","player_choice":"Fought over 99 gold","floor":22,"damage_taken":0}],"boss_relics":[{"not_picked":["Astrolabe","Tiny House"],"picked":"The Specimen"}],"potions_floor_spawned":[16,21],"seed_played":"-5415856029887030291","killed_by":"Masked Bandits","is_trial":false}