{"path_per_floor":["M","?","M","M","M","$","R","M","T","M","R","E","M","E","R","B",null,"M","?","M","$","?","E","R","?","T","M","R","M","R","?","R","B",null,"M","?","T","$","M","R","$","R","T","R","M","E","R","?","R"],"character_chosen":"IRONCLAD","items_purchased":["Inflame","Limit Break"],"gold_per_floor":[116,116,136,154,165,56,56,69,69,84,84,146,166,191,191,286,286,297,324,339,87,87,116,116,41,65,80,80,94,94,94,94,194,194,204,204,255,130,149,149,149,149,172,172,192,227,227,227,227],"floor_reached":50,"campfire_rested":2,"playtime":1012,"current_hp_per_floor":[80,80,78,80,74,74,74,69,69,70,70,50,40,26,52,54,87,87,87,79,79,79,71,71,71,71,67,67,69,69,69,69,39,87,67,67,67,67,73,73,73,73,73,73,54,56,56,56,82],"items_purged":["Strike_R","Defend_R","Pain"],"gold":227,"score":522,"play_id":"36c787dc-e706-4ff0-a068-363e93442c19","local_time":"20180316134226","is_prod":false,"is_daily":false,"is_ascension_mode":false,"campfire_upgraded":10,"timestamp":1521229346,"path_taken":["M","?","?","M","M","$","R","M","T","M","R","E","?","E","R","BOSS","M","?","?","$","?","E","R","?","T","M","R","M","R","?","R","BOSS","M","?","?","$","M","R","?","R","T","R","?","E","R","?","R","BOSS"],"build_version":"2018-03-16","purchased_purges":3,"victory":false,"master_deck":["Strike_R","Strike_R","Strike_R","Defend_R","Defend_R","Bash","Inflame+1","Twin Strike+1","Twin Strike","Spot Weakness","Inflame+1","Perfected Strike+1","Dual Wield+1","Offering+1","Twin Strike+1","Wild Strike+1","Limit Break+1","Perfected Strike+1","Perfected Strike+1","Doubt","Pommel Strike+1","Pommel Strike+1","Spot Weakness+1"],"max_hp_per_floor":[80,80,80,80,80,80,80,80,80,80,80,80,80,87,87,87,87,87,87,87,87,87,87,87,87,87,87,87,87,87,87,87,87,87,87,87,87,87,87,87,87,87,87,87,87,87,87,87,87],"relics":["Burning Blood","Ginger","Tiny Chest","Strawberry","Cursed Key","Red Mask","Pen Nib","Dream Catcher","Sozu","Anchor","Happy Flower","Vajra","Spirit Poop"],"card_choices":[{"not_picked":["Twin Strike","Shrug It Off"],"picked":"Inflame"},{"not_picked":["Brutality","Burning Pact"],"picked":"Twin Strike"},{"not_picked":["Anger","Searing Blow"],"picked":"Spot Weakness"},{"not_picked":["Headbutt","Pommel Strike"],"picked":"Perfected Strike"},{"not_picked":["Rage","Combust"],"picked":"Dual Wield"},{"not_picked":["Juggernaut","Reaper"],"picked":"Offering"},{"not_picked":["Havoc","Perfected Strike"],"picked":"Twin Strike"},{"not_picked":["Sword Boomerang","Clothesline"],"picked":"Wild Strike"},{"not_picked":["Sword Boomerang","Sentinel"],"picked":"Perfected Strike"},{"not_picked":["Seeing Red","Anger"],"picked":"Pommel Strike"},{"not_picked":["Reaper","Bloodletting"],"picked":"Pommel Strike"},{"not_picked":["Clash","Shrug It Off"],"picked":"Spot Weakness"}],"player_experience":217711,"potions_floor_usage":[13,16,16,19,20,23,27,33,33],"damage_taken":[{"damage":3,"enemies":"Jaw Worm","floor":1,"turns":4},{"damage":8,"enemies":"Small Slimes","floor":3,"turns":4},{"damage":1,"enemies":"Cultist","floor":4,"turns":4},{"damage":12,"enemies":"Gremlin Gang","floor":5,"turns":5},{"damage":11,"enemies":"Blue Slaver","floor":8,"turns":4},{"damage":5,"enemies":"Looter","floor":10,"turns":3},{"damage":26,"enemies":"Lagavulin","floor":12,"turns":5},{"damage":16,"enemies":"Lots of Slimes","floor":13,"turns":4},{"damage":27,"enemies":"Gremlin Nob","floor":14,"turns":4},{"damage":4,"enemies":"Slime Boss","floor":16,"turns":5},{"damage":4,"enemies":"Chosen","floor":18,"turns":3},{"damage":0,"enemies":"Masked Bandits","floor":19,"turns":3},{"damage":14,"enemies":"2 Thieves","floor":20,"turns":3},{"damage":14,"enemies":"Book of Stabbing","floor":23,"turns":3},{"damage":10,"enemies":"Snake Plant","floor":27,"turns":3},{"damage":4,"enemies":"Sentry and Sphere","floor":29,"turns":2},{"damage":36,"enemies":"Champ","floor":33,"turns":5},{"damage":26,"enemies":"3 Darklings","floor":35,"turns":4},{"damage":0,"enemies":"Orb Walker","floor":39,"turns":2},{"damage":25,"enemies":"3 Darklings","floor":45,"turns":3},{"damage":4,"enemies":"Giant Head","floor":46,"turns":4},{"damage":103,"enemies":"Awakened One","floor":50,"turns":5}],"event_choices":[{"event_name":"Living Wall","player_choice":"Change","floor":2,"damage_taken":0},{"event_name":"Masked Bandits","player_choice":"Fought over 297 gold","floor":19,"damage_taken":0},{"event_name":"The Library","player_choice":"Read","floor":22,"damage_taken":0},{"event_name":"Beggar","player_choice":"Gave Gold","floor":25,"damage_taken":0},{"event_name":"Vampires","player_choice":"Ignored","floor":31,"damage_taken":0},{"event_name":"Mysterious Sphere","player_choice":"Ignore","floor":36,"damage_taken":0},{"event_name":"Bonfire Elementals","player_choice":"CURSE","floor":48,"damage_taken":0}],"boss_relics":[{"not_picked":["Tiny House","White Beast Statue"],"picked":"Cursed Key"},{"not_picked":["Philosopher\u0027s Stone","Question Card"],"picked":"Sozu"}],"potions_floor_spawned":[4,8,12,14,16,19,20,23,27,39,46],"seed_played":"-6844000969235282373","killed_by":"Awakened One","ascension_level":0,"is_trial":false}