{"gold_per_floor":[114,38,38,12,22,50,67,67,93,105,139,89,100,129,129,227,227,247,264,1,27,27,52,67,97,167,200,217,217,217,234,234,339,339,356,1355,1401,1411,775,775,225,237,237,251,51,273,293,293,293,293],"floor_reached":51,"playtime":2084,"items_purged":["Normality","Normality","Strike_B"],"score":1313,"play_id":"fb4bec00-3308-4757-9977-7a573c537d1b","local_time":"20190115201550","is_ascension_mode":true,"campfire_choices":[{"data":"Zap","floor":8,"key":"SMITH"},{"data":"Biased Cognition","floor":15,"key":"SMITH"},{"data":"Seek","floor":30,"key":"SMITH"},{"data":"Turbo","floor":32,"key":"SMITH"},{"data":"Reinforced Body","floor":40,"key":"SMITH"},{"data":"Reboot","floor":49,"key":"SMITH"}],"neow_cost":"NONE","seed_source_timestamp":863906296251700,"circlet_count":0,"master_deck":["AscendersBane","Defend_B","Defend_B","Zap+1","Dualcast","Reinforced Body+1","Biased Cognition+1","All For One","Turbo+1","Cold Snap","Go for the Eyes","Steam","Ball Lightning","Reboot+1","Stack","Conserve Battery","Reboot","Darkness+1","Hyperbeam+1","Fusion+1","Skim+1","Scrape+1","Master of Strategy","Capacitor","Cold Snap","Seek+1","Steam+1","Steam+1","Steam Power+1","All For One","Scrape+1","Capacitor+1","Biased Cognition+1","BootSequence","Capacitor","Hologram+1"],"relics":["Cracked Core","NeowsBlessing","Boot","DataDisk","Pantograph","Letter Opener","Astrolabe","Red Mask","Pen Nib","Darkstone Periapt","Bottled Lightning","Mercury Hourglass","Coffee Dripper","Mango","Gambling Chip","OrangePellets","DollysMirror","Potion Belt","Meat on the Bone"],"potions_floor_usage":[23,25,25,37,37,50,50],"damage_taken":[{"damage":0,"enemies":"Small Slimes","floor":1,"turns":1},{"damage":0,"enemies":"Jaw Worm","floor":5,"turns":1},{"damage":0,"enemies":"3 Sentries","floor":6,"turns":1},{"damage":0,"enemies":"Cultist","floor":7,"turns":2},{"damage":0,"enemies":"2 Fungi Beasts","floor":10,"turns":2},{"damage":4,"enemies":"Lagavulin","floor":11,"turns":6},{"damage":11,"enemies":"Looter","floor":13,"turns":2},{"damage":16,"enemies":"Gremlin Nob","floor":14,"turns":3},{"damage":9,"enemies":"The Guardian","floor":16,"turns":9},{"damage":0,"enemies":"Shell Parasite","floor":18,"turns":2},{"damage":0,"enemies":"Spheric Guardian","floor":19,"turns":2},{"damage":0,"enemies":"Masked Bandits","floor":21,"turns":2},{"damage":0,"enemies":"Gremlin Leader","floor":23,"turns":3},{"damage":1,"enemies":"Centurion and Healer","floor":24,"turns":5},{"damage":18,"enemies":"Book of Stabbing","floor":25,"turns":5},{"damage":0,"enemies":"Gremlin Leader","floor":27,"turns":5},{"damage":0,"enemies":"Snake Plant","floor":28,"turns":4},{"damage":0,"enemies":"Sentry and Sphere","floor":31,"turns":2},{"damage":6,"enemies":"Collector","floor":33,"turns":7},{"damage":0,"enemies":"3 Darklings","floor":35,"turns":1},{"damage":56,"enemies":"2 Orb Walkers","floor":37,"turns":5},{"damage":0,"enemies":"Orb Walker","floor":38,"turns":2},{"damage":0,"enemies":"Jaw Worm Horde","floor":42,"turns":2},{"damage":6,"enemies":"3 Darklings","floor":44,"turns":2},{"damage":0,"enemies":"Maw","floor":47,"turns":4},{"damage":3,"enemies":"Time Eater","floor":50,"turns":8}],"seed_played":"1504815225579393804","potions_obtained":[{"floor":1,"key":"Block Potion"},{"floor":7,"key":"SkillPotion"},{"floor":10,"key":"LiquidBronze"},{"floor":21,"key":"Energy Potion"},{"floor":23,"key":"FairyPotion"},{"floor":27,"key":"Regen Potion"},{"floor":31,"key":"SpeedPotion"},{"floor":35,"key":"Regen Potion"},{"floor":37,"key":"Block Potion"}],"is_trial":false,"path_per_floor":["M","$","?","$","M","E","M","R","T","M","E","?","M","E","R","B",null,"M","M","$","?","?","E","M","E","T","E","M","?","R","M","R","B",null,"M","?","?","M","$","R","$","M","T","M","$","?","M","?","R","B",null],"character_chosen":"DEFECT","items_purchased":["Biased Cognition","Turbo","Master of Strategy","Capacitor","Cold Snap","Gambling Chip","OrangePellets","Regen Potion","DollysMirror","Potion Belt","PowerPotion","Energy Potion","Capacitor"],"campfire_rested":0,"item_purchase_floors":[2,4,20,20,20,39,39,39,41,41,41,41,45],"current_hp_per_floor":[68,68,68,68,68,68,68,68,68,68,64,64,53,37,37,53,70,70,70,70,70,70,70,69,51,51,51,51,51,51,51,51,69,74,74,86,63,63,63,63,63,63,63,57,57,57,57,57,57,94],"gold":293,"neow_bonus":"THREE_ENEMY_KILL","is_prod":false,"is_daily":false,"chose_seed":false,"campfire_upgraded":6,"win_rate":0,"timestamp":1547583350,"path_taken":["M","$","?","?","?","E","M","R","T","M","E","?","M","E","R","BOSS","M","M","$","?","?","E","M","E","T","E","M","?","R","?","R","BOSS","M","?","?","M","$","R","$","M","T","M","$","?","M","?","R","BOSS"],"build_version":"2019-01-10","purchased_purges":3,"victory":true,"max_hp_per_floor":[75,75,75,75,75,75,75,75,75,75,75,75,75,75,75,75,75,75,75,75,75,75,75,75,75,75,75,75,75,75,75,75,75,75,75,87,101,101,101,101,101,101,101,101,101,101,101,101,101,101],"card_choices":[{"not_picked":["Reprogram","Sweeping Beam"],"picked":"Reinforced Body","floor":1},{"not_picked":["Rip and Tear","FTL"],"picked":"Cold Snap","floor":5},{"not_picked":["Stack","Force Field"],"picked":"Go for the Eyes","floor":6},{"not_picked":["Compile Driver","Steam Power"],"picked":"Steam","floor":7},{"not_picked":["Reinforced Body","Hologram"],"picked":"Ball Lightning","floor":10},{"not_picked":["Go for the Eyes","Sweeping Beam"],"picked":"Reboot","floor":11},{"not_picked":["Stack","Tempest","Scrape"],"picked":"SKIP","floor":13},{"not_picked":["Tempest","Scrape"],"picked":"Stack","floor":13},{"not_picked":["Force Field","Ball Lightning"],"picked":"Conserve Battery","floor":14},{"not_picked":["Fission","All For One"],"picked":"Reboot","floor":16},{"not_picked":["Stack+1","Coolheaded"],"picked":"Skim+1","floor":18},{"not_picked":["Conserve Battery","Static Discharge"],"picked":"Scrape+1","floor":19},{"not_picked":["Fusion+1","Hologram+1"],"picked":"Defragment+1","floor":21},{"not_picked":["Go for the Eyes","Sweeping Beam","Barrage"],"picked":"SKIP","floor":23},{"not_picked":["Heatsinks+1","Steam"],"picked":"Seek","floor":24},{"not_picked":["Go for the Eyes","Leap+1"],"picked":"Steam+1","floor":25},{"not_picked":["Genetic Algorithm","Turbo+1","Cold Snap"],"picked":"SKIP","floor":27},{"not_picked":["Stack","Streamline"],"picked":"Steam+1","floor":28},{"not_picked":["Leap","Steam"],"picked":"Steam Power+1","floor":31},{"not_picked":["Fission","Echo Form"],"picked":"All For One","floor":33},{"not_picked":["Hologram","Sweeping Beam+1","Chill"],"picked":"SKIP","floor":35},{"not_picked":["Hologram","Undo"],"picked":"Scrape+1","floor":37},{"not_picked":["Cold Snap+1","Steam+1"],"picked":"Capacitor+1","floor":38},{"not_picked":["Undo+1","Genetic Algorithm"],"picked":"BootSequence","floor":42},{"not_picked":["Go for the Eyes+1","Sweeping Beam+1","Turbo"],"picked":"SKIP","floor":44},{"not_picked":["Self Repair","Conserve Battery"],"picked":"Hologram+1","floor":47}],"player_experience":109693,"relics_obtained":[{"floor":6,"key":"Boot"},{"floor":9,"key":"DataDisk"},{"floor":11,"key":"Pantograph"},{"floor":14,"key":"Letter Opener"},{"floor":21,"key":"Red Mask"},{"floor":23,"key":"Pen Nib"},{"floor":25,"key":"Darkstone Periapt"},{"floor":26,"key":"Bottled Lightning"},{"floor":27,"key":"Mercury Hourglass"},{"floor":37,"key":"Mango"},{"floor":43,"key":"Meat on the Bone"}],"event_choices":[{"damage_healed":0,"gold_gain":0,"cards_transformed":["Strike_B"],"player_choice":"Change","damage_taken":0,"max_hp_gain":0,"max_hp_loss":0,"event_name":"Living Wall","floor":3,"gold_loss":0,"cards_obtained":["All For One"]},{"cards_removed":["Defend_B"],"damage_healed":0,"gold_gain":0,"player_choice":"Card Removal","damage_taken":0,"max_hp_gain":0,"max_hp_loss":0,"event_name":"The Cleric","floor":12,"gold_loss":50},{"damage_healed":0,"gold_gain":0,"player_choice":"Fought Bandits","damage_taken":0,"max_hp_gain":0,"max_hp_loss":0,"event_name":"Masked Bandits","floor":21,"gold_loss":0},{"damage_healed":0,"gold_gain":0,"player_choice":"Ignored","damage_taken":0,"max_hp_gain":0,"max_hp_loss":0,"event_name":"Beggar","floor":22,"gold_loss":0},{"damage_healed":0,"gold_gain":0,"player_choice":"Ignored","damage_taken":0,"max_hp_gain":0,"max_hp_loss":0,"event_name":"The Mausoleum","floor":29,"gold_loss":0},{"damage_healed":0,"gold_gain":999,"player_choice":"Gold","damage_taken":0,"max_hp_gain":0,"max_hp_loss":0,"event_name":"MindBloom","floor":36,"gold_loss":0,"cards_obtained":["Normality","Normality"]},{"damage_healed":0,"gold_gain":0,"player_choice":"Fight","damage_taken":0,"max_hp_gain":0,"max_hp_loss":0,"event_name":"Mysterious Sphere","floor":37,"gold_loss":0},{"damage_healed":0,"gold_gain":222,"player_choice":"Wore Mask","damage_taken":0,"max_hp_gain":0,"max_hp_loss":0,"event_name":"Tomb of Lord Red Mask","floor":46,"gold_loss":0},{"cards_removed":["Defragment"],"damage_healed":0,"gold_gain":0,"player_choice":"Removed Power","damage_taken":0,"max_hp_gain":0,"max_hp_loss":0,"event_name":"Falling","floor":48,"gold_loss":0}],"is_beta":false,"boss_relics":[{"not_picked":["Busted Crown","Empty Cage"],"picked":"Astrolabe"},{"not_picked":["Black Star","Orrery"],"picked":"Coffee Dripper"}],"items_purged_floors":[39,41,45],"is_endless":false,"potions_floor_spawned":[1,7,10,11,19,21,23,27,31,35,37,44],"ascension_level":10}