{"path_per_floor":["M","?","?","$","M","R","E","R","T","E","$","?","M","M","R","B",null,"M","M","?","?","$","E","$","R","T","M","?","M","E","M","R","B",null,"M","?","$","M","$","R","T","M","T","E","M","R","?","M","R","B"],"character_chosen":"THE_SILENT","items_purchased":["Lantern","Apotheosis","Panache"],"gold_per_floor":[113,213,213,69,85,85,110,110,161,186,8,8,25,35,35,137,167,181,191,91,91,16,49,49,49,129,144,144,154,181,200,200,304,304,323,323,44,61,61,61,61,72,125,160,174,174,174,188,188,188],"floor_reached":51,"campfire_rested":6,"playtime":2370,"current_hp_per_floor":[59,59,52,52,52,52,43,64,64,34,34,27,27,29,50,71,77,65,52,52,52,52,37,37,62,62,51,51,46,49,34,57,73,73,71,71,71,53,53,53,53,61,61,40,25,50,50,23,48,17],"items_purged":["Defend_G","Defend_G"],"gold":188,"score":808,"play_id":"22c01ba6-d97f-49e6-8637-55d21d6becd6","is_prod":false,"is_daily":false,"is_ascension_mode":true,"campfire_upgraded":2,"path_taken":["M","?","?","?","?","R","E","R","T","E","$","?","M","M","R","BOSS","M","?","?","?","?","E","?","R","T","?","?","?","E","M","R","BOSS","M","?","$","?","?","R","?","M","T","E","M","R","?","M","R","BOSS"],"build_version":"2018-02-22-PROD2","purchased_purges":2,"victory":true,"master_deck":["Defend_G","Survivor","Neutralize","Acrobatics","Dagger Spray+1","After Image","Cloak And Dagger","Apotheosis+1","Cloak And Dagger","Phantasmal Killer","Accuracy","Cloak And Dagger","J.A.X.","Blade Dance","Bite","Bite","Bite","Bite","Bite","Burst","Panache","Cloak And Dagger+1","Cloak And Dagger+1","Accuracy","Acrobatics+1"],"max_hp_per_floor":[70,70,70,70,70,70,70,70,70,70,70,70,70,72,72,72,77,77,79,79,79,79,79,79,81,81,83,58,60,69,71,73,73,73,75,75,75,75,75,75,75,77,77,77,77,79,79,79,81,81],"relics":["Runic Dome","Ice Cream","Lantern","Pantograph","Singing Bowl","Vajra","Tiny House","Dream Catcher","Toolbox","Strawberry","Question Card","Tingsha","Pen Nib","Matryoshka"],"card_choices":[{"not_picked":["PiercingWail","Bane"],"picked":"Acrobatics"},{"not_picked":["Acrobatics","Heel Hook"],"picked":"Dagger Spray"},{"not_picked":["Outmaneuver","Poisoned Stab"],"picked":"After Image"},{"not_picked":["Accuracy","Deadly Poison"],"picked":"Cloak And Dagger"},{"not_picked":["PiercingWail","Heel Hook"],"picked":"Cloak And Dagger"},{"not_picked":["Night Terror","Tactician"],"picked":"Phantasmal Killer"},{"not_picked":["Slice","Poisoned Stab"],"picked":"Accuracy"},{"not_picked":["Deadly Poison","Skewer"],"picked":"Cloak And Dagger"},{"not_picked":["Calculated Gamble","Backflip"],"picked":"Blade Dance"},{"not_picked":["Wraith Form","Tools of the Trade"],"picked":"Burst"},{"not_picked":["Accuracy","Flying Knee","Sucker Punch"],"picked":"Cloak And Dagger"},{"not_picked":["Dagger Spray","Expertise","Poisoned Stab"],"picked":"Cloak And Dagger"},{"not_picked":["Acrobatics","Footwork","Backflip"],"picked":"Accuracy"},{"not_picked":["Dash","PiercingWail","Bane"],"picked":"Acrobatics"}],"player_experience":165644,"potions_floor_usage":[10,16,31,38,50,50],"damage_taken":[{"damage":4,"enemies":"Jaw Worm","floor":1,"turns":4},{"damage":0,"enemies":"Cultist","floor":5,"turns":5},{"damage":9,"enemies":"3 Sentries","floor":7,"turns":5},{"damage":30,"enemies":"Gremlin Nob","floor":10,"turns":5},{"damage":0,"enemies":"2 Louse","floor":13,"turns":2},{"damage":0,"enemies":"Exordium Thugs","floor":14,"turns":4},{"damage":1,"enemies":"Slime Boss","floor":16,"turns":6},{"damage":12,"enemies":"Spheric Guardian","floor":18,"turns":5},{"damage":15,"enemies":"Chosen","floor":19,"turns":7},{"damage":15,"enemies":"Book of Stabbing","floor":23,"turns":6},{"damage":13,"enemies":"Centurion and Healer","floor":27,"turns":4},{"damage":10,"enemies":"Snake Plant","floor":29,"turns":3},{"damage":16,"enemies":"Gremlin Leader","floor":30,"turns":4},{"damage":29,"enemies":"Chosen and Byrds","floor":31,"turns":5},{"damage":18,"enemies":"Champ","floor":33,"turns":8},{"damage":12,"enemies":"Orb Walker","floor":35,"turns":3},{"damage":28,"enemies":"3 Darklings","floor":38,"turns":4},{"damage":3,"enemies":"Sphere and 2 Shapes","floor":42,"turns":4},{"damage":46,"enemies":"Giant Head","floor":44,"turns":7},{"damage":28,"enemies":"Maw","floor":45,"turns":5},{"damage":45,"enemies":"3 Darklings","floor":48,"turns":4},{"damage":77,"enemies":"Awakened One","floor":50,"turns":8}],"event_choices":[{"event_name":"Golden Shrine","player_choice":"Pray","floor":2,"damage_taken":0},{"event_name":"Scrap Ooze","player_choice":"success","floor":3,"damage_taken":7},{"event_name":"Golden Wing","player_choice":"Card Removal","floor":12,"damage_taken":0},{"event_name":"Drug Dealer","player_choice":"Got JAXXED","floor":20,"damage_taken":0},{"event_name":"Back to Basics","player_choice":"Elegance","floor":21,"damage_taken":0},{"event_name":"Vampires","player_choice":"Became a vampire","floor":28,"damage_taken":0},{"event_name":"Tomb of Lord Red Mask","player_choice":"Ignored","floor":36,"damage_taken":0}],"boss_relics":[{"not_picked":["The Specimen","Calling Bell"],"picked":"Tiny House"},{"not_picked":["Velvet Choker","Runic Pyramid"],"picked":"Question Card"}],"potions_floor_spawned":[5,10,23,27,29,33,38,42],"seed_played":"-2672099503480075812","ascension_level":7,"is_trial":false}