{"path_per_floor":["M","M","M","M","M","R","E","R","T","T","?","M","E","M","R","B",null,"M","?","$","M","T","R","M","R","T","$","$","M","M","E","R"],"character_chosen":"IRONCLAD","items_purchased":["Pen Nib","Hemokinesis","Combust"],"gold_per_floor":[112,122,139,151,168,168,200,200,224,250,250,263,321,340,340,436,436,452,452,160,180,229,229,241,241,241,74,74,88,107,134,134],"floor_reached":33,"campfire_rested":1,"playtime":1507,"current_hp_per_floor":[75,73,79,70,76,76,62,62,62,62,54,59,55,56,56,64,80,80,80,80,76,83,83,78,78,78,78,78,70,60,16,42],"items_purged":["Bite_R","Doubt"],"gold":134,"play_id":"56038ebb-d761-41f6-bee4-c3e7eda3abe0","is_prod":false,"is_daily":false,"campfire_rituals":0,"campfire_upgraded":5,"is_hardmode":false,"path_taken":["M","M","?","M","M","R","E","R","T","?","?","M","E","M","R","BOSS","M","?","$","?","?","R","?","R","T","?","$","M","M","E","R","BOSS"],"build_version":"2018-01-18-PROD4","purchased_purges":2,"victory":false,"master_deck":["Defend_R","Defend_R","Defend_R","Defend_R","Bash","Clash","Clash","Rampage","Clash","Flex","Pommel Strike","Flex","Rupture","Bite_R","Bite_R","Bite_R","Bite_R","Hemokinesis","Rupture","Writhe","Combust","Rupture","Seeing Red"],"max_hp_per_floor":[80,80,80,80,80,80,80,80,80,80,80,80,80,80,80,80,80,80,80,80,80,87,87,87,87,87,87,87,87,87,87,87],"relics":["Burning Blood","Happy Flower","Bronze Scales","Tiny Chest","Cursed Key","Pen Nib","Strawberry","Sundial","Frozen Eye"],"campfire_meditates":0,"card_choices":[{"not_picked":["Iron Wave","Entrench"],"picked":"Clash"},{"not_picked":["Heavy Blade","Wild Strike"],"picked":"Clash"},{"not_picked":["Intimidate","Cleave"],"picked":"Rampage"},{"not_picked":["Thunderclap","Feel No Pain"],"picked":"Clash"},{"not_picked":["Rampage","Warcry"],"picked":"Flex"},{"not_picked":["Barricade","Heavy Blade"],"picked":"Pommel Strike"},{"not_picked":["Sword Boomerang","Heavy Blade"],"picked":"Flex"},{"not_picked":["Headbutt","Twin Strike"],"picked":"Rupture"},{"not_picked":["Reckless Charge","Dropkick"],"picked":"Rupture"},{"not_picked":["Blood for Blood","Anger"],"picked":"Rupture"},{"not_picked":["Sentinel","Searing Blow"],"picked":"Seeing Red"}],"player_experience":298400,"potions_floor_usage":[13,16,29,30],"damage_taken":[{"damage":11,"enemies":"Blue Slaver","floor":1,"turns":7},{"damage":8,"enemies":"Jaw Worm","floor":2,"turns":4},{"damage":0,"enemies":"Small Slimes","floor":3,"turns":2},{"damage":15,"enemies":"3 Louse","floor":4,"turns":3},{"damage":0,"enemies":"Large Slime","floor":5,"turns":4},{"damage":20,"enemies":"3 Sentries","floor":7,"turns":7},{"damage":3,"enemies":"Gremlin Gang","floor":12,"turns":3},{"damage":21,"enemies":"Lagavulin","floor":13,"turns":5},{"damage":7,"enemies":"Exordium Thugs","floor":14,"turns":2},{"damage":0,"enemies":"Slime Boss","floor":16,"turns":5},{"damage":0,"enemies":"Spheric Guardian","floor":18,"turns":2},{"damage":10,"enemies":"Shell Parasite","floor":21,"turns":2},{"damage":23,"enemies":"Centurion and Healer","floor":24,"turns":5},{"damage":22,"enemies":"Snecko","floor":29,"turns":5},{"damage":18,"enemies":"Snake Plant","floor":30,"turns":3},{"damage":58,"enemies":"Slavers","floor":31,"turns":5},{"damage":66,"enemies":"Collector","floor":33,"turns":6}],"event_choices":[{"event_name":"Wheel of Change","player_choice":"Damage","floor":11,"damage_taken":0},{"event_name":"Vampires","player_choice":"Became a vampire (Vial)","floor":19,"damage_taken":0}],"boss_relics":[{"not_picked":["Velvet Choker","Sozu"],"picked":"Cursed Key"}],"potions_floor_spawned":[1,2,5,13,16,18,29],"seed_played":"7819447127898444057","killed_by":"Collector","is_trial":false}