{"gold_per_floor":[19,39,59,59,70,104,104,132,132,132,160,177,0,0],"floor_reached":14,"playtime":875,"items_purged":["Strike_G"],"score":146,"play_id":"f8953c8f-db3b-4d16-8dde-c6e014fe8863","local_time":"20180809231123","is_ascension_mode":true,"campfire_choices":[{"data":"Dash","floor":7,"key":"SMITH"},{"data":"Skewer","floor":10,"key":"SMITH"}],"neow_cost":"NO_GOLD","seed_source_timestamp":1132956561843100,"circlet_count":0,"master_deck":["Defend_G","Defend_G","Defend_G","Defend_G","Defend_G","Strike_G","Strike_G","Strike_G","Strike_G","Survivor","Neutralize","Backstab","Dash+1","Dagger Throw","Adrenaline","Skewer+1","Underhanded Strike","Prepared"],"relics":["Ring of the Snake","Shuriken","Vajra","Frozen Egg 2","The Specimen"],"potions_floor_usage":[5],"damage_taken":[{"damage":0,"enemies":"2 Louse","floor":1,"turns":2},{"damage":0,"enemies":"Small Slimes","floor":2,"turns":3},{"damage":2,"enemies":"Jaw Worm","floor":3,"turns":5},{"damage":3,"enemies":"Large Slime","floor":5,"turns":6},{"damage":28,"enemies":"Gremlin Nob","floor":6,"turns":5},{"damage":14,"enemies":"3 Sentries","floor":8,"turns":6},{"damage":1,"enemies":"Gremlin Nob","floor":11,"turns":3},{"damage":0,"enemies":"Exordium Wildlife","floor":12,"turns":2}],"seed_played":"-7748004509287160153","potions_obtained":[{"floor":2,"key":"Strength Potion"},{"floor":3,"key":"Fruit Juice"},{"floor":8,"key":"Swift Potion"},{"floor":11,"key":"Dexterity Potion"}],"is_trial":false,"path_per_floor":["M","M","M","?","M","E","R","E","T","R","E","M","$"],"character_chosen":"THE_SILENT","items_purchased":["Underhanded Strike","Prepared"],"campfire_rested":0,"item_purchase_floors":[13,13],"current_hp_per_floor":[84,84,82,82,84,56,56,42,42,42,41,41,41,0],"gold":0,"neow_bonus":"TWENTY_PERCENT_HP_BONUS","is_prod":false,"is_daily":false,"chose_seed":false,"campfire_upgraded":2,"win_rate":0,"timestamp":1533827483,"path_taken":["M","M","M","?","M","E","R","E","T","R","E","M","$","?"],"build_version":"2018-08-02","purchased_purges":1,"victory":false,"max_hp_per_floor":[84,84,84,84,89,89,89,89,89,89,89,89,89,89],"card_choices":[{"not_picked":["Deadly Poison","Concentrate"],"picked":"Backstab","floor":1},{"not_picked":["Distraction","Slice","Dodge and Roll"],"picked":"SKIP","floor":2},{"not_picked":["Masterful Stab","Flying Knee"],"picked":"Dash","floor":3},{"not_picked":["Concentrate","Sucker Punch"],"picked":"Dagger Throw","floor":5},{"not_picked":["Blade Dance","Setup"],"picked":"Adrenaline","floor":6},{"not_picked":["Blur","Flying Knee"],"picked":"Skewer","floor":8},{"not_picked":["Burst","Poisoned Stab","Glass Knife"],"picked":"SKIP","floor":11},{"not_picked":["Sucker Punch","Noxious Fumes+1","All Out Attack"],"picked":"SKIP","floor":12}],"player_experience":251822,"relics_obtained":[{"floor":6,"key":"Shuriken"},{"floor":8,"key":"Vajra"},{"floor":9,"key":"Frozen Egg 2"},{"floor":11,"key":"The Specimen"}],"event_choices":[{"event_name":"Liars Game","player_choice":"disagreed","floor":4,"damage_taken":0}],"is_beta":false,"boss_relics":[],"items_purged_floors":[13],"is_endless":false,"potions_floor_spawned":[2,3,8,11],"ascension_level":2}