{"gold_per_floor":[111,123,142,154,173,201,201,215,215,231,262,282,282,309,309,404,404,418,429,20,31,49,49,78,78,78,78,78,104,116,151,151,246,246,258,305,305,1,17,17,46,46,46,60,11,31,50,112,112,112],"floor_reached":50,"playtime":6998,"items_purged":["Consume"],"score":902,"play_id":"829f13d1-2a25-46af-9bc5-059a1c2d6e68","local_time":"20180818221513","is_ascension_mode":true,"campfire_choices":[{"floor":13,"key":"REST"},{"data":"Defragment","floor":15,"key":"SMITH"},{"data":"Dualcast","floor":23,"key":"SMITH"},{"floor":25,"key":"REST"},{"floor":32,"key":"REST"},{"floor":40,"key":"REST"},{"floor":49,"key":"REST"}],"neow_cost":"NONE","seed_source_timestamp":186801256816103,"circlet_count":0,"master_deck":["Zap+1","Dualcast+1","Beam Cell","Cold Snap","FTL","Go for the Eyes","Gash","Go for the Eyes+1","Ball Lightning+1","Self Repair","Echo Form","Defragment+1","Core Surge+1","Doom and Gloom+1","Rebound+1","Streamline+1","Gash+1","Leap","Rebound+1","Hologram","Conserve Battery","Beam Cell+1","Go for the Eyes+1","Swift Strike+1","Conserve Battery+1","Steam+1","Ball Lightning+1","Glacier+1","Go for the Eyes+1","Gash+1","Gash+1","White Noise","Beam Cell+1","Gash+1","Cold Snap+1","Conserve Battery+1","Ball Lightning+1"],"relics":["Cracked Core","Molten Egg 2","Ancient Tea Set","Anchor","Centennial Puzzle","Dodecahedron","Pandora\u0027s Box","Cables","Mercury Hourglass","Strawberry","Darkstone Periapt","Smiling Mask","Nuclear Battery","Du-Vu Doll","DataDisk","Bird Faced Urn","Oddly Smooth Stone","Tiny Chest"],"potions_floor_usage":[6,10,11,14,22,29,33,36,44,44,44,48,48,50],"damage_taken":[{"damage":0,"enemies":"Cultist","floor":1,"turns":4},{"damage":2,"enemies":"Jaw Worm","floor":2,"turns":3},{"damage":0,"enemies":"Small Slimes","floor":3,"turns":2},{"damage":6,"enemies":"Looter","floor":4,"turns":3},{"damage":10,"enemies":"Gremlin Gang","floor":5,"turns":5},{"damage":3,"enemies":"Gremlin Nob","floor":6,"turns":3},{"damage":0,"enemies":"Large Slime","floor":8,"turns":3},{"damage":2,"enemies":"Lots of Slimes","floor":10,"turns":3},{"damage":11,"enemies":"3 Sentries","floor":11,"turns":5},{"damage":0,"enemies":"3 Louse","floor":12,"turns":3},{"damage":8,"enemies":"Lagavulin","floor":14,"turns":5},{"damage":0,"enemies":"Slime Boss","floor":16,"turns":8},{"damage":11,"enemies":"Shell Parasite","floor":18,"turns":3},{"damage":17,"enemies":"2 Thieves","floor":19,"turns":3},{"damage":9,"enemies":"Centurion and Healer","floor":21,"turns":4},{"damage":0,"enemies":"Cultist and Chosen","floor":22,"turns":4},{"damage":24,"enemies":"Slavers","floor":24,"turns":4},{"damage":17,"enemies":"Book of Stabbing","floor":29,"turns":3},{"damage":7,"enemies":"Snecko","floor":30,"turns":3},{"damage":22,"enemies":"Gremlin Leader","floor":31,"turns":6},{"damage":36,"enemies":"Automaton","floor":33,"turns":10},{"damage":11,"enemies":"3 Shapes","floor":35,"turns":4},{"damage":30,"floor":36,"turns":4},{"damage":10,"enemies":"Flame Bruiser 1 Orb","floor":39,"turns":4},{"damage":22,"enemies":"2 Orb Walkers","floor":41,"turns":5},{"damage":12,"enemies":"Transient","floor":44,"turns":5},{"damage":0,"enemies":"4 Shapes","floor":46,"turns":3},{"damage":33,"enemies":"Maw","floor":47,"turns":5},{"damage":9,"enemies":"Nemesis","floor":48,"turns":7},{"damage":117,"enemies":"Awakened One","floor":50,"turns":9}],"seed_played":"-6368864389464921216","potions_obtained":[{"floor":2,"key":"FearPotion"},{"floor":5,"key":"SteroidPotion"},{"floor":8,"key":"SteroidPotion"},{"floor":10,"key":"Energy Potion"},{"floor":12,"key":"EssenceOfSteel"},{"floor":21,"key":"AttackPotion"},{"floor":24,"key":"Dexterity Potion"},{"floor":29,"key":"SpeedPotion"},{"floor":31,"key":"Swift Potion"},{"floor":33,"key":"FairyPotion"},{"floor":35,"key":"Energy Potion"},{"floor":36,"key":"SmokeBomb"},{"floor":47,"key":"SkillPotion"},{"floor":48,"key":"LiquidBronze"}],"is_trial":false,"path_per_floor":["M","M","M","M","M","E","?","M","T","M","E","M","R","E","R","B",null,"M","M","$","M","M","R","E","R","T","$","?","E","M","E","R","B",null,"M","?","?","$","M","R","E","$","T","M","$","M","M","E","R"],"character_chosen":"DEFECT","items_purchased":["Cables","Beam Cell+1","Go for the Eyes+1","Swift Strike+1","DataDisk","EntropicBrew","Gash+1"],"campfire_rested":5,"item_purchase_floors":[20,20,20,20,38,38,45],"current_hp_per_floor":[68,66,66,60,50,47,47,47,47,45,34,41,63,62,62,69,74,70,53,53,44,51,51,27,49,56,56,82,65,58,43,67,38,71,67,44,44,44,41,65,50,50,50,44,44,46,46,52,76,0],"gold":112,"neow_bonus":"UPGRADE_CARD","is_prod":false,"is_daily":false,"chose_seed":false,"campfire_upgraded":2,"win_rate":0,"timestamp":1534652113,"path_taken":["M","M","M","M","?","E","?","M","T","?","E","?","R","E","R","BOSS","M","M","$","M","M","R","E","R","T","$","?","E","M","E","R","BOSS","M","?","?","$","?","R","E","$","T","?","?","M","M","E","R","BOSS"],"build_version":"2018-08-16","purchased_purges":1,"victory":false,"max_hp_per_floor":[75,75,75,75,75,75,75,75,75,75,75,75,75,75,75,75,75,75,75,75,75,75,75,75,75,82,82,82,82,82,82,82,82,82,82,82,82,82,82,82,82,82,82,82,82,82,82,82,82,82],"card_choices":[{"not_picked":["Sweeping Beam","Ball Lightning"],"picked":"Beam Cell","floor":1},{"not_picked":["Stack","Capacitor"],"picked":"Cold Snap","floor":2},{"not_picked":["Conserve Battery","Compile Driver"],"picked":"FTL","floor":3},{"not_picked":["Conserve Battery","Double Energy"],"picked":"Go for the Eyes","floor":4},{"not_picked":["Leap","Glacier"],"picked":"Gash","floor":5},{"not_picked":["Glacier","Auto Shields"],"picked":"Go for the Eyes","floor":6},{"not_picked":["BootSequence","Capacitor"],"picked":"Ball Lightning+1","floor":8},{"not_picked":["Static Discharge","Hologram","Consume"],"picked":"SKIP","floor":10},{"not_picked":["Leap","Blizzard+1"],"picked":"Self Repair","floor":11},{"not_picked":["Conserve Battery","Recycle"],"picked":"Echo Form","floor":12},{"not_picked":["Leap","Sweeping Beam+1"],"picked":"Defragment","floor":14},{"not_picked":["Buffer","Reboot"],"picked":"Core Surge+1","floor":16},{"not_picked":["Barrage+1","Rip and Tear+1","Auto Shields"],"picked":"SKIP","floor":18},{"not_picked":["Coolheaded","Undo+1"],"picked":"Conserve Battery","floor":19},{"not_picked":["Steam","Sweeping Beam+1"],"picked":"Conserve Battery+1","floor":21},{"not_picked":["Heatsinks","Fusion+1"],"picked":"Steam+1","floor":22},{"not_picked":["Tempest","Recycle"],"picked":"Ball Lightning+1","floor":24},{"not_picked":["Aggregate+1","Melter+1","Barrage+1"],"picked":"SKIP","floor":29},{"not_picked":["Leap","Stack","Steam"],"picked":"SKIP","floor":30},{"not_picked":["Multi-Cast","Leap"],"picked":"Glacier+1","floor":31},{"not_picked":["Glacier","FTL+1","Compile Driver+1"],"picked":"SKIP","floor":35},{"not_picked":["Loop","Redo"],"picked":"Go for the Eyes+1","floor":36},{"not_picked":["Steam Power","Cold Snap+1"],"picked":"Gash+1","floor":39},{"not_picked":["Turbo+1","Coolheaded+1"],"picked":"White Noise","floor":41},{"not_picked":["Skim","Coolheaded"],"picked":"Beam Cell+1","floor":44},{"not_picked":["Turbo+1","Barrage+1"],"picked":"Cold Snap+1","floor":46},{"not_picked":["Undo","Reprogram"],"picked":"Conserve Battery+1","floor":47},{"not_picked":["Sweeping Beam+1","Hologram+1"],"picked":"Ball Lightning+1","floor":48}],"player_experience":488354,"relics_obtained":[{"floor":6,"key":"Molten Egg 2"},{"floor":9,"key":"Anchor"},{"floor":11,"key":"Centennial Puzzle"},{"floor":14,"key":"Dodecahedron"},{"floor":24,"key":"Mercury Hourglass"},{"floor":26,"key":"Strawberry"},{"floor":29,"key":"Darkstone Periapt"},{"floor":31,"key":"Smiling Mask"},{"floor":36,"key":"Du-Vu Doll"},{"floor":41,"key":"Bird Faced Urn"},{"floor":43,"key":"Oddly Smooth Stone"},{"floor":48,"key":"Tiny Chest"}],"event_choices":[{"event_name":"WeMeetAgain","player_choice":"Potion","floor":7,"damage_taken":0},{"event_name":"The Library","player_choice":"Heal","floor":28,"damage_taken":0},{"event_name":"Mysterious Sphere","player_choice":"Fight","floor":36,"damage_taken":0},{"event_name":"Match and Keep!","player_choice":"1 cards matched","floor":37,"damage_taken":0}],"is_beta":true,"boss_relics":[{"not_picked":["Lizard Tail","Eternal Feather"],"picked":"Pandora\u0027s Box"},{"not_picked":["White Beast Statue","Fusion Hammer"],"picked":"Nuclear Battery"}],"items_purged_floors":[38],"is_endless":false,"potions_floor_spawned":[2,5,8,10,12,21,24,29,31,33,35,36,47,48],"killed_by":"Awakened One","ascension_level":6}