{"path_per_floor":["M","M","$","?","M","E","R","M","T","?","$","M","E","M","R","B",null,"M","?","M","$","?"],"character_chosen":"THE_SILENT","items_purchased":["Quick Slash","Calculated Gamble"],"gold_per_floor":[69,83,83,33,52,83,83,100,125,125,27,43,78,89,89,185,185,156,71,86,13,13],"floor_reached":23,"campfire_rested":1,"playtime":2040,"current_hp_per_floor":[70,70,70,70,68,62,62,62,62,62,62,51,17,11,47,16,70,50,50,50,50,50],"items_purged":["Regret"],"gold":13,"play_id":"bd232b05-991d-45c4-a823-e5dd730c1418","is_prod":false,"is_daily":false,"campfire_rituals":0,"campfire_upgraded":1,"is_hardmode":false,"path_taken":["M","M","$","?","M","E","R","?","T","?","$","M","E","M","R","BOSS","M","?","M","?","?","E"],"build_version":"2017-12-21-PROD1","purchased_purges":1,"victory":false,"master_deck":["Defend_G","Defend_G","Defend_G","Defend_G","Defend_G","Strike_G","Strike_G","Strike_G","Strike_G","Survivor","Neutralize","Tactician","Underhanded Strike","Footwork","Dagger Spray","Prepared","Flying Knee","Quick Slash","Underhanded Strike","Acrobatics","Well Laid Plans","Tools of the Trade","Dagger Throw","Acrobatics","Calculated Gamble"],"max_hp_per_floor":[70,70,70,70,70,70,70,70,70,70,70,70,70,70,70,70,70,70,70,70,70,70],"relics":["Ring of the Snake","Ancient Tea Set","Regal Pillow","Gremlin Horn","Oddly Smooth Stone","White Beast Statue","Thread and Needle"],"campfire_meditates":0,"card_choices":[{"not_picked":["Eviscerate","Finisher"],"picked":"Underhanded Strike"},{"not_picked":["Doppelganger","Slice"],"picked":"Footwork"},{"not_picked":["All Out Attack","Bouncing Flask"],"picked":"Dagger Spray"},{"not_picked":["Tactician","Deflect"],"picked":"Prepared"},{"not_picked":["Sucker Punch","Blur"],"picked":"Flying Knee"},{"not_picked":["Acrobatics","Backflip"],"picked":"Underhanded Strike"},{"not_picked":["Doppelganger","Dagger Spray"],"picked":"Acrobatics"},{"not_picked":["Dagger Throw","Sucker Punch"],"picked":"Well Laid Plans"},{"not_picked":["Corpse Explosion","Adrenaline"],"picked":"Tools of the Trade"},{"not_picked":["Outmaneuver","PiercingWail"],"picked":"Dagger Throw"},{"not_picked":["PiercingWail","Bouncing Flask"],"picked":"Acrobatics"}],"player_experience":84719,"potions_floor_usage":[6,16,23,23],"damage_taken":[{"damage":0,"enemies":"Looter","floor":1,"turns":4},{"damage":0,"enemies":"Jaw Worm","floor":2,"turns":4},{"damage":2,"enemies":"Blue Slaver","floor":5,"turns":6},{"damage":21,"enemies":"3 Sentries","floor":6,"turns":10},{"damage":0,"enemies":"2 Fungi Beasts","floor":8,"turns":3},{"damage":11,"enemies":"Large Slime","floor":12,"turns":5},{"damage":34,"enemies":"Lagavulin","floor":13,"turns":9},{"damage":6,"enemies":"Exordium Wildlife","floor":14,"turns":4},{"damage":31,"enemies":"The Guardian","floor":16,"turns":17},{"damage":20,"enemies":"2 Thieves","floor":18,"turns":5},{"damage":0,"enemies":"Shell Parasite","floor":20,"turns":4},{"damage":59,"enemies":"Slavers","floor":23,"turns":3}],"event_choices":[{"event_name":"The Cleric","player_choice":"Card Removal","floor":4,"damage_taken":0},{"event_name":"Big Fish","player_choice":"Box","floor":10,"damage_taken":0},{"event_name":"Addict","player_choice":"Obtained Relic","floor":19,"damage_taken":0},{"event_name":"Drug Dealer","player_choice":"Ignored","floor":22,"damage_taken":0}],"boss_relics":[{"not_picked":["Runic Pyramid","Eternal Feather"],"picked":"White Beast Statue"}],"potions_floor_spawned":[2,5,8,18,20],"seed_played":"-4953833751051214549","killed_by":"Slavers","is_trial":false}