{"path_per_floor":["M","?","M","T","M","R","E","M","T","?","E","M","T","E","R","B",null,"M","?","?","M","?","E","$","R","T","E","R","$","E","M","R","B",null,"M","?","?","?","M","E","R","M","T","?","M","M","M","$","R","B"],"character_chosen":"DEFECT","items_purchased":["Matryoshka","Reboot","Thinking Ahead"],"gold_per_floor":[110,110,120,144,159,159,192,205,230,230,258,278,303,337,337,434,434,447,447,447,457,372,399,152,152,176,206,206,58,90,109,109,214,214,232,232,232,285,301,327,327,345,345,345,363,380,399,104,104,104],"floor_reached":51,"campfire_rested":6,"playtime":2770,"item_purchase_floors":[24,29,48],"current_hp_per_floor":[75,75,75,75,75,75,82,62,62,44,44,56,56,35,63,41,94,82,63,63,65,65,34,34,63,63,43,72,72,53,48,77,61,99,97,87,75,65,67,55,84,62,62,62,64,41,50,50,79,23],"items_purged":["Zap","Defend_B"],"gold":104,"score":838,"play_id":"ab3db841-5e3d-4d88-8136-1081e3271fb0","local_time":"20180607001247","is_prod":false,"is_daily":false,"chose_seed":false,"is_ascension_mode":true,"campfire_upgraded":1,"win_rate":0.0,"timestamp":1528326767,"campfire_choices":[{"data":"Doom and Gloom","floor":6,"key":"SMITH"},{"floor":15,"key":"REST"},{"floor":25,"key":"REST"},{"floor":28,"key":"REST"},{"floor":32,"key":"REST"},{"floor":41,"key":"REST"},{"floor":49,"key":"REST"}],"path_taken":["M","?","?","?","M","R","E","M","T","?","E","?","?","E","R","BOSS","M","?","?","M","?","E","?","R","T","E","R","$","E","M","R","BOSS","M","?","?","?","?","E","R","M","T","?","M","?","M","?","R","BOSS"],"build_version":"2018-05-31","seed_source_timestamp":91958471838785,"purchased_purges":2,"victory":true,"master_deck":["Strike_B+1","Strike_B+1","Strike_B+1","Strike_B+1","Defend_B","Defend_B","Defend_B","Dualcast+1","White Noise","Self Repair","Doom and Gloom+1","Multi-Cast","Gash","Machine Learning","Go for the Eyes","Fission","Redo+1","Doom and Gloom+1","Redo","Rip and Tear+1","Reboot","Double Energy","Redo+1","All For One","Apotheosis","Flash of Steel","Flash of Steel","Madness","Barrage+1","Gash+1","White Noise+1","Conserve Battery+1","Coolheaded+1","Coolheaded","Defragment","Thinking Ahead"],"max_hp_per_floor":[75,75,75,75,75,75,89,89,89,89,89,94,94,94,94,94,94,94,99,99,99,99,99,99,99,99,99,99,99,99,99,99,99,99,99,99,99,99,99,99,99,99,99,99,99,99,99,99,99,99],"relics":["Cracked Core","NeowsBlessing","Blood Vial","Mango","Whetstone","Potion Belt","Oddly Smooth Stone","Ancient Tea Set","Runic Dome","Anchor","Bag of Preparation","Matryoshka","Vajra","Lantern","Happy Flower","Prayer Wheel","Philosopher\u0027s Stone","Thread and Needle","Bag of Marbles","Bottled Tornado","Bottled Lightning"],"card_choices":[{"not_picked":["Cold Snap","Conserve Battery"],"picked":"White Noise","floor":1},{"not_picked":["Storm","BootSequence"],"picked":"Self Repair","floor":3},{"not_picked":["Fusion","Sweeping Beam"],"picked":"Doom and Gloom","floor":5},{"not_picked":["Ball Lightning","Darkness"],"picked":"Multi-Cast","floor":7},{"not_picked":["Coolheaded","Hologram"],"picked":"Gash","floor":8},{"not_picked":["Rebound","Consume"],"picked":"Machine Learning","floor":11},{"not_picked":["Compile Driver","Tempest","Blizzard"],"picked":"SKIP","floor":12},{"not_picked":["Amplify","Barrage"],"picked":"Go for the Eyes","floor":14},{"not_picked":["Biased Cognition","Electrodynamics"],"picked":"Fission","floor":16},{"not_picked":["Compile Driver","Barrage"],"picked":"Redo+1","floor":18},{"not_picked":["Lockon","Rebound"],"picked":"Doom and Gloom+1","floor":21},{"not_picked":["Compile Driver","Go for the Eyes+1"],"picked":"Redo","floor":23},{"not_picked":["Redo","Sweeping Beam"],"picked":"Rip and Tear+1","floor":27},{"not_picked":["Sweeping Beam","Amplify","Reprogram+1"],"picked":"SKIP","floor":30},{"not_picked":["Barrage","Compile Driver"],"picked":"Double Energy","floor":31},{"not_picked":["Sweeping Beam+1","Leap"],"picked":"Redo+1","floor":31},{"not_picked":["Thunder Strike","Amplify"],"picked":"All For One","floor":33},{"not_picked":["Go for the Eyes+1","Beam Cell+1","Reinforced Body+1"],"picked":"SKIP","floor":35},{"not_picked":["Leap+1","Streamline","Rebound"],"picked":"SKIP","floor":35},{"not_picked":["Blind","Panacea"],"picked":"Apotheosis","floor":36},{"not_picked":["Dark Shackles","Trip"],"picked":"Flash of Steel","floor":36},{"not_picked":["Apotheosis","Jack Of All Trades"],"picked":"Flash of Steel","floor":36},{"not_picked":["Cold Snap","Genetic Algorithm"],"picked":"Barrage+1","floor":38},{"not_picked":["Defragment","Rebound","Static Discharge"],"picked":"SKIP","floor":39},{"not_picked":["Self Repair","Storm","Hologram"],"picked":"SKIP","floor":39},{"not_picked":["Genetic Algorithm","Leap+1","Fusion+1"],"picked":"SKIP","floor":40},{"not_picked":["Leap","Steam"],"picked":"Gash+1","floor":42},{"not_picked":["Double Energy","Self Repair+1","Streamline+1"],"picked":"SKIP","floor":42},{"not_picked":["Ball Lightning+1","Steam+1"],"picked":"White Noise+1","floor":45},{"not_picked":["Sweeping Beam+1","Chaos+1"],"picked":"Conserve Battery+1","floor":45},{"not_picked":["Doom and Gloom","Multi-Cast"],"picked":"Coolheaded+1","floor":46},{"not_picked":["Melter","Beam Cell","Cold Snap"],"picked":"SKIP","floor":46},{"not_picked":["Streamline+1","White Noise"],"picked":"Coolheaded","floor":47},{"not_picked":["Static Discharge+1","Sweeping Beam"],"picked":"Defragment","floor":47}],"player_experience":264266,"potions_floor_usage":[7,11,12,27,30,40,45,50,50],"damage_taken":[{"damage":0,"enemies":"Cultist","floor":1,"turns":1},{"damage":0,"enemies":"Jaw Worm","floor":3,"turns":1},{"damage":0,"enemies":"2 Louse","floor":5,"turns":1},{"damage":14,"enemies":"3 Sentries","floor":7,"turns":6},{"damage":22,"enemies":"Gremlin Gang","floor":8,"turns":2},{"damage":2,"enemies":"Gremlin Nob","floor":11,"turns":3},{"damage":2,"enemies":"Exordium Thugs","floor":12,"turns":3},{"damage":30,"enemies":"Lagavulin","floor":14,"turns":5},{"damage":24,"enemies":"The Guardian","floor":16,"turns":7},{"damage":19,"enemies":"Shell Parasite","floor":18,"turns":6},{"damage":0,"enemies":"Spheric Guardian","floor":21,"turns":3},{"damage":33,"enemies":"Book of Stabbing","floor":23,"turns":5},{"damage":29,"enemies":"Slavers","floor":27,"turns":3},{"damage":21,"enemies":"Book of Stabbing","floor":30,"turns":4},{"damage":7,"enemies":"Chosen and Byrds","floor":31,"turns":3},{"damage":25,"enemies":"Champ","floor":33,"turns":6},{"damage":2,"enemies":"3 Shapes","floor":35,"turns":1},{"damage":12,"enemies":"Mysterious Sphere","floor":38,"turns":3},{"damage":0,"enemies":"Orb Walker","floor":39,"turns":2},{"damage":21,"enemies":"Nemesis","floor":40,"turns":5},{"damage":24,"enemies":"4 Shapes","floor":42,"turns":2},{"damage":0,"enemies":"3 Darklings","floor":45,"turns":3},{"damage":35,"enemies":"Sphere and 2 Shapes","floor":46,"turns":4},{"damage":0,"enemies":"4 Shapes","floor":47,"turns":2},{"damage":65,"enemies":"Donu and Deca","floor":50,"turns":8}],"relics_obtained":[{"floor":4,"key":"Blood Vial"},{"floor":7,"key":"Mango"},{"floor":9,"key":"Whetstone"},{"floor":11,"key":"Potion Belt"},{"floor":13,"key":"Oddly Smooth Stone"},{"floor":14,"key":"Ancient Tea Set"},{"floor":23,"key":"Bag of Preparation"},{"floor":26,"key":"Vajra"},{"floor":26,"key":"Lantern"},{"floor":27,"key":"Happy Flower"},{"floor":30,"key":"Prayer Wheel"},{"floor":38,"key":"Thread and Needle"},{"floor":40,"key":"Bag of Marbles"},{"floor":43,"key":"Bottled Tornado"},{"floor":43,"key":"Bottled Lightning"}],"event_choices":[{"event_name":"Living Wall","player_choice":"Grow","floor":2,"damage_taken":0},{"event_name":"Shining Light","player_choice":"Entered Light","floor":10,"damage_taken":0},{"event_name":"Forgotten Altar","player_choice":"Shed Blood","floor":19,"damage_taken":0},{"event_name":"Vampires","player_choice":"Ignored","floor":20,"damage_taken":0},{"event_name":"Addict","player_choice":"Obtained Relic","floor":22,"damage_taken":0},{"event_name":"SensoryStone","player_choice":"Memory 3","floor":36,"damage_taken":0},{"event_name":"Winding Halls","player_choice":"Embrace Madness","floor":37,"damage_taken":0},{"event_name":"Mysterious Sphere","player_choice":"Fight","floor":38,"damage_taken":0}],"boss_relics":[{"not_picked":["Snecko Eye","Eternal Feather"],"picked":"Runic Dome"},{"not_picked":["Nuclear Battery","Lizard Tail"],"picked":"Philosopher\u0027s Stone"}],"items_purged_floors":[29,48],"potions_floor_spawned":[5,8,11,12,16,27,33,38,40],"seed_played":"7021401105727210873","ascension_level":1,"potions_obtained":[{"floor":5,"key":"Block Potion"},{"floor":8,"key":"Poison Potion"},{"floor":11,"key":"Fruit Juice"},{"floor":12,"key":"LiquidBronze"},{"floor":16,"key":"Poison Potion"},{"floor":27,"key":"FocusPotion"},{"floor":33,"key":"Swift Potion"},{"floor":38,"key":"Ancient Potion"},{"floor":40,"key":"Swift Potion"}],"is_trial":false}