{"gold_per_floor":[117,132,146,159,169,204,204,204,204,204,237,316,335,348,348,479,479,492,492,516,536,41,81,81,100,148,148,184,184,184,233,233,362,362,378,378,378,378,446,446,486,408,408,408,92,92,92,105,105,105],"floor_reached":51,"playtime":2747,"items_purged":["Doom and Gloom","Self Repair+1"],"score":806,"play_id":"e187570c-5a73-4930-8b35-6716fa21c55e","local_time":"20180627191053","is_ascension_mode":true,"campfire_choices":[{"floor":7,"key":"REST"},{"data":"Go for the Eyes","floor":15,"key":"SMITH"},{"data":"RitualDagger","floor":30,"key":"SMITH"},{"data":"Defragment","floor":32,"key":"SMITH"},{"floor":40,"key":"REST"},{"data":"Secret Technique","floor":47,"key":"SMITH"},{"data":"Blind","floor":49,"key":"SMITH"}],"neow_cost":"","seed_source_timestamp":242095551889794,"circlet_count":0,"master_deck":["Zap+1","Dualcast+1","Rebound+1","Coolheaded+1","Double Energy+1","BootSequence+1","Cold Snap+1","Go for the Eyes+1","Coolheaded+1","All For One+1","Conserve Battery+1","Aggregate+1","Turbo+1","Beam Cell+1","Go for the Eyes+1","Hologram+1","Hologram+1","Gash+1","Defragment+1","Core Surge+1","Cold Snap+1","Gash+1","FTL+1","Capacitor+1","Blizzard+1","Reinforced Body+1","Beam Cell+1","Gash+1","RitualDagger+1","Hologram+1","White Noise+1","Steam+1","Trip+1","Cold Snap","Secret Technique+1","Dramatic Entrance","Blind+1","Conserve Battery"],"relics":["Cracked Core","Bronze Scales","Golden Idol","Mercury Hourglass","Bottled Flame","The Courier","Pandora\u0027s Box","Orichalcum","Juzu Bracelet","Omamori","Calipers","Dream Catcher","Empty Cage","Ice Cream","Blood Vial","Dead Branch","Mark of the Bloom"],"potions_floor_usage":[4,6,21,23,23,28,28,48,50,50,50],"damage_taken":[{"damage":10,"enemies":"Cultist","floor":1,"turns":4},{"damage":5,"enemies":"2 Louse","floor":2,"turns":3},{"damage":0,"enemies":"Small Slimes","floor":3,"turns":4},{"damage":11,"enemies":"2 Fungi Beasts","floor":4,"turns":5},{"damage":2,"enemies":"Exordium Thugs","floor":5,"turns":5},{"damage":9,"enemies":"Lagavulin","floor":6,"turns":11},{"damage":0,"enemies":"3 Sentries","floor":11,"turns":6},{"damage":0,"enemies":"3 Louse","floor":13,"turns":2},{"damage":0,"enemies":"Looter","floor":14,"turns":2},{"damage":10,"enemies":"The Guardian","floor":16,"turns":12},{"damage":7,"enemies":"2 Thieves","floor":18,"turns":4},{"damage":3,"enemies":"Spheric Guardian","floor":20,"turns":3},{"damage":10,"enemies":"Centurion and Healer","floor":21,"turns":6},{"damage":28,"enemies":"Slavers","floor":23,"turns":5},{"damage":11,"enemies":"3 Cultists","floor":25,"turns":5},{"damage":1,"enemies":"Book of Stabbing","floor":28,"turns":4},{"damage":37,"enemies":"Automaton","floor":33,"turns":11},{"damage":17,"enemies":"3 Darklings","floor":35,"turns":4},{"damage":34,"floor":39,"turns":3},{"damage":6,"enemies":"Giant Head","floor":41,"turns":7},{"damage":3,"enemies":"Orb Walker","floor":48,"turns":3},{"damage":35,"enemies":"Awakened One","floor":50,"turns":10}],"seed_played":"-4061511683105512142","potions_obtained":[{"floor":3,"key":"Swift Potion"},{"floor":4,"key":"EssenceOfSteel"},{"floor":6,"key":"GamblersBrew"},{"floor":13,"key":"Regen Potion"},{"floor":14,"key":"Regen Potion"},{"floor":21,"key":"EssenceOfSteel"},{"floor":25,"key":"FearPotion"},{"floor":28,"key":"SteroidPotion"},{"floor":35,"key":"EssenceOfSteel"},{"floor":41,"key":"LiquidBronze"},{"floor":48,"key":"EssenceOfSteel"}],"is_trial":false,"path_per_floor":["M","M","M","M","M","E","R","?","T","?","E","T","M","M","R","B",null,"M","?","M","M","$","E","?","M","T","?","E","?","R","T","R","B",null,"M","?","?","?","?","R","E","$","T","?","$","?","R","M","R","B"],"character_chosen":"DEFECT","items_purchased":["Defragment","Core Surge","Cold Snap","Gash","FTL","Capacitor","Blizzard","Trip","Cold Snap","Secret Technique","Dramatic Entrance"],"campfire_rested":2,"item_purchase_floors":[22,22,22,22,22,22,22,42,45,45,45],"current_hp_per_floor":[65,60,60,49,47,38,60,60,60,46,46,46,53,53,53,50,69,62,62,59,56,56,47,47,43,43,43,61,55,55,55,55,25,69,52,52,69,69,35,55,49,49,49,49,49,49,49,46,46,11],"gold":105,"neow_bonus":"","is_prod":false,"is_daily":false,"chose_seed":false,"campfire_upgraded":5,"win_rate":0,"timestamp":1530148253,"path_taken":["M","?","M","M","M","E","R","?","T","?","E","?","?","M","R","BOSS","M","?","M","M","$","E","?","M","T","?","E","?","R","?","R","BOSS","M","?","?","?","?","R","E","$","T","?","$","?","R","M","R","BOSS"],"build_version":"2018-06-26","purchased_purges":2,"victory":true,"max_hp_per_floor":[75,75,75,75,75,75,75,69,69,69,69,69,69,69,69,69,69,69,69,69,69,69,69,69,69,69,69,69,69,69,69,69,69,69,69,69,69,69,69,69,69,69,69,69,69,69,69,69,69,69],"card_choices":[{"not_picked":["Undo","Redo"],"picked":"Rebound","floor":1},{"not_picked":["Stack","Barrage"],"picked":"Coolheaded","floor":2},{"not_picked":["Rebound","Redo"],"picked":"Double Energy","floor":3},{"not_picked":["Turbo","Static Discharge"],"picked":"BootSequence","floor":4},{"not_picked":["Static Discharge","Storm"],"picked":"Cold Snap","floor":5},{"not_picked":["Gash","Biased Cognition"],"picked":"Go for the Eyes","floor":6},{"not_picked":["Steam","Compile Driver"],"picked":"Self Repair","floor":11},{"not_picked":["Stack","Gash"],"picked":"Coolheaded","floor":13},{"not_picked":["Stack","Double Energy","Sunder"],"picked":"SKIP","floor":14},{"not_picked":["Thunder Strike","Multi-Cast"],"picked":"All For One","floor":16},{"not_picked":["Reinforced Body","Beam Cell"],"picked":"Hologram","floor":18},{"not_picked":["Gash","Go for the Eyes"],"picked":"Hologram+1","floor":20},{"not_picked":["Redo","Static Discharge+1"],"picked":"Gash","floor":21},{"not_picked":["Steam","Undo"],"picked":"Reinforced Body","floor":23},{"not_picked":["Barrage","Stack"],"picked":"Beam Cell","floor":25},{"not_picked":["Darkness","Barrage"],"picked":"Gash+1","floor":28},{"not_picked":["Buffer","Biased Cognition"],"picked":"Machine Learning","floor":33},{"not_picked":["Undo+1","Aggregate"],"picked":"Hologram","floor":35},{"not_picked":["Melter","Lockon"],"picked":"White Noise+1","floor":39},{"not_picked":["Double Energy+1","Darkness"],"picked":"Steam+1","floor":40},{"not_picked":["Ball Lightning+1","Genetic Algorithm+1","Recycle+1"],"picked":"SKIP","floor":41},{"not_picked":["Finesse","Madness"],"picked":"Blind","floor":46},{"not_picked":["Lockon","Gash"],"picked":"Conserve Battery","floor":48}],"player_experience":404227,"relics_obtained":[{"floor":6,"key":"Bronze Scales"},{"floor":9,"key":"Mercury Hourglass"},{"floor":11,"key":"Bottled Flame"},{"floor":12,"key":"The Courier"},{"floor":23,"key":"Orichalcum"},{"floor":26,"key":"Juzu Bracelet"},{"floor":28,"key":"Calipers"},{"floor":31,"key":"Dream Catcher"},{"floor":39,"key":"Ice Cream"},{"floor":41,"key":"Blood Vial"},{"floor":43,"key":"Dead Branch"}],"event_choices":[{"event_name":"Golden Idol","player_choice":"Lose Max HP","floor":8,"damage_taken":0},{"event_name":"Shining Light","player_choice":"Entered Light","floor":10,"damage_taken":0},{"event_name":"Drug Dealer","player_choice":"Ignored","floor":19,"damage_taken":0},{"event_name":"Addict","player_choice":"Ignored","floor":24,"damage_taken":0},{"event_name":"The Mausoleum","player_choice":"Yes","floor":27,"damage_taken":0},{"event_name":"Nest","player_choice":"Joined the Cult","floor":29,"damage_taken":0},{"event_name":"Falling","player_choice":"Removed Power","floor":36,"damage_taken":0},{"event_name":"Winding Halls","player_choice":"Writhe","floor":37,"damage_taken":0},{"event_name":"Tomb of Lord Red Mask","player_choice":"Ignored","floor":38,"damage_taken":0},{"event_name":"Mysterious Sphere","player_choice":"Fight","floor":39,"damage_taken":0},{"event_name":"MindBloom","player_choice":"Upgrade","floor":44,"damage_taken":0},{"event_name":"SensoryStone","player_choice":"Memory 1","floor":46,"damage_taken":0}],"boss_relics":[{"not_picked":["Eternal Feather","Lizard Tail"],"picked":"Pandora\u0027s Box"},{"not_picked":["Philosopher\u0027s Stone","Snecko Eye"],"picked":"Empty Cage"}],"items_purged_floors":[22,45],"is_endless":false,"potions_floor_spawned":[3,4,6,13,14,20,21,25,28,35,41,48],"ascension_level":1}