{"gold_per_floor":[13,31,31,31,31,31,59,59,59,9,91,101,101,26,26,122,122,141,159,159,159,178,178,178,277,302,320,339,339,356,67,67,170,170,182,200,220,231,231,231,106,106,106,46,61,75,0,18,18,18],"floor_reached":51,"playtime":2703,"items_purged":["Strike_G","Defend_G","Prepared"],"score":991,"play_id":"3cbd2c8a-7036-47fc-9837-78c0ea2020ae","local_time":"20190113210609","is_ascension_mode":true,"campfire_choices":[{"data":"Adrenaline","floor":6,"key":"SMITH"},{"data":"Neutralize","floor":8,"key":"SMITH"},{"data":"Infinite Blades","floor":13,"key":"SMITH"},{"data":"Backflip","floor":15,"key":"SMITH"},{"data":"Survivor","floor":23,"key":"SMITH"},{"data":"Dash","floor":32,"key":"SMITH"},{"data":"PiercingWail","floor":40,"key":"SMITH"},{"data":"Tactician","floor":42,"key":"SMITH"},{"data":"Finisher","floor":49,"key":"SMITH"}],"neow_cost":"NO_GOLD","seed_source_timestamp":693552939029787,"circlet_count":0,"master_deck":["Survivor+1","Neutralize+1","Adrenaline+1","Backflip+1","All Out Attack","Backstab","Infinite Blades+1","Bullet Time","Noxious Fumes+1","Night Terror","Dash+1","Mayhem+1","After Image+1","Footwork+1","Predator","All Out Attack","Finisher","PiercingWail+1","Backflip+1","Underhanded Strike","Finisher+1","Deflect+1"],"relics":["Ring of the Snake","Thread and Needle","Bag of Preparation","Ornamental Fan","Bottled Lightning","Snecko Eye","Frozen Egg 2","Omamori","Pandora\u0027s Box","Meat on the Bone","Red Mask"],"potions_floor_usage":[16,27,27,33,50,50,50],"damage_taken":[{"damage":0,"enemies":"2 Louse","floor":1,"turns":3},{"damage":0,"enemies":"Small Slimes","floor":2,"turns":5},{"damage":30,"enemies":"Lagavulin","floor":7,"turns":8},{"damage":0,"enemies":"Cultist","floor":12,"turns":2},{"damage":3,"enemies":"The Guardian","floor":16,"turns":18},{"damage":0,"enemies":"Spheric Guardian","floor":18,"turns":4},{"damage":0,"enemies":"2 Thieves","floor":19,"turns":4},{"damage":0,"enemies":"3 Cultists","floor":22,"turns":5},{"damage":0,"enemies":"Cultist and Chosen","floor":27,"turns":9},{"damage":0,"enemies":"Chosen and Byrds","floor":28,"turns":4},{"damage":0,"enemies":"Snecko","floor":30,"turns":5},{"damage":0,"enemies":"Champ","floor":33,"turns":11},{"damage":7,"enemies":"Orb Walker","floor":35,"turns":3},{"damage":2,"enemies":"3 Darklings","floor":36,"turns":3},{"damage":0,"enemies":"Spire Growth","floor":37,"turns":4},{"damage":18,"enemies":"4 Shapes","floor":38,"turns":5},{"damage":0,"enemies":"Sphere and 2 Shapes","floor":45,"turns":4},{"damage":0,"enemies":"Jaw Worm Horde","floor":46,"turns":3},{"damage":0,"enemies":"Writhing Mass","floor":48,"turns":4},{"damage":0,"enemies":"Donu and Deca","floor":50,"turns":10}],"seed_played":"-3053444346396436006","potions_obtained":[{"floor":2,"key":"LiquidBronze"},{"floor":7,"key":"FearPotion"},{"floor":12,"key":"Dexterity Potion"},{"floor":22,"key":"SteroidPotion"},{"floor":27,"key":"Strength Potion"},{"floor":30,"key":"SneckoOil"},{"floor":33,"key":"EssenceOfSteel"},{"floor":36,"key":"SkillPotion"}],"is_trial":false,"path_per_floor":["M","M","?","?","?","R","E","R","T","?","T","M","R","$","R","B",null,"M","M","?","?","M","R","T","?","T","M","M","?","M","$","R","B",null,"M","M","M","M","?","R","$","R","T","?","M","M","?","M","R","B",null],"character_chosen":"THE_SILENT","items_purchased":["Mayhem+1"],"campfire_rested":0,"item_purchase_floors":[31],"current_hp_per_floor":[63,63,56,61,61,61,31,31,31,31,31,31,31,31,31,28,63,63,63,63,75,75,75,75,75,75,75,75,75,75,75,75,75,75,68,66,66,48,67,67,67,67,67,67,67,67,67,67,67,67],"gold":18,"neow_bonus":"THREE_RARE_CARDS","is_prod":false,"is_daily":false,"chose_seed":false,"campfire_upgraded":9,"win_rate":0,"timestamp":1547413569,"path_taken":["M","M","?","?","?","R","E","R","T","?","?","?","R","$","R","BOSS","M","M","?","?","M","R","?","?","T","?","M","?","M","$","R","BOSS","M","M","M","M","?","R","$","R","T","?","?","M","?","M","R","BOSS"],"build_version":"2019-01-10","purchased_purges":3,"victory":true,"max_hp_per_floor":[70,70,70,75,75,75,75,75,75,75,75,75,75,75,75,75,75,75,75,75,75,75,75,75,75,75,75,75,75,75,75,75,75,75,75,75,75,75,75,75,75,75,75,75,75,75,75,75,75,75],"card_choices":[{"not_picked":["Venomology","Phantasmal Killer"],"picked":"Adrenaline","floor":0},{"not_picked":["Dagger Throw","Sucker Punch"],"picked":"Backflip","floor":1},{"not_picked":["Outmaneuver","Flechettes"],"picked":"All Out Attack","floor":2},{"not_picked":["Dagger Spray","Distraction"],"picked":"Backstab","floor":7},{"not_picked":["Distraction","Blur"],"picked":"Infinite Blades","floor":12},{"not_picked":["Phantasmal Killer","Envenom"],"picked":"Bullet Time","floor":16},{"not_picked":["Dagger Throw","Slice","Reflex+1"],"picked":"SKIP","floor":18},{"not_picked":["Dagger Spray","Catalyst+1","Endless Agony+1"],"picked":"SKIP","floor":19},{"not_picked":["PiercingWail","Underhanded Strike","Deadly Poison"],"picked":"SKIP","floor":22},{"not_picked":["Cloak And Dagger","Bane"],"picked":"Noxious Fumes+1","floor":27},{"not_picked":["Quick Slash","Infinite Blades+1"],"picked":"Night Terror","floor":28},{"not_picked":["Backflip","Bane+1"],"picked":"Dash","floor":30},{"not_picked":["Venomology","Tools of the Trade+1"],"picked":"After Image+1","floor":33},{"not_picked":["Predator+1","Flying Knee"],"picked":"PiercingWail","floor":35},{"not_picked":["Poisoned Stab+1","Choke","Blade Dance"],"picked":"SKIP","floor":36},{"not_picked":["Poisoned Stab+1","Choke","Blade Dance"],"picked":"SKIP","floor":36},{"not_picked":["Endless Agony","Quick Slash+1","Caltrops+1"],"picked":"SKIP","floor":37},{"not_picked":["Catalyst","Burst"],"picked":"Backflip+1","floor":38},{"not_picked":["Underhanded Strike+1","Caltrops+1","Calculated Gamble+1"],"picked":"SKIP","floor":45},{"not_picked":["Tactician+1","Sucker Punch+1","Acrobatics"],"picked":"SKIP","floor":46},{"not_picked":["Crippling Poison+1","Bane"],"picked":"Deflect+1","floor":48}],"player_experience":70733,"relics_obtained":[{"floor":7,"key":"Bag of Preparation"},{"floor":9,"key":"Ornamental Fan"},{"floor":11,"key":"Bottled Lightning"},{"floor":24,"key":"Frozen Egg 2"},{"floor":26,"key":"Omamori"},{"floor":43,"key":"Meat on the Bone"}],"event_choices":[{"damage_healed":0,"gold_gain":0,"player_choice":"Success","damage_taken":7,"relics_obtained":["Thread and Needle"],"max_hp_gain":0,"max_hp_loss":0,"event_name":"Scrap Ooze","floor":3,"gold_loss":0},{"damage_healed":0,"gold_gain":0,"player_choice":"Donut","damage_taken":0,"max_hp_gain":5,"max_hp_loss":0,"event_name":"Big Fish","floor":4,"gold_loss":0},{"damage_healed":0,"gold_gain":0,"player_choice":"Ignored","damage_taken":0,"max_hp_gain":0,"max_hp_loss":0,"event_name":"Liars Game","floor":5,"gold_loss":0},{"cards_removed":["Strike_G"],"damage_healed":0,"gold_gain":0,"player_choice":"Card Removal","damage_taken":0,"max_hp_gain":0,"max_hp_loss":0,"event_name":"The Cleric","floor":10,"gold_loss":50},{"damage_healed":0,"gold_gain":0,"player_choice":"Ignored","damage_taken":0,"max_hp_gain":0,"max_hp_loss":0,"event_name":"Vampires","floor":20,"gold_loss":0},{"damage_healed":25,"gold_gain":0,"player_choice":"Heal","damage_taken":0,"max_hp_gain":0,"max_hp_loss":0,"event_name":"The Library","floor":21,"gold_loss":0},{"damage_healed":0,"gold_gain":99,"player_choice":"Stole From Cult","damage_taken":0,"max_hp_gain":0,"max_hp_loss":0,"event_name":"Nest","floor":25,"gold_loss":0},{"damage_healed":0,"gold_gain":0,"player_choice":"Smashed Altar","damage_taken":0,"max_hp_gain":0,"max_hp_loss":0,"event_name":"Forgotten Altar","floor":29,"gold_loss":0,"cards_obtained":["Decay"]},{"damage_healed":19,"gold_gain":0,"player_choice":"Writhe","damage_taken":0,"max_hp_gain":0,"max_hp_loss":0,"event_name":"Winding Halls","floor":39,"gold_loss":0,"cards_obtained":["Writhe"]},{"damage_healed":0,"gold_gain":0,"cards_transformed":["Tactician","Reflex"],"player_choice":"Transformed Cards","damage_taken":0,"max_hp_gain":0,"max_hp_loss":0,"event_name":"Designer","floor":44,"gold_loss":60,"cards_obtained":["Underhanded Strike","Finisher"]},{"damage_healed":0,"gold_gain":0,"player_choice":"Paid","damage_taken":0,"relics_obtained":["Red Mask"],"max_hp_gain":0,"max_hp_loss":0,"event_name":"Tomb of Lord Red Mask","floor":47,"gold_loss":75}],"is_beta":false,"boss_relics":[{"not_picked":["Coffee Dripper","Eternal Feather"],"picked":"Snecko Eye"},{"not_picked":["Philosopher\u0027s Stone","White Beast Statue"],"picked":"Pandora\u0027s Box"}],"items_purged_floors":[14,31,41],"is_endless":false,"potions_floor_spawned":[2,7,12,22,27,30,33,35,36,37],"ascension_level":7}