{"gold_per_floor":[112,112,31,42,217,217,247,247,247,172,172,5,25,41,41,140,140,157,157,157,167,186,221,237,265,265,180,180,180,28,53,53,152,152,167,221,221,221,237,237,264,264,264,264,280,293,311,328,328,328],"floor_reached":51,"playtime":2955,"items_purged":["Doubt","Injury"],"score":1062,"play_id":"743ae81e-dc73-4096-8564-394e3e0b394f","local_time":"20190114173547","is_ascension_mode":true,"campfire_choices":[{"data":"Predator","floor":6,"key":"SMITH"},{"floor":15,"key":"REST"},{"floor":29,"key":"REST"},{"floor":32,"key":"REST"},{"floor":40,"key":"REST"},{"floor":42,"key":"REST"},{"floor":44,"key":"REST"},{"floor":49,"key":"REST"}],"neow_cost":"NONE","seed_source_timestamp":1726682563362473,"circlet_count":0,"master_deck":["Defend_G+1","Defend_G+1","Defend_G+1","Defend_G+1","Defend_G+1","Strike_G+1","Strike_G+1","Strike_G+1","Strike_G+1","Strike_G+1","Survivor","Neutralize+1","Leg Sweep","Predator+1","PiercingWail+1","Parasite","Dash+1","Burst+1","Leg Sweep+1","Doppelganger+1","Heel Hook+1","Dash","Backflip+1","Deflect+1","Deflect+1","Dash","Phantasmal Killer+1","Caltrops+1","Backflip+1","Predator+1","Cloak And Dagger+1","Backflip+1","Master of Strategy+1","Footwork","Caltrops+1","PiercingWail+1","Backflip+1"],"relics":["Cursed Key","Anchor","Toxic Egg 2","Meat on the Bone","Blood Vial","Odd Mushroom","Fusion Hammer","Bronze Scales","Bottled Lightning","Omamori","Turnip","Darkstone Periapt","Whetstone","Bag of Marbles","Orrery","StoneCalendar","Ninja Scroll","Ancient Tea Set"],"potions_floor_usage":[16,23,25,41,50,50,50],"damage_taken":[{"damage":0,"enemies":"Small Slimes","floor":1,"turns":3},{"damage":0,"enemies":"2 Louse","floor":4,"turns":2},{"damage":21,"enemies":"Lagavulin","floor":7,"turns":8},{"damage":0,"enemies":"The Mushroom Lair","floor":13,"turns":6},{"damage":0,"enemies":"Jaw Worm","floor":14,"turns":5},{"damage":8,"enemies":"The Guardian","floor":16,"turns":17},{"damage":5,"enemies":"Chosen","floor":18,"turns":7},{"damage":0,"enemies":"2 Thieves","floor":21,"turns":4},{"damage":0,"enemies":"Chosen and Byrds","floor":22,"turns":7},{"damage":6,"enemies":"Slavers","floor":23,"turns":9},{"damage":0,"enemies":"Snake Plant","floor":24,"turns":5},{"damage":14,"enemies":"Gremlin Leader","floor":25,"turns":11},{"damage":4,"enemies":"Colosseum Slavers","floor":28,"turns":5},{"damage":18,"enemies":"Slavers","floor":31,"turns":7},{"damage":21,"enemies":"Champ","floor":33,"turns":19},{"damage":0,"enemies":"3 Shapes","floor":35,"turns":5},{"damage":20,"enemies":"2 Orb Walkers","floor":36,"turns":8},{"damage":10,"enemies":"3 Darklings","floor":39,"turns":5},{"damage":27,"enemies":"Reptomancer","floor":41,"turns":8},{"damage":0,"enemies":"Spire Growth","floor":45,"turns":5},{"damage":0,"enemies":"4 Shapes","floor":46,"turns":7},{"damage":18,"enemies":"Writhing Mass","floor":47,"turns":5},{"damage":0,"enemies":"Maw","floor":48,"turns":8},{"damage":22,"enemies":"Time Eater","floor":50,"turns":11}],"seed_played":"-3607035807547961334","potions_obtained":[{"floor":1,"key":"Regen Potion"},{"floor":13,"key":"AttackPotion"},{"floor":22,"key":"Explosive Potion"},{"floor":24,"key":"PowerPotion"},{"floor":31,"key":"LiquidBronze"},{"floor":33,"key":"SkillPotion"},{"floor":41,"key":"EssenceOfSteel"},{"floor":45,"key":"Dexterity Potion"}],"is_trial":false,"path_per_floor":["M","?","$","M","?","R","E","?","T","$","T","$","?","M","R","B",null,"M","?","?","M","M","E","M","E","T","?","?","R","$","E","R","B",null,"M","?","?","?","M","R","E","R","T","R","M","M","M","M","R","B",null],"character_chosen":"THE_SILENT","items_purchased":["Predator","Dash","Whetstone"],"campfire_rested":7,"item_purchase_floors":[3,12,30],"current_hp_per_floor":[63,60,60,60,60,60,39,25,25,25,25,25,39,41,62,56,67,64,64,64,66,68,64,66,54,54,54,52,70,70,52,70,49,65,67,49,49,49,41,62,37,58,58,70,70,70,52,54,70,48],"gold":328,"neow_bonus":"BOSS_RELIC","is_prod":false,"is_daily":false,"chose_seed":false,"campfire_upgraded":1,"win_rate":0,"timestamp":1547487347,"path_taken":["M","?","$","M","?","R","E","?","T","$","?","$","?","M","R","BOSS","M","?","?","M","M","E","M","E","T","?","?","R","$","E","R","BOSS","M","?","?","?","M","R","E","R","T","R","?","M","M","M","R","BOSS"],"build_version":"2019-01-10","purchased_purges":2,"victory":true,"max_hp_per_floor":[70,70,70,70,70,70,70,70,70,70,70,70,70,70,70,70,70,70,70,70,70,70,70,70,70,70,70,70,70,70,70,70,70,70,70,70,70,70,70,70,70,70,70,70,70,70,70,70,70,70],"card_choices":[{"not_picked":["Slice","Poisoned Stab"],"picked":"Leg Sweep","floor":1},{"not_picked":["Outmaneuver","Dagger Spray","Heel Hook"],"picked":"SKIP","floor":4},{"not_picked":["Bouncing Flask","Quick Slash"],"picked":"PiercingWail","floor":7},{"not_picked":["Dagger Spray","Concentrate+1"],"picked":"Burst+1","floor":13},{"not_picked":["Masterful Stab","All Out Attack"],"picked":"Leg Sweep+1","floor":14},{"not_picked":["Glass Knife","Burst+1"],"picked":"Doppelganger+1","floor":16},{"not_picked":["Prepared+1","Reflex+1"],"picked":"Heel Hook+1","floor":18},{"not_picked":["Slice","Quick Slash"],"picked":"Dash","floor":21},{"not_picked":["Sucker Punch","Accuracy"],"picked":"Backflip+1","floor":22},{"not_picked":["Crippling Poison+1","Bane","Masterful Stab"],"picked":"SKIP","floor":23},{"not_picked":["Outmaneuver+1","Backflip+1"],"picked":"Deflect+1","floor":24},{"not_picked":["Eviscerate","Prepared+1"],"picked":"Deflect+1","floor":25},{"not_picked":["Deadly Poison+1","Catalyst+1"],"picked":"Dash","floor":31},{"not_picked":["Venomology+1","Wraith Form v2"],"picked":"Phantasmal Killer+1","floor":33},{"not_picked":["Slice","Underhanded Strike"],"picked":"Caltrops+1","floor":34},{"not_picked":["Quick Slash","Heel Hook+1"],"picked":"Backflip+1","floor":34},{"not_picked":["Deadly Poison+1","Heel Hook"],"picked":"Predator","floor":34},{"not_picked":["PiercingWail+1","Bane"],"picked":"Cloak And Dagger+1","floor":34},{"not_picked":["All Out Attack","Poisoned Stab+1"],"picked":"Backflip+1","floor":34},{"not_picked":["Slice","Blade Dance+1","Bane"],"picked":"SKIP","floor":35},{"not_picked":["Dramatic Entrance","Impatience+1"],"picked":"Master of Strategy+1","floor":37},{"not_picked":["Cloak And Dagger+1","Terror+1","Escape Plan+1"],"picked":"SKIP","floor":39},{"not_picked":["Escape Plan+1","Tactician+1","Slice"],"picked":"SKIP","floor":41},{"not_picked":["Dagger Spray+1","Skewer+1"],"picked":"Footwork","floor":45},{"not_picked":["Acrobatics+1","Dash"],"picked":"Caltrops+1","floor":46},{"not_picked":["Deflect+1","Choke+1"],"picked":"PiercingWail+1","floor":47},{"not_picked":["Cloak And Dagger+1","Catalyst+1"],"picked":"Backflip+1","floor":48}],"player_experience":292541,"relics_obtained":[{"floor":7,"key":"Toxic Egg 2"},{"floor":9,"key":"Meat on the Bone"},{"floor":11,"key":"Blood Vial"},{"floor":13,"key":"Odd Mushroom"},{"floor":23,"key":"Bottled Lightning"},{"floor":25,"key":"Omamori"},{"floor":26,"key":"Turnip"},{"floor":31,"key":"Bag of Marbles"},{"floor":36,"key":"StoneCalendar"},{"floor":41,"key":"Ninja Scroll"},{"floor":43,"key":"Ancient Tea Set"}],"event_choices":[{"damage_healed":0,"gold_gain":0,"player_choice":"Success","damage_taken":3,"relics_obtained":["Anchor"],"max_hp_gain":0,"max_hp_loss":0,"event_name":"Scrap Ooze","floor":2,"gold_loss":0},{"damage_healed":0,"gold_gain":175,"player_choice":"AGREE","damage_taken":0,"max_hp_gain":0,"max_hp_loss":0,"event_name":"Liars Game","floor":5,"gold_loss":0,"cards_obtained":["Doubt"]},{"damage_healed":0,"gold_gain":0,"player_choice":"Entered Light","damage_taken":14,"max_hp_gain":0,"max_hp_loss":0,"event_name":"Shining Light","floor":8,"gold_loss":0,"cards_upgraded":["Defend_G","Defend_G"]},{"damage_healed":0,"gold_gain":0,"player_choice":"Fought Mushrooms","damage_taken":0,"max_hp_gain":0,"max_hp_loss":0,"event_name":"Mushrooms","floor":13,"gold_loss":0},{"damage_healed":0,"gold_gain":0,"player_choice":"Opened","damage_taken":0,"relics_obtained":["Bronze Scales"],"max_hp_gain":0,"max_hp_loss":0,"event_name":"The Mausoleum","floor":19,"gold_loss":0},{"damage_healed":0,"gold_gain":0,"player_choice":"Simplicity","damage_taken":0,"max_hp_gain":0,"max_hp_loss":0,"event_name":"Back to Basics","floor":20,"gold_loss":0,"cards_upgraded":["Defend_G","Defend_G","Defend_G","Strike_G","Strike_G","Strike_G","Strike_G","Strike_G"]},{"damage_healed":0,"gold_gain":0,"player_choice":"Obtained Relic","damage_taken":0,"relics_obtained":["Darkstone Periapt"],"max_hp_gain":0,"max_hp_loss":0,"event_name":"Addict","floor":27,"gold_loss":85},{"damage_healed":0,"gold_gain":0,"player_choice":"Fight","damage_taken":0,"max_hp_gain":0,"max_hp_loss":0,"event_name":"Colosseum","floor":28,"gold_loss":0},{"damage_healed":0,"gold_gain":0,"player_choice":"Fled From Nobs","damage_taken":0,"max_hp_gain":0,"max_hp_loss":0,"event_name":"Colosseum","floor":28,"gold_loss":0},{"damage_healed":0,"gold_gain":0,"player_choice":"Fight","damage_taken":0,"max_hp_gain":0,"max_hp_loss":0,"event_name":"Mysterious Sphere","floor":36,"gold_loss":0},{"damage_healed":0,"gold_gain":0,"player_choice":"Memory 1","damage_taken":0,"max_hp_gain":0,"max_hp_loss":0,"event_name":"SensoryStone","floor":37,"gold_loss":0},{"damage_healed":0,"gold_gain":0,"player_choice":"Upgraded","damage_taken":0,"max_hp_gain":0,"max_hp_loss":0,"event_name":"Upgrade Shrine","floor":38,"gold_loss":0,"cards_upgraded":["Predator"]}],"is_beta":false,"boss_relics":[{"not_picked":["Runic Dome","Pandora\u0027s Box"],"picked":"Fusion Hammer"},{"not_picked":["Philosopher\u0027s Stone","White Beast Statue"],"picked":"Orrery"}],"items_purged_floors":[10,12],"is_endless":false,"potions_floor_spawned":[1,13,22,24,31,33,41,45,47,48],"ascension_level":9}