{"gold_per_floor":[113,113,38,3,23,59,59,59,106,186,186,92,136,155,155,253,253,268,183,183,73,94,94,168,191,191,191,52,75,75,89,89,179,179,194,219,219,94,94,94,134,134,134,169,169,193,193,216,216,216],"floor_reached":50,"playtime":1924,"items_purged":["Strike_R","Defend_R","Parasite"],"score":1071,"play_id":"9d3fcc40-f8bc-4277-899a-7cadbfdceac1","local_time":"20180913165115","is_ascension_mode":true,"campfire_choices":[{"floor":8,"key":"REST"},{"floor":11,"key":"REST"},{"floor":15,"key":"REST"},{"floor":23,"key":"REST"},{"floor":27,"key":"REST"},{"floor":30,"key":"REST"},{"floor":32,"key":"REST"},{"floor":40,"key":"REST"},{"floor":42,"key":"REST"},{"floor":45,"key":"REST"},{"floor":49,"key":"REST"}],"neow_cost":"NONE","seed_source_timestamp":2513040460607492,"circlet_count":0,"master_deck":["Strike_R","Strike_R","Strike_R","Strike_R","Defend_R","Defend_R+1","Bash","AscendersBane","Heavy Blade","Limit Break","Inflame","Spot Weakness","Demon Form","Armaments+1","Inflame","Combust","Heavy Blade","Offering","Doubt","Shrug It Off","Clumsy","Metallicize+1","Exhume"],"relics":["Burning Blood","Centennial Puzzle","Golden Idol","Paper Frog","Ancient Tea Set","Bag of Preparation","Juzu Bracelet","Cursed Key","Mummified Hand","Tiny Chest","Fusion Hammer","Charon\u0027s Ashes","Frozen Egg 2","Meat on the Bone","Incense Burner","Mango","Unceasing Top"],"potions_floor_usage":[16,33,46,50,50],"damage_taken":[{"damage":7,"enemies":"Small Slimes","floor":1,"turns":3},{"damage":7,"enemies":"Jaw Worm","floor":5,"turns":3},{"damage":32,"enemies":"Gremlin Nob","floor":6,"turns":4},{"damage":40,"enemies":"Lagavulin","floor":13,"turns":5},{"damage":1,"enemies":"Cultist","floor":14,"turns":3},{"damage":67,"enemies":"The Guardian","floor":16,"turns":8},{"damage":32,"enemies":"Spheric Guardian","floor":18,"turns":5},{"damage":17,"enemies":"Shell Parasite","floor":22,"turns":3},{"damage":20,"enemies":"Gremlin Leader","floor":24,"turns":4},{"damage":14,"enemies":"Centurion and Healer","floor":25,"turns":3},{"damage":11,"enemies":"Sentry and Sphere","floor":29,"turns":3},{"damage":12,"enemies":"Snake Plant","floor":31,"turns":2},{"damage":46,"enemies":"Champ","floor":33,"turns":7},{"damage":23,"enemies":"3 Shapes","floor":35,"turns":3},{"damage":3,"enemies":"Orb Walker","floor":36,"turns":2},{"damage":63,"enemies":"Giant Head","floor":41,"turns":5},{"damage":24,"enemies":"Nemesis","floor":44,"turns":3},{"damage":7,"enemies":"Sphere and 2 Shapes","floor":46,"turns":4},{"damage":20,"enemies":"Transient","floor":48,"turns":6},{"damage":79,"enemies":"Donu and Deca","floor":50,"turns":5}],"seed_played":"-8384042659148311079","potions_obtained":[{"floor":13,"key":"Regen Potion"},{"floor":18,"key":"Dexterity Potion"},{"floor":29,"key":"Fire Potion"},{"floor":31,"key":"FearPotion"},{"floor":33,"key":"Energy Potion"},{"floor":48,"key":"Weak Potion"}],"is_trial":false,"path_per_floor":["M","?","$","?","M","E","T","R","T","?","R","$","E","M","R","B",null,"M","?","?","?","M","R","E","M","T","R","$","M","R","M","R","B",null,"M","M","T","$","T","R","E","R","T","E","R","M","?","M","R"],"character_chosen":"IRONCLAD","items_purchased":["Inflame","Combust"],"campfire_rested":11,"item_purchase_floors":[12,28],"current_hp_per_floor":[67,41,41,59,58,32,32,54,54,54,75,75,41,46,68,21,62,36,36,36,36,25,47,33,25,25,47,47,42,64,58,75,35,65,48,51,51,51,51,72,15,36,36,44,69,68,68,54,79,0],"gold":216,"neow_bonus":"RANDOM_COMMON_RELIC","is_prod":false,"is_daily":false,"chose_seed":false,"campfire_upgraded":0,"win_rate":0,"timestamp":1536853875,"path_taken":["M","?","$","?","?","E","?","R","T","?","R","$","E","M","R","BOSS","M","?","?","?","M","R","E","M","T","R","$","M","R","M","R","BOSS","M","M","?","?","?","R","E","R","T","E","R","M","?","M","R","BOSS"],"build_version":"2018-09-06","purchased_purges":3,"victory":false,"max_hp_per_floor":[75,75,75,75,75,75,75,75,75,75,75,75,75,75,75,75,75,75,75,75,75,75,75,75,75,75,75,75,75,75,75,75,75,75,75,75,75,72,72,72,72,72,72,86,86,86,86,86,86,86],"card_choices":[{"not_picked":["Cleave","Warcry"],"picked":"Heavy Blade","floor":1},{"not_picked":["Clothesline","Clash","True Grit"],"picked":"SKIP","floor":5},{"not_picked":["Sword Boomerang","Dual Wield"],"picked":"Limit Break","floor":6},{"not_picked":["Pommel Strike","Wild Strike"],"picked":"Spot Weakness","floor":13},{"not_picked":["Clothesline","Perfected Strike","Twin Strike"],"picked":"SKIP","floor":14},{"not_picked":["Exhume","Impervious"],"picked":"Demon Form","floor":16},{"not_picked":["Fire Breathing","Havoc","Iron Wave"],"picked":"SKIP","floor":18},{"not_picked":["Shrug It Off","Warcry"],"picked":"Armaments+1","floor":22},{"not_picked":["Flex","Wild Strike"],"picked":"Inflame","floor":24},{"not_picked":["Havoc","Sever Soul","Sentinel"],"picked":"SKIP","floor":25},{"not_picked":["Reckless Charge","Searing Blow","Second Wind"],"picked":"SKIP","floor":29},{"not_picked":["Feed","Pommel Strike"],"picked":"Heavy Blade","floor":31},{"not_picked":["Exhume","Barricade"],"picked":"Offering","floor":33},{"not_picked":["Infernal Blade","Twin Strike","Uppercut"],"picked":"SKIP","floor":35},{"not_picked":["Twin Strike+1","Infernal Blade","Carnage"],"picked":"SKIP","floor":36},{"not_picked":["Blood for Blood+1","True Grit"],"picked":"Shrug It Off","floor":41},{"not_picked":["Heavy Blade+1","Limit Break"],"picked":"Metallicize+1","floor":44},{"not_picked":["Headbutt","Havoc+1","Warcry"],"picked":"SKIP","floor":46},{"not_picked":["Twin Strike","Headbutt+1"],"picked":"Exhume","floor":48}],"player_experience":351942,"relics_obtained":[{"floor":6,"key":"Paper Frog"},{"floor":7,"key":"Ancient Tea Set"},{"floor":9,"key":"Bag of Preparation"},{"floor":13,"key":"Juzu Bracelet"},{"floor":24,"key":"Tiny Chest"},{"floor":37,"key":"Charon\u0027s Ashes"},{"floor":39,"key":"Frozen Egg 2"},{"floor":41,"key":"Meat on the Bone"},{"floor":43,"key":"Incense Burner"},{"floor":44,"key":"Mango"},{"floor":47,"key":"Unceasing Top"}],"event_choices":[{"event_name":"Golden Idol","player_choice":"Take Damage","floor":2,"damage_taken":0},{"event_name":"The Cleric","player_choice":"Healed","floor":4,"damage_taken":0},{"event_name":"Golden Wing","player_choice":"Gained Gold","floor":10,"damage_taken":0},{"event_name":"Addict","player_choice":"Obtained Relic","floor":19,"damage_taken":0},{"event_name":"Ghosts","player_choice":"Ignored","floor":20,"damage_taken":0},{"event_name":"Designer","player_choice":"Full Service","floor":21,"damage_taken":0},{"event_name":"Wheel of Change","player_choice":"Relic","floor":47,"damage_taken":0}],"is_beta":false,"boss_relics":[{"not_picked":["Runic Cube","Orrery"],"picked":"Cursed Key"},{"not_picked":["Runic Dome","Philosopher\u0027s Stone"],"picked":"Fusion Hammer"}],"items_purged_floors":[3,28,38],"is_endless":false,"potions_floor_spawned":[13,18,29,31,33,36,48],"killed_by":"Donu and Deca","ascension_level":19}