{"path_per_floor":["M","?","?","?","M","R","M","E","T","R","?","E","M","M","R","B",null,"M","?","$","M","M","E","R","?","T","M","?","R","?","M","R","B",null,"M","?","?","$","M","R","E"],"character_chosen":"IRONCLAD","items_purchased":["Jack Of All Trades","Kunai","Shrug It Off","Medical Kit","Feel No Pain"],"gold_per_floor":[10,10,185,185,197,197,217,247,547,547,547,573,584,601,601,704,704,720,720,297,310,321,355,355,280,280,290,290,290,290,306,306,306,306,317,317,567,157,177,177,204],"floor_reached":42,"campfire_rested":3,"playtime":4087,"current_hp_per_floor":[78,78,78,60,58,58,58,47,47,47,40,20,19,22,46,18,80,75,75,75,66,72,49,49,49,49,51,51,51,51,54,78,9,80,76,76,76,76,51,75,14],"items_purged":["Writhe","Regret"],"gold":204,"play_id":"40cb4488-3bd3-4791-9c91-423eaa6e267b","is_prod":false,"is_daily":false,"campfire_rituals":0,"campfire_upgraded":4,"is_hardmode":false,"path_taken":["M","?","?","?","?","R","?","E","T","R","?","E","?","M","R","BOSS","M","?","$","M","M","E","R","?","T","M","?","R","?","M","R","BOSS","M","?","?","$","M","R","E","M"],"build_version":"2017-12-21-PROD1","purchased_purges":2,"victory":false,"master_deck":["Strike_R","Strike_R","Strike_R","Strike_R","Defend_R","Defend_R","Defend_R","Defend_R","Bash","Pommel Strike","Bash","Hemokinesis","Pommel Strike","Twin Strike","Offering","Combust","Hemokinesis","Heavy Blade","Demon Form","Iron Wave","Jack Of All Trades","Armaments","Iron Wave","Heavy Blade","Pommel Strike","Spot Weakness","Havoc","Reaper","Iron Wave","Armaments","Battle Trance","Headbutt","Seeing Red","Shrug It Off","Feel No Pain","Shrug It Off"],"max_hp_per_floor":[80,80,80,80,80,80,80,80,80,80,80,80,80,80,80,80,80,80,80,80,80,80,80,80,80,80,80,80,80,80,80,80,80,80,80,80,80,80,80,80,82],"relics":["Burning Blood","Torii","Mercury Hourglass","Singing Bowl","Old Coin","Toxic Egg","White Beast Statue","Ancient Tea Set","Kunai","Oddly Smooth Stone","Centennial Puzzle","Orrery","Medical Kit","Juzu Bracelet"],"campfire_meditates":0,"card_choices":[{"not_picked":["Impervious","Flex"],"picked":"Pommel Strike"},{"not_picked":["Clothesline","Burning Pact"],"picked":"Pommel Strike"},{"not_picked":["Sentinel","Havoc"],"picked":"Twin Strike"},{"not_picked":["Heavy Blade","Entrench"],"picked":"Offering"},{"not_picked":["Impervious","Dual Wield"],"picked":"Combust"},{"not_picked":["Thunderclap","Pommel Strike"],"picked":"Hemokinesis"},{"not_picked":["Anger","Warcry"],"picked":"Heavy Blade"},{"not_picked":["Feed","Reaper"],"picked":"Demon Form"},{"not_picked":["Anger","Cleave"],"picked":"Iron Wave"},{"not_picked":["Clothesline","Wild Strike"],"picked":"Armaments"},{"not_picked":["Twin Strike","Havoc"],"picked":"Iron Wave"},{"not_picked":["Feel No Pain","Body Slam"],"picked":"Heavy Blade"},{"not_picked":["Perfected Strike","Clash"],"picked":"Pommel Strike"},{"not_picked":["Pummel","Seeing Red"],"picked":"Havoc"},{"not_picked":["Juggernaut","Impervious"],"picked":"Reaper"},{"not_picked":["Perfected Strike","Havoc"],"picked":"Iron Wave"},{"not_picked":["Battle Trance","Warcry"],"picked":"Armaments"},{"not_picked":["Evolve","True Grit"],"picked":"Battle Trance"},{"not_picked":["Anger","Body Slam"],"picked":"Headbutt"},{"not_picked":["Sever Soul","Clothesline"],"picked":"Seeing Red"},{"not_picked":["Cleave","Hemokinesis"],"picked":"Infernal Blade"},{"not_picked":["Armaments","Metallicize"],"picked":"Shrug It Off"}],"player_experience":78611,"potions_floor_usage":[12,18,21,22,23,23,27,33,33,41,41,42],"damage_taken":[{"damage":8,"enemies":"Looter","floor":1,"turns":5},{"damage":8,"enemies":"Blue Slaver","floor":5,"turns":3},{"damage":6,"enemies":"Jaw Worm","floor":7,"turns":3},{"damage":17,"enemies":"Gremlin Nob","floor":8,"turns":3},{"damage":35,"enemies":"Lagavulin","floor":12,"turns":5},{"damage":7,"enemies":"Large Slime","floor":13,"turns":4},{"damage":3,"enemies":"Gremlin Gang","floor":14,"turns":3},{"damage":34,"enemies":"Hexaghost","floor":16,"turns":9},{"damage":20,"enemies":"3 Byrds","floor":18,"turns":5},{"damage":18,"enemies":"Spheric Guardian","floor":21,"turns":4},{"damage":15,"enemies":"Chosen and Byrds","floor":22,"turns":8},{"damage":29,"enemies":"Book of Stabbing","floor":23,"turns":5},{"damage":4,"enemies":"3 Cultists","floor":27,"turns":5},{"damage":3,"enemies":"Snecko","floor":31,"turns":3},{"damage":75,"enemies":"Automaton","floor":33,"turns":7},{"damage":10,"enemies":"Orb Walker","floor":35,"turns":3},{"damage":31,"enemies":"3 Shapes","floor":39,"turns":4},{"damage":69,"enemies":"Nemesis","floor":41,"turns":10},{"damage":29,"enemies":"Sphere and 2 Shapes","floor":42,"turns":3}],"event_choices":[{"event_name":"Match and Keep!","player_choice":"2 cards matched","floor":2,"damage_taken":0},{"event_name":"Liars Game","player_choice":"agreed","floor":3,"damage_taken":0},{"event_name":"Scrap Ooze","player_choice":"success","floor":4,"damage_taken":18},{"event_name":"Golden Wing","player_choice":"Card Removal","floor":11,"damage_taken":0},{"event_name":"The Mausoleum","player_choice":"Yes","floor":19,"damage_taken":0},{"event_name":"Beggar","player_choice":"Gave Gold","floor":25,"damage_taken":0},{"event_name":"The Library","player_choice":"Read","floor":28,"damage_taken":0},{"event_name":"Vampires","player_choice":"Ignored","floor":30,"damage_taken":0},{"event_name":"Golden Shrine","player_choice":"Desecrate","floor":37,"damage_taken":0}],"boss_relics":[{"not_picked":["Eternal Feather","Tiny House"],"picked":"White Beast Statue"},{"not_picked":["Astrolabe","Black Blood"],"picked":"Orrery"}],"potions_floor_spawned":[1,8,14,16,18,21,22,23,27,31,33,35,39,41],"seed_played":"7938705442922641398","killed_by":"Sphere and 2 Shapes","is_trial":false}