{"gold_per_floor":[111,36,36,50,69,69,95,95,95,120,150,181,208,236,248,362,374,396,424,436,460,472,510,8,8,8,23,51,70,83,98,98,200,200,210,20,30,76,76,106,26,26,51,51,65,82,110,10,10,10],"floor_reached":51,"playtime":6073,"items_purged":["Doubt","Strike_G+1","Strike_G+1"],"score":973,"play_id":"6bf11de5-24b9-4c63-87fd-b2fb91949e5f","local_time":"20190109191723","is_ascension_mode":true,"campfire_choices":[{"data":"Neutralize","floor":6,"key":"SMITH"},{"floor":8,"key":"REST"},{"floor":15,"key":"REST"},{"floor":25,"key":"REST"},{"floor":32,"key":"REST"},{"floor":42,"key":"REST"},{"data":"Storm of Steel","floor":44,"key":"SMITH"},{"data":"Envenom","floor":49,"key":"SMITH"}],"neow_cost":"CURSE","seed_source_timestamp":1297615521741189,"circlet_count":0,"master_deck":["Defend_G+1","Defend_G+1","Defend_G+1","Defend_G+1","Defend_G+1","Strike_G+1","Strike_G+1","Strike_G+1","Survivor","Neutralize+1","Acrobatics","Underhanded Strike","Slice","Blur","Dagger Throw","Unload","Quick Slash","Backflip","Acrobatics","Storm of Steel+1","Deflect","Slice","Reflex+1","Slice","Envenom+1","After Image","Adrenaline","Terror","Dodge and Roll+1","Acrobatics","Cloak And Dagger+1","Acrobatics","Cloak And Dagger+1"],"relics":["Ring of the Snake","Tough Bandages","The Courier","MawBank","Runic Pyramid","Potion Belt","Ornamental Fan","Kunai","Strawberry","Question Card","Pear","Lizard Tail","Mercury Hourglass","Torii","Letter Opener","Pantograph","Happy Flower","Snake Skull"],"potions_floor_usage":[11,16,23,23,23,23,23,30,50,50,50],"damage_taken":[{"damage":8,"enemies":"2 Louse","floor":1,"turns":3},{"damage":0,"enemies":"Cultist","floor":4,"turns":4},{"damage":9,"enemies":"Small Slimes","floor":5,"turns":3},{"damage":30,"enemies":"3 Sentries","floor":7,"turns":10},{"damage":19,"enemies":"Exordium Thugs","floor":10,"turns":7},{"damage":0,"enemies":"3 Louse","floor":11,"turns":4},{"damage":0,"enemies":"Exordium Wildlife","floor":12,"turns":2},{"damage":0,"enemies":"Lots of Slimes","floor":13,"turns":3},{"damage":19,"enemies":"Large Slime","floor":14,"turns":5},{"damage":15,"enemies":"The Guardian","floor":16,"turns":16},{"damage":13,"enemies":"Spheric Guardian","floor":18,"turns":4},{"damage":3,"enemies":"3 Byrds","floor":19,"turns":5},{"damage":24,"enemies":"Shelled Parasite and Fungi","floor":21,"turns":7},{"damage":0,"enemies":"Slavers","floor":23,"turns":5},{"damage":0,"enemies":"Snecko","floor":27,"turns":6},{"damage":0,"enemies":"Book of Stabbing","floor":28,"turns":6},{"damage":2,"enemies":"Centurion and Healer","floor":29,"turns":7},{"damage":18,"enemies":"Sentry and Sphere","floor":30,"turns":6},{"damage":0,"enemies":"Snake Plant","floor":31,"turns":9},{"damage":21,"enemies":"Automaton","floor":33,"turns":13},{"damage":0,"enemies":"3 Shapes","floor":35,"turns":5},{"damage":4,"enemies":"Orb Walker","floor":37,"turns":3},{"damage":31,"enemies":"2 Orb Walkers","floor":38,"turns":7},{"damage":8,"enemies":"Nemesis","floor":40,"turns":9},{"damage":0,"enemies":"Maw","floor":45,"turns":6},{"damage":0,"enemies":"Spire Growth","floor":46,"turns":4},{"damage":10,"enemies":"Reptomancer","floor":47,"turns":7},{"damage":0,"enemies":"Awakened One","floor":50,"turns":16}],"seed_played":"-4669706133623597764","potions_obtained":[{"floor":3,"key":"SkillPotion"},{"floor":3,"key":"EntropicBrew"},{"floor":3,"key":"Strength Potion"},{"floor":13,"key":"LiquidBronze"},{"floor":21,"key":"PowerPotion"},{"floor":27,"key":"SkillPotion"},{"floor":28,"key":"Strength Potion"},{"floor":33,"key":"Regen Potion"},{"floor":45,"key":"FearPotion"}],"is_trial":false,"path_per_floor":["M","$","?","M","M","R","E","R","T","M","M","M","M","M","R","B",null,"M","M","?","M","?","E","$","R","T","M","E","M","M","M","R","B",null,"M","$","M","?","?","E","$","R","T","R","M","M","E","$","R","B",null],"character_chosen":"THE_SILENT","items_purchased":["Ornamental Fan","Kunai","Strawberry","Mercury Hourglass"],"campfire_rested":5,"item_purchase_floors":[24,24,24,36],"current_hp_per_floor":[62,62,62,62,53,53,23,44,44,25,25,25,25,6,27,12,70,57,54,41,17,17,17,24,48,48,48,58,56,38,38,65,44,92,92,92,88,57,57,49,49,76,76,76,76,76,66,66,66,91],"gold":10,"neow_bonus":"ONE_RARE_RELIC","is_prod":false,"is_daily":false,"chose_seed":false,"campfire_upgraded":3,"win_rate":0,"timestamp":1547061443,"path_taken":["M","$","?","M","M","R","E","R","T","M","M","M","M","?","R","BOSS","M","M","?","M","?","E","$","R","T","M","E","M","?","M","R","BOSS","M","$","M","?","?","E","$","R","T","R","M","M","E","$","R","BOSS"],"build_version":"2019-01-03v4","purchased_purges":3,"victory":true,"max_hp_per_floor":[70,70,70,70,70,70,70,70,70,70,70,70,70,70,70,70,70,70,70,75,75,75,75,82,82,82,82,92,92,92,92,92,92,92,92,92,92,92,92,92,92,92,92,92,92,92,92,92,92,92],"card_choices":[{"not_picked":["Deflect","PiercingWail"],"picked":"Acrobatics","floor":1},{"not_picked":["Flying Knee","Die Die Die"],"picked":"Underhanded Strike","floor":4},{"not_picked":["Dodge and Roll","Bane"],"picked":"Slice","floor":5},{"not_picked":["Outmaneuver","Well Laid Plans"],"picked":"Blur","floor":7},{"not_picked":["Outmaneuver","Deflect"],"picked":"Dagger Throw","floor":10},{"not_picked":["Flying Knee","Acrobatics"],"picked":"Unload","floor":11},{"not_picked":["Acrobatics","Prepared"],"picked":"Quick Slash","floor":12},{"not_picked":["Dash","Bouncing Flask"],"picked":"Backflip","floor":13},{"not_picked":["Skewer","Deadly Poison"],"picked":"Acrobatics","floor":14},{"not_picked":["Doppelganger","A Thousand Cuts"],"picked":"Storm of Steel","floor":16},{"not_picked":["Crippling Poison","Dash+1"],"picked":"Deflect","floor":18},{"not_picked":["Sucker Punch","Acrobatics"],"picked":"Slice","floor":19},{"not_picked":["Blade Dance","Noxious Fumes","Deflect"],"picked":"SKIP","floor":21},{"not_picked":["Predator","Distraction+1"],"picked":"Reflex+1","floor":23},{"not_picked":["Endless Agony","Bane","PiercingWail"],"picked":"Slice","floor":27},{"not_picked":["Prepared","Dagger Spray","Quick Slash+1"],"picked":"Envenom","floor":28},{"not_picked":["Blade Dance","Distraction","Poisoned Stab","Bane"],"picked":"SKIP","floor":29},{"not_picked":["Deadly Poison","Dagger Throw","Expertise"],"picked":"After Image","floor":30},{"not_picked":["Slice","Deadly Poison","Choke","Blade Dance+1"],"picked":"SKIP","floor":31},{"not_picked":["Storm of Steel","Unload","Wraith Form v2"],"picked":"Adrenaline","floor":33},{"not_picked":["Acrobatics","Riddle With Holes+1","PiercingWail"],"picked":"Terror","floor":35},{"not_picked":["Sucker Punch+1","Underhanded Strike+1","Deflect+1"],"picked":"Dodge and Roll+1","floor":37},{"not_picked":["Heel Hook+1","All Out Attack+1","Leg Sweep"],"picked":"Acrobatics","floor":38},{"not_picked":["Underhanded Strike","Adrenaline","Footwork"],"picked":"Cloak And Dagger+1","floor":40},{"not_picked":["Choke","Underhanded Strike+1","Dodge and Roll+1"],"picked":"Acrobatics","floor":45},{"not_picked":["Caltrops","Infinite Blades+1","Quick Slash+1"],"picked":"Cloak And Dagger+1","floor":46},{"not_picked":["Flying Knee+1","Escape Plan+1","Slice","Heel Hook"],"picked":"SKIP","floor":47}],"player_experience":118637,"relics_obtained":[{"floor":7,"key":"The Courier"},{"floor":9,"key":"MawBank"},{"floor":23,"key":"Potion Belt"},{"floor":26,"key":"Question Card"},{"floor":28,"key":"Pear"},{"floor":38,"key":"Torii"},{"floor":40,"key":"Pantograph"},{"floor":43,"key":"Happy Flower"},{"floor":47,"key":"Snake Skull"}],"event_choices":[{"damage_healed":0,"gold_gain":0,"player_choice":"Got Potions","damage_taken":0,"max_hp_gain":0,"max_hp_loss":0,"event_name":"Lab","floor":3,"gold_loss":0},{"damage_healed":0,"gold_gain":0,"player_choice":"Shed Blood","damage_taken":18,"max_hp_gain":5,"max_hp_loss":0,"event_name":"Forgotten Altar","floor":20,"gold_loss":0},{"damage_healed":0,"gold_gain":0,"player_choice":"Simplicity","damage_taken":0,"max_hp_gain":0,"max_hp_loss":0,"event_name":"Back to Basics","floor":22,"gold_loss":0,"cards_upgraded":["Defend_G","Defend_G","Defend_G","Defend_G","Defend_G","Strike_G","Strike_G","Strike_G","Strike_G","Strike_G"]},{"damage_healed":0,"gold_gain":0,"player_choice":"Fight","damage_taken":0,"max_hp_gain":0,"max_hp_loss":0,"event_name":"Mysterious Sphere","floor":38,"gold_loss":0},{"damage_healed":0,"gold_gain":0,"player_choice":"Gave Potion","damage_taken":0,"relics_obtained":["Letter Opener"],"max_hp_gain":0,"max_hp_loss":0,"event_name":"WeMeetAgain","floor":39,"gold_loss":0}],"is_beta":false,"boss_relics":[{"not_picked":["Snecko Eye","Pandora\u0027s Box"],"picked":"Runic Pyramid"},{"not_picked":["Velvet Choker","Runic Dome"],"picked":"Lizard Tail"}],"items_purged_floors":[2,41,48],"is_endless":false,"potions_floor_spawned":[5,13,14,21,27,28,33,45],"ascension_level":3}