{"gold_per_floor":[115,40,53,53,71,71,84,84,84,84,84,102,118,118,118,239,239,252,252,107,90,111,111,146,146,146,146,27,50,69,110,110,110],"floor_reached":33,"playtime":3179,"items_purged":["Strike_B","Strike_B"],"score":296,"play_id":"b0c01ecd-7408-4943-91e7-6cc7c746ddf2","local_time":"20190107161351","is_ascension_mode":true,"campfire_choices":[{"data":"Consume","floor":6,"key":"SMITH"},{"data":"Zap","floor":8,"key":"SMITH"},{"data":"Go for the Eyes","floor":10,"key":"SMITH"},{"floor":15,"key":"REST"},{"data":"Biased Cognition","floor":23,"key":"SMITH"},{"floor":25,"key":"REST"},{"floor":27,"key":"REST"},{"data":"Defragment","floor":32,"key":"SMITH"}],"neow_cost":"NONE","seed_source_timestamp":450099166625494,"circlet_count":0,"master_deck":["Strike_B+1","Strike_B+1","Defend_B","Defend_B","Defend_B","Defend_B","Zap+1","Dualcast","Go for the Eyes+1","Consume+1","Conserve Battery","Cold Snap+1","Ball Lightning+1","Biased Cognition+1","Hologram+1","Compile Driver+1","Go for the Eyes+1","Defragment+1","Glacier"],"relics":["FrozenCore","Molten Egg 2","Golden Idol","Unceasing Top","Red Mask"],"potions_floor_usage":[16,16,18,24,31,31],"damage_taken":[{"damage":8,"enemies":"Small Slimes","floor":1,"turns":3},{"damage":2,"enemies":"Jaw Worm","floor":3,"turns":3},{"damage":0,"enemies":"Cultist","floor":5,"turns":4},{"damage":31,"enemies":"Large Slime","floor":7,"turns":6},{"damage":16,"enemies":"Exordium Wildlife","floor":12,"turns":4},{"damage":0,"enemies":"Looter","floor":13,"turns":3},{"damage":15,"enemies":"Slime Boss","floor":16,"turns":9},{"damage":9,"enemies":"3 Byrds","floor":18,"turns":4},{"damage":10,"enemies":"2 Thieves","floor":21,"turns":4},{"damage":4,"enemies":"Centurion and Healer","floor":22,"turns":7},{"damage":43,"enemies":"Slavers","floor":24,"turns":6},{"damage":0,"enemies":"Sentry and Sphere","floor":29,"turns":6},{"damage":2,"enemies":"Snecko","floor":30,"turns":4},{"damage":10,"enemies":"Masked Bandits","floor":31,"turns":4},{"damage":50,"enemies":"Automaton","floor":33,"turns":12}],"seed_played":"-3762099698969588755","potions_obtained":[{"floor":7,"key":"Ancient Potion"},{"floor":13,"key":"Regen Potion"},{"floor":16,"key":"PowerPotion"},{"floor":21,"key":"Weak Potion"},{"floor":24,"key":"Fire Potion"},{"floor":29,"key":"EssenceOfSteel"},{"floor":31,"key":"Explosive Potion"}],"is_trial":false,"path_per_floor":["M","$","M","?","M","R","M","R","T","R","?","M","M","?","R","B",null,"M","?","$","M","M","R","E","R","T","R","$","M","M","?","R","B"],"character_chosen":"DEFECT","items_purchased":["Compile Driver+1","Defragment","Glacier"],"campfire_rested":3,"item_purchase_floors":[20,28,28],"current_hp_per_floor":[74,74,72,72,72,72,41,41,41,41,25,9,9,9,31,31,76,67,67,67,57,53,53,10,32,32,54,54,54,52,42,42,0],"gold":110,"neow_bonus":"TEN_PERCENT_HP_BONUS","is_prod":false,"is_daily":false,"chose_seed":false,"campfire_upgraded":5,"win_rate":0,"timestamp":1546899231,"path_taken":["M","$","M","?","M","R","M","R","T","R","?","M","M","?","R","BOSS","M","?","$","M","M","R","E","R","T","R","$","?","M","?","R","BOSS"],"build_version":"2019-01-03v4","purchased_purges":2,"victory":false,"max_hp_per_floor":[82,82,82,82,82,82,82,82,82,82,82,82,82,76,76,76,76,76,76,76,76,76,76,76,76,76,76,76,76,76,76,76,76],"card_choices":[{"not_picked":["Streamline","Barrage","Storm"],"picked":"SKIP","floor":1},{"not_picked":["Barrage","Ball Lightning"],"picked":"Go for the Eyes","floor":3},{"not_picked":["Force Field","Auto Shields"],"picked":"Consume","floor":5},{"not_picked":["Barrage","Sunder"],"picked":"Conserve Battery","floor":7},{"not_picked":["Reprogram","Blizzard+1"],"picked":"Cold Snap+1","floor":12},{"not_picked":["Aggregate","Beam Cell+1"],"picked":"Ball Lightning+1","floor":13},{"not_picked":["Creative AI","Multi-Cast"],"picked":"Biased Cognition","floor":16},{"not_picked":["Compile Driver+1","Consume+1"],"picked":"Hologram","floor":18},{"not_picked":["Genetic Algorithm","Streamline+1"],"picked":"Go for the Eyes+1","floor":21},{"not_picked":["Rainbow","Go for the Eyes+1","Steam+1"],"picked":"SKIP","floor":22},{"not_picked":["Rebound+1","Beam Cell+1","Scrape+1"],"picked":"SKIP","floor":24},{"not_picked":["Leap","Gash+1","Streamline+1"],"picked":"SKIP","floor":29},{"not_picked":["Barrage+1","Tempest","Aggregate"],"picked":"SKIP","floor":30}],"player_experience":146956,"relics_obtained":[{"floor":9,"key":"Molten Egg 2"},{"floor":24,"key":"Unceasing Top"},{"floor":31,"key":"Red Mask"}],"event_choices":[{"damage_healed":0,"gold_gain":0,"player_choice":"Ignored","damage_taken":0,"max_hp_gain":0,"max_hp_loss":0,"event_name":"Liars Game","floor":4,"gold_loss":0},{"damage_healed":0,"gold_gain":0,"player_choice":"Entered Light","damage_taken":16,"max_hp_gain":0,"max_hp_loss":0,"event_name":"Shining Light","floor":11,"gold_loss":0,"cards_upgraded":["Strike_B","Strike_B"]},{"damage_healed":0,"gold_gain":0,"player_choice":"Lose Max HP","damage_taken":0,"relics_obtained":["Golden Idol"],"max_hp_gain":0,"max_hp_loss":6,"event_name":"Golden Idol","floor":14,"gold_loss":0},{"damage_healed":0,"gold_gain":0,"player_choice":"Upgraded","damage_taken":0,"max_hp_gain":0,"max_hp_loss":0,"event_name":"Upgrade Shrine","floor":19,"gold_loss":0,"cards_upgraded":["Hologram"]},{"damage_healed":0,"gold_gain":0,"player_choice":"Fought Bandits","damage_taken":0,"max_hp_gain":0,"max_hp_loss":0,"event_name":"Masked Bandits","floor":31,"gold_loss":0}],"is_beta":false,"boss_relics":[{"not_picked":["Snecko Eye","Philosopher\u0027s Stone"],"picked":"FrozenCore"}],"items_purged_floors":[2,20],"is_endless":false,"potions_floor_spawned":[7,13,16,21,24,29,31],"killed_by":"Automaton","ascension_level":3}