{"path_per_floor":["M","?","M","?","M","R","M","M","T","?","E","M","E","M","R","B",null,"M","?","M","M","$","R","E","M","T","M","R","?","M","E","R","B",null,"M","?","?","?","$"],"character_chosen":"IRONCLAD","items_purchased":["Iron Wave","Happy Flower","Ancient Tea Set"],"gold_per_floor":[111,111,129,129,142,142,155,170,193,193,228,248,279,298,298,400,400,419,344,359,371,246,246,277,287,313,326,326,326,344,379,379,475,475,486,533,533,533,229],"floor_reached":40,"campfire_rested":1,"playtime":2746,"current_hp_per_floor":[80,64,64,64,67,67,65,58,58,58,62,61,51,47,47,25,80,80,80,68,64,64,64,51,45,45,48,48,75,59,50,75,24,86,84,59,59,59,59],"items_purged":["Strike_R"],"gold":229,"play_id":"ace1f676-288c-4d8e-9f77-2ecf0ce76f69","is_prod":false,"is_daily":false,"campfire_rituals":0,"campfire_upgraded":4,"is_hardmode":false,"path_taken":["M","?","M","?","M","R","?","M","T","?","E","?","E","M","R","BOSS","M","?","M","M","$","R","E","M","T","M","R","?","M","E","R","BOSS","M","?","?","?","?","E"],"build_version":"2018-01-11-PROD2","purchased_purges":1,"victory":false,"master_deck":["Strike_R","Defend_R","Defend_R","Defend_R","Defend_R","Bash","Writhe","Iron Wave","Sword Boomerang","Pommel Strike","Warcry","Headbutt","Spot Weakness","Havoc","Immolate","Heavy Blade","Immolate","Shrug It Off","Pommel Strike","Sword Boomerang","Iron Wave","Headbutt","Spot Weakness","Sword Boomerang","Clumsy","Injury","Injury","Headbutt","Injury"],"max_hp_per_floor":[80,80,80,80,80,80,80,80,80,80,80,80,80,80,80,80,80,80,80,80,80,80,80,80,82,82,82,82,82,84,84,84,86,86,88,88,88,88,88],"relics":["Burning Blood","Du-Vu Doll","Self Forming Clay","Bronze Scales","Whetstone","Red Skull","Black Star","Singing Bowl","Molten Egg","Vajra","Bag of Preparation","War Paint","Calling Bell","Gambling Chip","Mercury Hourglass","Shovel","Champion Belt","Happy Flower","Ancient Tea Set"],"campfire_meditates":0,"card_choices":[{"not_picked":["Perfected Strike","Body Slam"],"picked":"Iron Wave"},{"not_picked":["Corruption","Combust"],"picked":"Sword Boomerang"},{"not_picked":["Dual Wield","Clash"],"picked":"Pommel Strike"},{"not_picked":["Cleave","Clothesline"],"picked":"Warcry"},{"not_picked":["Feel No Pain","Intimidate"],"picked":"Headbutt"},{"not_picked":["Iron Wave","Reckless Charge"],"picked":"Spot Weakness"},{"not_picked":["Warcry","Iron Wave"],"picked":"Havoc"},{"not_picked":["Battle Trance","Pommel Strike"],"picked":"Immolate"},{"not_picked":["Blood for Blood","Battle Trance"],"picked":"Heavy Blade"},{"not_picked":["Feed","Berserk"],"picked":"Immolate"},{"not_picked":["Thunderclap","Clash"],"picked":"Shrug It Off"},{"not_picked":["Dual Wield","Infernal Blade"],"picked":"Pommel Strike"},{"not_picked":["Flex","Hemokinesis"],"picked":"Sword Boomerang"},{"not_picked":["Pommel Strike","Immolate"],"picked":"Headbutt"},{"not_picked":["Anger","Intimidate"],"picked":"Spot Weakness"},{"not_picked":["Armaments","Searing Blow"],"picked":"Sword Boomerang"},{"not_picked":["Heavy Blade","Intimidate"],"picked":"Headbutt"}],"player_experience":276752,"potions_floor_usage":[11,13,21,24,31,33,40],"damage_taken":[{"damage":5,"enemies":"Small Slimes","floor":1,"turns":3},{"damage":6,"enemies":"Jaw Worm","floor":3,"turns":3},{"damage":3,"enemies":"Cultist","floor":5,"turns":2},{"damage":8,"enemies":"Large Slime","floor":7,"turns":3},{"damage":13,"enemies":"Looter","floor":8,"turns":2},{"damage":8,"enemies":"Gremlin Nob","floor":11,"turns":3},{"damage":7,"enemies":"Exordium Wildlife","floor":12,"turns":3},{"damage":16,"enemies":"Lagavulin","floor":13,"turns":4},{"damage":10,"enemies":"Red Slaver","floor":14,"turns":4},{"damage":28,"enemies":"The Guardian","floor":16,"turns":6},{"damage":5,"enemies":"Spheric Guardian","floor":18,"turns":3},{"damage":18,"enemies":"Chosen","floor":20,"turns":5},{"damage":10,"enemies":"Snecko","floor":21,"turns":3},{"damage":19,"enemies":"Gremlin Leader","floor":24,"turns":6},{"damage":14,"enemies":"Sentry and Sphere","floor":25,"turns":4},{"damage":3,"enemies":"Centurion and Healer","floor":27,"turns":3},{"damage":24,"enemies":"Snake Plant","floor":30,"turns":2},{"damage":15,"enemies":"Slavers","floor":31,"turns":4},{"damage":74,"enemies":"Automaton","floor":33,"turns":7},{"damage":10,"enemies":"3 Shapes","floor":35,"turns":3},{"damage":31,"enemies":"Mysterious Sphere","floor":36,"turns":4},{"damage":78,"enemies":"Nemesis","floor":40,"turns":6}],"event_choices":[{"event_name":"Shining Light","player_choice":"Entered Light","floor":2,"damage_taken":0},{"event_name":"Big Fish","player_choice":"Box","floor":4,"damage_taken":0},{"event_name":"Living Wall","player_choice":"Forget","floor":10,"damage_taken":0},{"event_name":"Beggar","player_choice":"Gave Gold","floor":19,"damage_taken":0},{"event_name":"The Library","player_choice":"Heal","floor":29,"damage_taken":0},{"event_name":"Mysterious Sphere","player_choice":"Fight","floor":36,"damage_taken":0},{"event_name":"Transmorgrifier","player_choice":"Transform","floor":37,"damage_taken":0},{"event_name":"Bonfire Elementals","player_choice":"BASIC","floor":38,"damage_taken":0}],"boss_relics":[{"not_picked":["Ectoplasm","Snecko Eye"],"picked":"Black Star"},{"not_picked":["Question Card","Runic Dome"],"picked":"Calling Bell"}],"potions_floor_spawned":[3,12,16,18,21,30,31],"seed_played":"2719737343210719576","killed_by":"Nemesis","is_trial":false}