{"gold_per_floor":[109,109,126,126,126,126,161,172,172,186,186,244,244,244,244,244],"floor_reached":16,"playtime":506,"items_purged":[],"score":221,"play_id":"1c39525b-b3a0-4e57-9b0b-f1e6584bb8a8","local_time":"20180905174628","is_ascension_mode":true,"campfire_choices":[{"data":"Bash","floor":6,"key":"SMITH"},{"data":"Corruption","floor":11,"key":"SMITH"},{"data":"Immolate","floor":13,"key":"SMITH"},{"data":"Uppercut","floor":15,"key":"SMITH"}],"neow_cost":"NONE","seed_source_timestamp":1826489916158239,"circlet_count":0,"master_deck":["Strike_R","Strike_R","Strike_R","Strike_R","Strike_R+1","Defend_R","Defend_R","Defend_R+1","Bash+1","AscendersBane","Uppercut+1","Corruption+1","Immolate+1"],"relics":["Burning Blood","NeowsBlessing","Letter Opener","Darkstone Periapt","Bag of Marbles"],"potions_floor_usage":[8,10],"damage_taken":[{"damage":0,"enemies":"2 Louse","floor":1,"turns":1},{"damage":0,"enemies":"Small Slimes","floor":3,"turns":1},{"damage":0,"enemies":"Gremlin Nob","floor":7,"turns":1},{"damage":2,"enemies":"Jaw Worm","floor":8,"turns":3},{"damage":1,"enemies":"3 Louse","floor":10,"turns":3},{"damage":62,"enemies":"3 Sentries","floor":12,"turns":9},{"damage":21,"enemies":"Slime Boss","floor":16,"turns":7}],"seed_played":"7261027367426041303","potions_obtained":[{"floor":7,"key":"AttackPotion"},{"floor":8,"key":"Fruit Juice"}],"is_trial":false,"path_per_floor":["M","$","M","?","?","R","E","M","T","M","R","?","R","?","R"],"character_chosen":"IRONCLAD","items_purchased":[],"campfire_rested":0,"item_purchase_floors":[],"current_hp_per_floor":[74,74,75,52,52,52,58,67,67,72,72,16,16,21,21,0],"gold":244,"neow_bonus":"THREE_ENEMY_KILL","is_prod":false,"is_daily":false,"chose_seed":false,"campfire_upgraded":4,"win_rate":0,"timestamp":1536165988,"path_taken":["M","$","M","?","?","R","E","M","T","?","R","?","R","?","R","BOSS"],"build_version":"2018-08-30","purchased_purges":0,"victory":false,"max_hp_per_floor":[75,75,75,75,75,75,75,80,80,80,80,80,80,85,85,85],"card_choices":[{"not_picked":["Armaments","Headbutt","Havoc"],"picked":"SKIP","floor":1},{"not_picked":["Fire Breathing","Dual Wield","Clash"],"picked":"SKIP","floor":3},{"not_picked":["Wild Strike","Sword Boomerang","True Grit"],"picked":"SKIP","floor":7},{"not_picked":["True Grit","Heavy Blade"],"picked":"Uppercut","floor":8},{"not_picked":["Anger","Rage"],"picked":"Corruption","floor":10},{"not_picked":["Flex","Metallicize"],"picked":"Immolate","floor":12}],"player_experience":314473,"relics_obtained":[{"floor":7,"key":"Letter Opener"},{"floor":9,"key":"Darkstone Periapt"},{"floor":12,"key":"Bag of Marbles"}],"event_choices":[{"event_name":"Shining Light","player_choice":"Entered Light","floor":4,"damage_taken":0},{"event_name":"Living Wall","player_choice":"Forget","floor":5,"damage_taken":0},{"event_name":"Dead Adventurer","player_choice":"Searched \u00272\u0027 times","floor":12,"damage_taken":0},{"event_name":"Big Fish","player_choice":"Donut","floor":14,"damage_taken":0}],"is_beta":false,"boss_relics":[],"items_purged_floors":[],"is_endless":false,"potions_floor_spawned":[7,8],"killed_by":"Slime Boss","ascension_level":16}