{"gold_per_floor":[116,41,60,60,77,103,123,156,156,156,173,173,5,19,19,119,119,129,44,58,70,87,87,97,131,131,148,247,257,257,268,268,371,371,386,403,403,51,71,71,82,82,82,107,107,135,146,146,146,146],"floor_reached":51,"playtime":2572,"items_purged":["Clumsy"],"score":1130,"play_id":"c124e22b-1c8e-4211-ab02-585b75e9923d","local_time":"20190114154959","is_ascension_mode":true,"campfire_choices":[{"floor":10,"key":"REST"},{"data":"Biased Cognition","floor":15,"key":"SMITH"},{"data":"Machine Learning","floor":23,"key":"SMITH"},{"data":"Fission","floor":30,"key":"SMITH"},{"data":"BootSequence","floor":32,"key":"SMITH"},{"data":"Fission","floor":40,"key":"SMITH"},{"data":"Buffer","floor":45,"key":"SMITH"},{"floor":49,"key":"REST"}],"neow_cost":"CURSE","seed_source_timestamp":1720503884456850,"circlet_count":0,"master_deck":["Defend_B","Defend_B","Defend_B","Defend_B","Zap","Dualcast","Electrodynamics","Tempest","Biased Cognition+1","Leap","BootSequence+1","Conserve Battery+1","Conserve Battery","Thunder Strike","Reprogram","Core Surge","Self Repair+1","Storm+1","Leap+1","Leap","Conserve Battery","Loop","Machine Learning+1","Storm+1","Leap","White Noise+1","Fission+1","Biased Cognition","Reprogram+1","Capacitor","Leap","Fission+1","Consume+1","Stack+1","Buffer+1","Tempest+1","Streamline"],"special_seed":0,"relics":["Cracked Core","Lantern","Prayer Wheel","Du-Vu Doll","Strawberry","Astrolabe","Gremlin Horn","Bag of Preparation","Cables","Sozu","Anchor","Runic Capacitor","Dead Branch","Pocketwatch","Pear"],"potions_floor_usage":[3,41,47,50],"damage_taken":[{"damage":2,"enemies":"Jaw Worm","floor":1,"turns":3},{"damage":0,"enemies":"Small Slimes","floor":3,"turns":2},{"damage":7,"enemies":"2 Louse","floor":5,"turns":3},{"damage":10,"enemies":"Gremlin Nob","floor":6,"turns":3},{"damage":9,"enemies":"Large Slime","floor":7,"turns":3},{"damage":26,"enemies":"Lagavulin","floor":8,"turns":4},{"damage":0,"enemies":"Exordium Wildlife","floor":11,"turns":3},{"damage":0,"enemies":"Red Slaver","floor":14,"turns":3},{"damage":18,"enemies":"Hexaghost","floor":16,"turns":8},{"damage":7,"enemies":"Spheric Guardian","floor":18,"turns":4},{"damage":5,"enemies":"2 Thieves","floor":20,"turns":4},{"damage":11,"enemies":"Sentry and Sphere","floor":21,"turns":4},{"damage":14,"enemies":"Cultist and Chosen","floor":22,"turns":5},{"damage":0,"enemies":"Centurion and Healer","floor":24,"turns":3},{"damage":4,"enemies":"Gremlin Leader","floor":25,"turns":4},{"damage":0,"enemies":"Snecko","floor":27,"turns":3},{"damage":4,"enemies":"Snake Plant","floor":29,"turns":2},{"damage":4,"enemies":"Centurion and Healer","floor":31,"turns":2},{"damage":15,"enemies":"Champ","floor":33,"turns":5},{"damage":3,"enemies":"Orb Walker","floor":35,"turns":2},{"damage":0,"enemies":"3 Darklings","floor":36,"turns":1},{"damage":3,"enemies":"Transient","floor":39,"turns":5},{"damage":2,"enemies":"Writhing Mass","floor":41,"turns":3},{"damage":0,"enemies":"Giant Head","floor":44,"turns":3},{"damage":21,"enemies":"Nemesis","floor":46,"turns":5},{"damage":13,"enemies":"Jaw Worm Horde","floor":47,"turns":3},{"damage":24,"enemies":"Time Eater","floor":50,"turns":5}],"seed_played":"5277284050943301394","potions_obtained":[{"floor":1,"key":"Fire Potion"},{"floor":14,"key":"FocusPotion"},{"floor":18,"key":"Block Potion"},{"floor":20,"key":"Weak Potion"},{"floor":21,"key":"SteroidPotion"}],"is_trial":false,"path_per_floor":["M","$","M","?","M","E","M","E","T","R","M","?","$","M","R","B",null,"M","?","M","M","M","R","M","E","T","M","?","M","R","M","R","B",null,"M","M","?","$","M","R","M","?","T","E","R","E","M","?","R","B",null],"character_chosen":"DEFECT","items_purchased":["Strawberry","Conserve Battery","Anchor","Runic Capacitor"],"campfire_rested":2,"item_purchase_floors":[13,13,38,38],"current_hp_per_floor":[66,66,66,71,64,54,45,19,19,43,43,27,34,34,34,16,69,72,72,67,66,62,62,72,78,78,78,78,74,74,80,80,75,84,87,87,87,87,87,87,87,83,83,83,83,82,79,79,93,69],"gold":146,"neow_bonus":"THREE_RARE_CARDS","is_prod":false,"is_daily":false,"chose_seed":false,"campfire_upgraded":6,"win_rate":0,"timestamp":1547480999,"path_taken":["M","$","M","?","M","E","M","E","T","R","M","?","$","M","R","BOSS","M","?","M","M","M","R","M","E","T","M","?","M","R","M","R","BOSS","M","M","?","$","M","R","?","?","T","E","R","E","M","?","R","BOSS"],"build_version":"2019-01-10","purchased_purges":1,"victory":true,"max_hp_per_floor":[75,75,75,80,80,80,80,80,80,80,80,80,87,87,87,87,87,87,87,87,87,87,87,87,87,87,87,87,87,87,87,87,87,87,87,87,87,87,87,87,87,83,83,83,83,93,93,93,93,93],"card_choices":[{"not_picked":["Echo Form","Meteor Strike"],"picked":"Electrodynamics","floor":0},{"not_picked":["Turbo","Loop"],"picked":"Tempest","floor":1},{"not_picked":["Rebound","Turbo","Stack"],"picked":"SKIP","floor":3},{"not_picked":["Rebound","Aggregate"],"picked":"Biased Cognition","floor":5},{"not_picked":["Tempest","Reprogram"],"picked":"Leap","floor":6},{"not_picked":["Rebound","FTL"],"picked":"BootSequence","floor":7},{"not_picked":["Melter","Aggregate","Beam Cell"],"picked":"SKIP","floor":8},{"not_picked":["Streamline","Coolheaded"],"picked":"Conserve Battery","floor":11},{"not_picked":["Compile Driver","Turbo","Beam Cell"],"picked":"SKIP","floor":11},{"not_picked":["Undo","Turbo"],"picked":"Thunder Strike","floor":14},{"not_picked":["Static Discharge","Cold Snap"],"picked":"Reprogram","floor":14},{"not_picked":["Seek","Creative AI"],"picked":"Core Surge","floor":16},{"not_picked":["Blizzard","Stack+1"],"picked":"Leap","floor":18},{"not_picked":["Turbo","Cold Snap"],"picked":"Conserve Battery","floor":18},{"not_picked":["Sweeping Beam+1","Turbo"],"picked":"Loop","floor":20},{"not_picked":["Sunder","Sweeping Beam"],"picked":"Machine Learning","floor":20},{"not_picked":["Beam Cell","Reprogram"],"picked":"Storm+1","floor":21},{"not_picked":["Ball Lightning","Barrage","Self Repair+1"],"picked":"SKIP","floor":21},{"not_picked":["Barrage","Go for the Eyes"],"picked":"Leap","floor":22},{"not_picked":["Streamline","Static Discharge+1"],"picked":"White Noise+1","floor":22},{"not_picked":["Cold Snap","Ball Lightning"],"picked":"Fission","floor":24},{"not_picked":["Cold Snap+1","Fusion","Chaos"],"picked":"SKIP","floor":24},{"not_picked":["Rip and Tear","Turbo+1"],"picked":"Biased Cognition","floor":25},{"not_picked":["Recycle","Hologram"],"picked":"Reprogram+1","floor":27},{"not_picked":["Tempest","Go for the Eyes+1","Redo+1"],"picked":"SKIP","floor":27},{"not_picked":["Stack","Hologram"],"picked":"Capacitor","floor":29},{"not_picked":["Beam Cell","Hologram+1","Barrage+1"],"picked":"SKIP","floor":29},{"not_picked":["Turbo","Creative AI"],"picked":"Leap","floor":31},{"not_picked":["Fusion","Chill","Leap"],"picked":"SKIP","floor":31},{"not_picked":["Electrodynamics","All For One"],"picked":"Fission","floor":33},{"not_picked":["Hologram","Stack+1"],"picked":"Consume+1","floor":35},{"not_picked":["Sweeping Beam+1","Streamline","Barrage"],"picked":"SKIP","floor":35},{"not_picked":["Rebound+1","Scrape+1","White Noise"],"picked":"SKIP","floor":36},{"not_picked":["Leap","Compile Driver","FTL"],"picked":"SKIP","floor":36},{"not_picked":["Auto Shields+1","Chill+1"],"picked":"Stack+1","floor":39},{"not_picked":["Redo+1","Chaos","Coolheaded"],"picked":"SKIP","floor":39},{"not_picked":["Hello World","Darkness+1","Coolheaded+1"],"picked":"SKIP","floor":41},{"not_picked":["FTL","Gash","Chaos"],"picked":"SKIP","floor":41},{"not_picked":["Thunder Strike","Redo+1"],"picked":"Buffer","floor":44},{"not_picked":["Cold Snap","Streamline","Doom and Gloom+1"],"picked":"SKIP","floor":46},{"not_picked":["Coolheaded+1","Turbo+1"],"picked":"Tempest+1","floor":47},{"not_picked":["Stack","Gash","Leap"],"picked":"SKIP","floor":47}],"player_experience":286767,"relics_obtained":[{"floor":6,"key":"Lantern"},{"floor":8,"key":"Prayer Wheel"},{"floor":9,"key":"Du-Vu Doll"},{"floor":25,"key":"Bag of Preparation"},{"floor":26,"key":"Cables"},{"floor":43,"key":"Dead Branch"},{"floor":44,"key":"Pocketwatch"},{"floor":46,"key":"Pear"}],"event_choices":[{"damage_healed":0,"gold_gain":0,"player_choice":"Donut","damage_taken":0,"max_hp_gain":5,"max_hp_loss":0,"event_name":"Big Fish","floor":4,"gold_loss":0},{"damage_healed":0,"gold_gain":0,"player_choice":"Entered Light","damage_taken":16,"max_hp_gain":0,"max_hp_loss":0,"event_name":"Shining Light","floor":12,"gold_loss":0,"cards_upgraded":["Strike_B","Conserve Battery"]},{"damage_healed":0,"gold_gain":0,"player_choice":"Obtained Relic","damage_taken":0,"relics_obtained":["Gremlin Horn"],"max_hp_gain":0,"max_hp_loss":0,"event_name":"Addict","floor":19,"gold_loss":85},{"damage_healed":0,"gold_gain":99,"player_choice":"Stole From Cult","damage_taken":0,"max_hp_gain":0,"max_hp_loss":0,"event_name":"Nest","floor":28,"gold_loss":0},{"damage_healed":0,"gold_gain":0,"player_choice":"Leave","damage_taken":0,"max_hp_gain":0,"max_hp_loss":0,"event_name":"FaceTrader","floor":37,"gold_loss":0},{"damage_healed":0,"gold_gain":0,"player_choice":"Max HP","damage_taken":0,"max_hp_gain":0,"max_hp_loss":4,"event_name":"Winding Halls","floor":42,"gold_loss":0},{"damage_healed":0,"gold_gain":0,"cards_transformed":["Strike_B"],"player_choice":"Transformed","damage_taken":0,"max_hp_gain":0,"max_hp_loss":0,"event_name":"Transmorgrifier","floor":48,"gold_loss":0,"cards_obtained":["Streamline"]}],"is_beta":false,"boss_relics":[{"not_picked":["Orrery","Black Star"],"picked":"Astrolabe"},{"not_picked":["White Beast Statue","Philosopher\u0027s Stone"],"picked":"Sozu"}],"items_purged_floors":[2],"is_endless":false,"potions_floor_spawned":[1,14,18,20,21,29,33,39,46,47],"ascension_level":8}