{"path_per_floor":["M","M","$","?","M","R","M","M","T","R","T","R","M","M","R","B",null,"M","T","?","$","M","R","E","T","T","R","M","M","M"],"character_chosen":"IRONCLAD","items_purchased":["Metallicize","Shrug It Off","Feel No Pain"],"gold_per_floor":[117,132,31,31,42,42,55,71,101,101,125,125,138,156,156,257,257,182,182,182,71,71,71,71,71,71,71,71,71,71],"floor_reached":31,"campfire_rested":0,"playtime":3815,"current_hp_per_floor":[80,75,75,63,63,63,63,61,61,61,61,61,61,56,56,11,80,77,77,77,77,77,77,34,34,41,41,41,31,13],"items_purged":["Strike_R"],"gold":71,"score":249,"play_id":"980caeb9-601b-44ce-8511-b061e0e58814","is_prod":false,"is_daily":false,"is_ascension_mode":false,"campfire_upgraded":6,"path_taken":["M","M","?","?","M","R","M","M","T","R","?","R","M","M","R","BOSS","M","?","?","$","M","R","E","?","T","R","M","M","M","M"],"build_version":"2018-02-22-PROD2","purchased_purges":1,"victory":false,"master_deck":["Strike_R","Strike_R","Strike_R","Strike_R","Defend_R","Defend_R","Defend_R","Defend_R","Bash","Entrench+1","Dual Wield+1","Metallicize+1","Shrug It Off","Evolve+1","Wild Strike","Armaments+1","Headbutt","Barricade+1","Burning Pact","Feel No Pain+1","Infernal Blade+1","Shrug It Off","Feel No Pain+1"],"max_hp_per_floor":[80,80,80,80,80,80,80,80,80,80,80,80,80,80,80,80,80,80,80,80,80,80,80,80,80,87,87,87,87,87],"relics":["Philosopher\u0027s Stone","Bag of Preparation","Tiny Chest","Dream Catcher","Ectoplasm","Happy Flower","Orichalcum","Lantern","Strawberry"],"card_choices":[{"not_picked":["Twin Strike","Power Through"],"picked":"Entrench"},{"not_picked":["Flame Barrier","Feel No Pain"],"picked":"Dual Wield"},{"not_picked":["Thunderclap","Heavy Blade"],"picked":"Evolve"},{"not_picked":["True Grit","Disarm"],"picked":"Wild Strike"},{"not_picked":["Clothesline","Perfected Strike"],"picked":"Armaments"},{"not_picked":["Bloodletting","Infernal Blade"],"picked":"Headbutt"},{"not_picked":["Brutality","Limit Break"],"picked":"Barricade"},{"not_picked":["Cleave","Clothesline"],"picked":"Burning Pact"},{"not_picked":["Thunderclap","Perfected Strike"],"picked":"Infernal Blade"},{"not_picked":["Pummel","Ghostly Armor"],"picked":"Shrug It Off"},{"not_picked":["Fire Breathing","Thunderclap"],"picked":"Feel No Pain"}],"player_experience":76960,"potions_floor_usage":[14,16,24,31],"damage_taken":[{"damage":0,"enemies":"Cultist","floor":1,"turns":3},{"damage":5,"enemies":"2 Louse","floor":2,"turns":3},{"damage":0,"enemies":"Small Slimes","floor":5,"turns":4},{"damage":0,"enemies":"Looter","floor":7,"turns":4},{"damage":2,"enemies":"Red Slaver","floor":8,"turns":3},{"damage":0,"enemies":"2 Fungi Beasts","floor":13,"turns":4},{"damage":5,"enemies":"Exordium Thugs","floor":14,"turns":4},{"damage":45,"enemies":"The Guardian","floor":16,"turns":14},{"damage":3,"enemies":"2 Thieves","floor":18,"turns":4},{"damage":0,"enemies":"Shell Parasite","floor":22,"turns":11},{"damage":43,"enemies":"Slavers","floor":24,"turns":10},{"damage":0,"enemies":"Cultist and Chosen","floor":28,"turns":12},{"damage":10,"enemies":"Snake Plant","floor":29,"turns":7},{"damage":18,"enemies":"Slaver and Parasite","floor":30,"turns":8},{"damage":17,"enemies":"3 Cultists","floor":31,"turns":4}],"event_choices":[{"event_name":"Scrap Ooze","player_choice":"success","floor":4,"damage_taken":12},{"event_name":"Upgrade Shrine","player_choice":"Upgraded","floor":20,"damage_taken":0}],"boss_relics":[{"not_picked":["Runic Dome","Black Star"],"picked":"Ectoplasm"}],"potions_floor_spawned":[1,5,8,13,18,24],"seed_played":"6311344204971660111","killed_by":"3 Cultists","ascension_level":0,"is_trial":false}