{"path_per_floor":["M","?","?","M","?","E","R","E","T","M","E"],"character_chosen":"DEFECT","items_purchased":[],"gold_per_floor":[110,110,110,126,126,151,151,206,232,244,279,279],"floor_reached":12,"campfire_rested":0,"playtime":645,"item_purchase_floors":[],"current_hp_per_floor":[75,75,57,57,50,32,32,13,13,10,5,0],"items_purged":[],"gold":279,"score":106,"play_id":"f8db7e0b-53a6-43a5-b78f-651d262b5a5a","local_time":"20180607164052","is_prod":false,"is_daily":false,"chose_seed":false,"is_ascension_mode":true,"campfire_upgraded":0,"win_rate":0,"timestamp":1528386052,"campfire_choices":[{"data":"1","floor":7,"key":"LIFT"}],"path_taken":["M","?","?","M","?","E","R","E","T","?","E","M"],"build_version":"2018-05-31","seed_source_timestamp":153395206058199,"purchased_purges":0,"victory":false,"master_deck":["Strike_B","Strike_B","Strike_B","Defend_B","Defend_B","Defend_B","Defend_B","Zap+1","Dualcast","Rebound","Rainbow","Beam Cell","Scrape","Beam Cell","Conserve Battery"],"max_hp_per_floor":[75,75,75,75,75,75,75,75,75,75,77,77],"relics":["Cracked Core","Singing Bowl","Girya","Tiny Chest","Bronze Scales","Bag of Marbles"],"card_choices":[{"not_picked":["Redo","Hologram"],"picked":"Rebound","floor":1},{"not_picked":["Leap","Gash"],"picked":"Beam Cell","floor":4},{"not_picked":["Capacitor","Conserve Battery"],"picked":"Scrape","floor":6},{"not_picked":["Doom and Gloom","Barrage"],"picked":"Beam Cell","floor":8},{"not_picked":["Undo","Leap"],"picked":"Conserve Battery","floor":10},{"not_picked":["Chaos","Electrodynamics","Redo"],"picked":"Singing Bowl","floor":11}],"player_experience":269929,"potions_floor_usage":[8,11],"damage_taken":[{"damage":0,"enemies":"2 Louse","floor":1,"turns":1},{"damage":0,"enemies":"Cultist","floor":4,"turns":4},{"damage":18,"enemies":"3 Sentries","floor":6,"turns":8},{"damage":19,"enemies":"Gremlin Nob","floor":8,"turns":4},{"damage":3,"enemies":"Small Slimes","floor":10,"turns":2},{"damage":7,"enemies":"3 Sentries","floor":11,"turns":5},{"damage":5,"enemies":"Exordium Thugs","floor":12,"turns":1}],"relics_obtained":[{"floor":6,"key":"Girya"},{"floor":8,"key":"Tiny Chest"},{"floor":9,"key":"Bronze Scales"},{"floor":11,"key":"Bag of Marbles"}],"event_choices":[{"event_name":"Match and Keep!","player_choice":"1 cards matched","floor":2,"damage_taken":0},{"event_name":"Scrap Ooze","player_choice":"success","floor":3,"damage_taken":18},{"event_name":"Golden Wing","player_choice":"Card Removal","floor":5,"damage_taken":0}],"boss_relics":[],"items_purged_floors":[],"potions_floor_spawned":[4,8,10],"seed_played":"8529883850906791030","killed_by":"Exordium Thugs","ascension_level":2,"potions_obtained":[{"floor":4,"key":"GamblersBrew"},{"floor":8,"key":"GamblersBrew"},{"floor":10,"key":"LiquidBronze"}],"is_trial":false}