{"gold_per_floor":[117,130,145,145,165,165,196,215,215,215,215,215,8,41,41,161,161,186,186,14,27,8,49,49,92,119,119,133,167,192,212,212,335,335,358,43,168,187,208,208,243,309,364,364,364,388,388,43,43,43],"floor_reached":51,"playtime":2228,"items_purged":["Decay","Injury"],"score":987,"play_id":"196a571b-b0fc-49fd-8fc7-2c7762130cd7","local_time":"20190110233813","is_ascension_mode":true,"campfire_choices":[{"data":"Perfected Strike","floor":6,"key":"SMITH"},{"data":"Defend_R","floor":10,"key":"SMITH"},{"data":"Inflame","floor":12,"key":"SMITH"},{"data":"Bash","floor":15,"key":"SMITH"},{"floor":24,"key":"REST"},{"floor":27,"key":"REST"},{"floor":32,"key":"REST"},{"data":"Armaments","floor":40,"key":"SMITH"},{"data":"Impervious","floor":45,"key":"SMITH"},{"data":"Shrug It Off","floor":47,"key":"SMITH"},{"data":"Flex","floor":49,"key":"SMITH"}],"neow_cost":"NONE","seed_source_timestamp":1403543693920216,"circlet_count":0,"master_deck":["Strike_R","Strike_R","Strike_R","Strike_R+1","Strike_R","Defend_R","Defend_R","Defend_R","Defend_R+1","Bash+1","Battle Trance","Battle Trance","Perfected Strike+1","Cleave+1","Inflame+1","Anger+1","Shrug It Off+1","Pummel+1","Reaper+1","Iron Wave+1","Dual Wield+1","Battle Trance","Impervious+1","Body Slam+1","Flex+1","Anger+1","Pummel+1","Sword Boomerang+1"],"relics":["Burning Blood","Boot","Golden Idol","Happy Flower","Bottled Flame","Molten Egg 2","Membership Card","Kunai","Philosopher\u0027s Stone","Pear","Blood Vial","Mango","Oddly Smooth Stone","Anchor","Runic Pyramid","Bag of Marbles","Shuriken","Brimstone","Magic Flower","Potion Belt","Charon\u0027s Ashes","Whetstone","Torii","Lee\u0027s Waffle"],"potions_floor_usage":[7,25,25,38,50],"damage_taken":[{"damage":3,"enemies":"Small Slimes","floor":1,"turns":3},{"damage":4,"enemies":"Jaw Worm","floor":2,"turns":4},{"damage":6,"enemies":"Cultist","floor":3,"turns":3},{"damage":13,"enemies":"Red Slaver","floor":5,"turns":3},{"damage":20,"enemies":"3 Sentries","floor":7,"turns":4},{"damage":6,"enemies":"2 Fungi Beasts","floor":8,"turns":2},{"damage":8,"enemies":"Gremlin Nob","floor":14,"turns":3},{"damage":36,"enemies":"Hexaghost","floor":16,"turns":7},{"damage":18,"enemies":"2 Thieves","floor":18,"turns":3},{"damage":18,"enemies":"3 Byrds","floor":21,"turns":4},{"damage":22,"enemies":"Gremlin Leader","floor":23,"turns":5},{"damage":40,"enemies":"Book of Stabbing","floor":25,"turns":4},{"damage":12,"enemies":"Centurion and Healer","floor":28,"turns":5},{"damage":26,"enemies":"Gremlin Leader","floor":29,"turns":6},{"damage":6,"enemies":"3 Cultists","floor":30,"turns":4},{"damage":41,"enemies":"Cultist and Chosen","floor":31,"turns":5},{"damage":70,"enemies":"Automaton","floor":33,"turns":10},{"damage":2,"enemies":"Orb Walker","floor":35,"turns":3},{"damage":13,"enemies":"Mind Bloom Boss Battle","floor":37,"turns":4},{"damage":0,"enemies":"3 Darklings","floor":38,"turns":2},{"damage":4,"enemies":"Jaw Worm Horde","floor":39,"turns":3},{"damage":0,"enemies":"Giant Head","floor":41,"turns":5},{"damage":17,"enemies":"2 Orb Walkers","floor":42,"turns":3},{"damage":0,"enemies":"4 Shapes","floor":46,"turns":3},{"damage":54,"enemies":"Time Eater","floor":50,"turns":5}],"seed_played":"2121495979128702061","potions_obtained":[{"floor":1,"key":"Strength Potion"},{"floor":3,"key":"FearPotion"},{"floor":5,"key":"GamblersBrew"},{"floor":25,"key":"Energy Potion"},{"floor":28,"key":"Weak Potion"},{"floor":30,"key":"SneckoOil"},{"floor":46,"key":"Block Potion"}],"is_trial":false,"path_per_floor":["M","M","M","?","M","R","E","M","T","R","?","R","$","E","R","B",null,"M","?","$","M","$","E","R","E","T","R","M","E","M","M","R","B",null,"M","$","?","M","M","R","E","?","T","?","R","M","R","$","R","B",null],"character_chosen":"IRONCLAD","items_purchased":["Membership Card","Shrug It Off","Pear","Pummel+1","Bag of Marbles","Shuriken","Flex","Brimstone","Torii","Lee\u0027s Waffle","AttackPotion","Swift Potion"],"campfire_rested":3,"item_purchase_floors":[13,20,20,22,36,36,36,36,48,48,48,48],"current_hp_per_floor":[80,80,80,80,73,73,59,59,59,59,56,56,56,54,54,24,80,68,68,78,66,66,50,77,59,59,90,98,90,104,69,100,54,104,104,104,97,104,104,104,104,104,104,104,104,104,104,111,111,66],"gold":43,"neow_bonus":"RANDOM_COMMON_RELIC","is_prod":false,"is_daily":false,"chose_seed":false,"campfire_upgraded":8,"win_rate":0,"timestamp":1547163493,"path_taken":["M","M","M","?","M","R","E","M","T","R","?","R","$","E","R","BOSS","M","?","?","M","$","E","R","E","T","R","M","E","M","M","R","BOSS","M","$","?","M","M","R","E","?","T","?","R","?","R","$","R","BOSS"],"build_version":"2019-01-03v4","purchased_purges":2,"victory":true,"max_hp_per_floor":[80,80,80,80,80,80,80,80,80,80,80,80,80,80,80,80,80,80,80,90,90,90,90,90,104,104,104,104,104,104,104,104,104,104,104,104,104,104,104,104,104,104,104,104,104,104,104,111,111,111],"card_choices":[{"not_picked":["Clash","Twin Strike"],"picked":"Battle Trance","floor":1},{"not_picked":["True Grit","Clothesline"],"picked":"Battle Trance","floor":2},{"not_picked":["Flex","Armaments"],"picked":"Perfected Strike","floor":3},{"not_picked":["Thunderclap","Body Slam"],"picked":"Cleave","floor":5},{"not_picked":["Sword Boomerang","Havoc"],"picked":"Inflame","floor":7},{"not_picked":["Corruption","Exhume","Whirlwind"],"picked":"SKIP","floor":8},{"not_picked":["Dropkick+1","Headbutt+1"],"picked":"Anger+1","floor":14},{"not_picked":["Infernal Blade","Corruption","Entrench+1"],"picked":"SKIP","floor":18},{"not_picked":["Searing Blow+1","Corruption+1","Flex"],"picked":"SKIP","floor":21},{"not_picked":["Fire Breathing","Thunderclap+1","Wild Strike+1"],"picked":"SKIP","floor":23},{"not_picked":["Pummel+1","Ghostly Armor"],"picked":"Reaper+1","floor":25},{"not_picked":["Wild Strike+1","Flex"],"picked":"Iron Wave+1","floor":28},{"not_picked":["Berserk","Rage"],"picked":"Dual Wield+1","floor":29},{"not_picked":["Inflame","Havoc","Disarm"],"picked":"SKIP","floor":30},{"not_picked":["Thunderclap+1","Body Slam+1"],"picked":"Battle Trance","floor":31},{"not_picked":["Immolate+1","Brutality"],"picked":"Impervious","floor":33},{"not_picked":["Perfected Strike+1","Pommel Strike+1"],"picked":"Body Slam+1","floor":35},{"not_picked":["Spot Weakness","Carnage+1"],"picked":"Anger+1","floor":37},{"not_picked":["Hemokinesis+1","Bloodletting+1","Dropkick+1"],"picked":"SKIP","floor":38},{"not_picked":["Carnage+1","Disarm+1"],"picked":"Armaments","floor":39},{"not_picked":["Rupture","Havoc+1","Anger+1"],"picked":"SKIP","floor":41},{"not_picked":["Warcry+1","Reckless Charge+1"],"picked":"Pummel+1","floor":42},{"not_picked":["Body Slam+1","Heavy Blade+1"],"picked":"Sword Boomerang+1","floor":46}],"player_experience":175806,"relics_obtained":[{"floor":7,"key":"Happy Flower"},{"floor":9,"key":"Bottled Flame"},{"floor":14,"key":"Kunai"},{"floor":23,"key":"Blood Vial"},{"floor":25,"key":"Mango"},{"floor":26,"key":"Oddly Smooth Stone"},{"floor":29,"key":"Anchor"},{"floor":37,"key":"Magic Flower"},{"floor":41,"key":"Potion Belt"},{"floor":42,"key":"Charon\u0027s Ashes"},{"floor":43,"key":"Whetstone"}],"event_choices":[{"damage_healed":0,"gold_gain":0,"player_choice":"Take Wound","damage_taken":0,"relics_obtained":["Golden Idol"],"max_hp_gain":0,"max_hp_loss":0,"event_name":"Golden Idol","floor":4,"gold_loss":0,"cards_obtained":["Injury"]},{"damage_healed":0,"gold_gain":0,"player_choice":"Success","damage_taken":3,"relics_obtained":["Molten Egg 2"],"max_hp_gain":0,"max_hp_loss":0,"event_name":"Scrap Ooze","floor":11,"gold_loss":0},{"damage_healed":0,"gold_gain":0,"player_choice":"Cursed","damage_taken":0,"max_hp_gain":0,"max_hp_loss":0,"event_name":"Wheel of Change","floor":19,"gold_loss":0,"cards_obtained":["Decay"]},{"damage_healed":0,"gold_gain":0,"player_choice":"Fight","damage_taken":0,"max_hp_gain":0,"max_hp_loss":0,"event_name":"MindBloom","floor":37,"gold_loss":0},{"damage_healed":0,"gold_gain":0,"player_choice":"Fight","damage_taken":0,"max_hp_gain":0,"max_hp_loss":0,"event_name":"Mysterious Sphere","floor":42,"gold_loss":0},{"cards_removed":["Armaments"],"damage_healed":0,"gold_gain":0,"player_choice":"Removed Skill","damage_taken":0,"max_hp_gain":0,"max_hp_loss":0,"event_name":"Falling","floor":44,"gold_loss":0}],"is_beta":false,"boss_relics":[{"not_picked":["Coffee Dripper","Eternal Feather"],"picked":"Philosopher\u0027s Stone"},{"not_picked":["Snecko Eye","Black Star"],"picked":"Runic Pyramid"}],"items_purged_floors":[20,48],"is_endless":false,"potions_floor_spawned":[1,3,5,25,28,30,31,35,37,46],"ascension_level":4}