{"path_per_floor":["M","M","$","?","M","E","R","M","T","R","M","M","?","M","R","B",null,"M","?","M","M","$","R","M","M","T","E","M","M","R","$","R","B",null,"M","M","?","M","$","R","E","M","T","R","M","M","M","?","R","B"],"character_chosen":"DEFECT","items_purchased":["Apotheosis","Bag of Marbles","Beam Cell","Thread and Needle","Capacitor","Consume"],"gold_per_floor":[144,189,189,189,234,324,324,369,369,369,414,459,459,504,504,804,804,804,804,804,804,426,426,426,426,426,426,426,426,426,3,3,3,3,3,3,3,3,3,3,3,3,3,3,3,3,3,3,3,3],"floor_reached":51,"campfire_rested":9,"playtime":2825,"current_hp_per_floor":[69,69,69,69,69,73,75,75,75,75,57,50,50,50,72,61,75,75,75,68,52,52,74,74,74,74,69,69,69,75,75,75,11,75,70,64,64,59,59,75,75,75,75,75,75,58,58,58,75,33],"items_purged":[],"gold":3,"score":807,"play_id":"52afec63-43de-4b6f-9871-fd0576e81371","local_time":"20180502195237","daily_mods":["Insanity","Midas","Uncertain Future"],"is_prod":false,"is_daily":true,"chose_seed":false,"is_ascension_mode":false,"campfire_upgraded":0,"timestamp":1525312357,"path_taken":["M","M","$","?","M","E","R","?","T","R","M","M","?","M","R","BOSS","M","?","M","M","$","R","M","?","T","E","M","M","R","?","R","BOSS","M","M","?","?","$","R","E","M","T","R","M","M","M","?","R","BOSS"],"build_version":"2018-05-01v2","seed_source_timestamp":0,"purchased_purges":0,"victory":true,"master_deck":["FTL","Creative AI","Tempest","Hyperbeam","Defragment","Doom and Gloom","Rainbow","All For One","Seek","Aggregate","Self Repair","Doom and Gloom","Glacier","Double Energy","Turbo","Seek","Chaos","Nova","Reprogram","Impulse","Creative AI","Redo","Steam Power","Hyperbeam","Recycle","Nova","Rip and Tear","Amplify","Chaos","Rip and Tear","Strike_B","Streamline","Double Energy","Meteor Strike","Go for the Eyes","Ball Lightning","Capacitor","Reprogram","Defend_B","Genetic Algorithm","Coolheaded","Reinforced Body","Turbo","Scrape","Glacier","Reprogram","Glacier","Sunder","Stack","Sweeping Beam","Skim","Rebound","Ball Lightning","Aggregate","Regret","All For One","Meteor Strike","Blaster+1","Go for the Eyes+1","Hologram+1","Apotheosis","Beam Cell","Steam Power","Capacitor","Consume","Fission","Capacitor","Aggregate","Reprieve+1","Clumsy","FTL+1","Turbo+1","Skim+1"],"max_hp_per_floor":[75,75,75,75,75,75,75,75,75,75,75,75,75,75,75,75,75,75,75,75,75,75,75,75,75,75,75,75,75,75,75,75,75,75,75,75,75,75,75,75,75,75,75,75,75,75,75,75,75,75],"relics":["Cracked Core","Pantograph","Kunai","Anchor","Ectoplasm","Red Mask","Bag of Marbles","Vajra","Blue Candle","Thread and Needle","Cursed Key","Centennial Puzzle","Bottled Tornado"],"card_choices":[{"not_picked":["Beam Cell","Buffer"],"picked":"Stack","floor":1},{"not_picked":["Impulse","Stack"],"picked":"Sweeping Beam","floor":2},{"not_picked":["Impulse","Coolheaded"],"picked":"Skim","floor":5},{"not_picked":["Reprogram","Flux Capacitor"],"picked":"Rebound","floor":6},{"not_picked":["Leap","Doom and Gloom"],"picked":"Ball Lightning","floor":11},{"not_picked":["Coolheaded","Go for the Eyes"],"picked":"Aggregate","floor":12},{"not_picked":["Rip and Tear","Heatsinks"],"picked":"All For One","floor":14},{"not_picked":["Reboot","All For One"],"picked":"Meteor Strike","floor":16},{"not_picked":["Ball Lightning","Skim"],"picked":"Blaster","floor":18},{"not_picked":["Beam Cell","Gash"],"picked":"Go for the Eyes","floor":19},{"not_picked":["Creative AI","Axe Kick"],"picked":"Hologram","floor":20},{"not_picked":["Stack","Cold Snap"],"picked":"Steam Power","floor":24},{"not_picked":["Amplify","Hyperbeam"],"picked":"Fission","floor":33},{"not_picked":["Steam Power","Darkness"],"picked":"Capacitor","floor":35},{"not_picked":["Hologram","Reinforced Body"],"picked":"Aggregate","floor":36},{"not_picked":["Doom and Gloom","Melter"],"picked":"Reprieve","floor":38},{"not_picked":["Hologram","Fusion"],"picked":"FTL","floor":45},{"not_picked":["Genetic Algorithm","Reprieve"],"picked":"Turbo","floor":46},{"not_picked":["Hologram","Blaster"],"picked":"Skim","floor":47}],"player_experience":363568,"potions_floor_usage":[8,19,29,35,45,46,50,50,50],"damage_taken":[{"damage":6,"enemies":"Cultist","floor":1,"turns":3},{"damage":0,"enemies":"Small Slimes","floor":2,"turns":1},{"damage":0,"enemies":"2 Louse","floor":5,"turns":2},{"damage":3,"enemies":"Gremlin Nob","floor":6,"turns":3},{"damage":0,"enemies":"2 Fungi Beasts","floor":8,"turns":1},{"damage":18,"enemies":"Exordium Thugs","floor":11,"turns":2},{"damage":7,"enemies":"Looter","floor":12,"turns":2},{"damage":0,"enemies":"3 Louse","floor":14,"turns":2},{"damage":28,"enemies":"The Guardian","floor":16,"turns":7},{"damage":0,"enemies":"Chosen","floor":18,"turns":2},{"damage":4,"enemies":"Masked Bandits","floor":19,"turns":4},{"damage":7,"enemies":"Shell Parasite","floor":20,"turns":3},{"damage":16,"enemies":"Snecko","floor":21,"turns":4},{"damage":0,"enemies":"Snake Plant","floor":24,"turns":1},{"damage":0,"enemies":"3 Cultists","floor":25,"turns":4},{"damage":5,"enemies":"Gremlin Leader","floor":27,"turns":2},{"damage":0,"enemies":"Snecko","floor":28,"turns":2},{"damage":0,"enemies":"Centurion and Healer","floor":29,"turns":2},{"damage":64,"enemies":"Collector","floor":33,"turns":7},{"damage":5,"enemies":"Flame Bruiser 1 Orb","floor":35,"turns":6},{"damage":6,"enemies":"Orb Walker","floor":36,"turns":3},{"damage":5,"enemies":"4 Shapes","floor":38,"turns":3},{"damage":0,"enemies":"Nemesis","floor":41,"turns":3},{"damage":0,"enemies":"Sphere and 2 Shapes","floor":42,"turns":1},{"damage":0,"enemies":"3 Darklings","floor":45,"turns":2},{"damage":17,"enemies":"4 Shapes","floor":46,"turns":4},{"damage":0,"enemies":"Flame Bruiser 2 Orb","floor":47,"turns":1},{"damage":52,"enemies":"Awakened One","floor":50,"turns":7}],"event_choices":[{"event_name":"Purifier","player_choice":"One Purge","floor":4,"damage_taken":0},{"event_name":"Big Fish","player_choice":"Box","floor":13,"damage_taken":0},{"event_name":"Masked Bandits","player_choice":"Fought over 804 gold","floor":19,"damage_taken":0},{"event_name":"Tomb of Lord Red Mask","player_choice":"Wore Mask","floor":48,"damage_taken":0}],"boss_relics":[{"not_picked":["Astrolabe","Runic Pyramid"],"picked":"Ectoplasm"},{"not_picked":["Calling Bell","Orrery"],"picked":"Cursed Key"}],"potions_floor_spawned":[6,16,21,24,28,29,42,45,46],"seed_played":"-5591819847720032875","ascension_level":0,"is_trial":false}