{"gold_per_floor":[115,126,144,319,21,52,89,101,113,125,137,189,234,264,276,407,419,447,163,262,262,277,315,5,43,69,92,92,217,257,280,280,409,409,427,483,508,378,75,110,110,150,150,150,186,519,272,74,74,74],"floor_reached":51,"playtime":2475,"items_purged":["Doubt"],"score":1336,"play_id":"bdea0d87-b6c5-4047-b733-60323fe3248c","local_time":"20190128203006","daily_mods":["Insanity","ControlledChaos","Diverse","Flight","Binary"],"is_ascension_mode":false,"campfire_choices":[{"data":"Hologram","floor":8,"key":"SMITH"},{"floor":15,"key":"REST"},{"floor":28,"key":"REST"},{"floor":32,"key":"REST"},{"floor":41,"key":"REST"},{"data":"Acrobatics","floor":49,"key":"SMITH"}],"neow_cost":"","seed_source_timestamp":0,"circlet_count":0,"master_deck":["Carnage","Body Slam","Power Through","Wild Strike","Clothesline","Compile Driver","Redo","Fusion+1","Blade Dance+1","Searing Blow","Flechettes","Sweeping Beam","Stack","Melter","Deflect","Steam","Disarm","Cleave","Accuracy","Scrape","Reflex+1","Clothesline+1","Rip and Tear","Second Wind","Defragment","Auto Shields","Acrobatics","Reinforced Body","Scrape+1","Streamline","PiercingWail","Reinforced Body","Dagger Throw","Thunderclap","Compile Driver","Rampage","Battle Trance","Quick Slash+1","Hologram+1","Poisoned Stab","Combust","Catalyst","Rip and Tear","Acrobatics+1","Gash","Headbutt","Concentrate","Backflip","Shockwave","Corruption","Conserve Battery","Injury","Feel No Pain+1"],"relics":["Snecko Eye","Busted Crown","PreservedInsect","MawBank","Du-Vu Doll","Frozen Egg 2","Bag of Preparation","Mercury Hourglass","Philosopher\u0027s Stone","Bronze Scales","Oddly Smooth Stone","Boot","Lantern","Regal Pillow","Pen Nib","Blood Vial","Mango","Kunai","Mummified Hand","Bag of Marbles","Black Star","Bird Faced Urn","Happy Flower","Whetstone","Art of War","Singing Bowl","War Paint","Centennial Puzzle","DataDisk","Blue Candle","Strawberry","Shuriken","Potion Belt","Vajra"],"potions_floor_usage":[6,13,16,23,30,40,50,50,50,50],"damage_taken":[{"damage":0,"enemies":"Cultist","floor":1,"turns":2},{"damage":0,"enemies":"2 Louse","floor":2,"turns":2},{"damage":0,"enemies":"Jaw Worm","floor":3,"turns":2},{"damage":0,"enemies":"Lagavulin","floor":6,"turns":2},{"damage":1,"enemies":"Gremlin Nob","floor":7,"turns":1},{"damage":0,"enemies":"Lagavulin","floor":12,"turns":3},{"damage":0,"enemies":"Gremlin Nob","floor":13,"turns":3},{"damage":1,"enemies":"Exordium Thugs","floor":14,"turns":2},{"damage":0,"enemies":"Slime Boss","floor":16,"turns":2},{"damage":0,"enemies":"2 Thieves","floor":18,"turns":2},{"damage":0,"enemies":"Spheric Guardian","floor":22,"turns":1},{"damage":0,"enemies":"Book of Stabbing","floor":23,"turns":3},{"damage":21,"enemies":"Slavers","floor":25,"turns":2},{"damage":8,"enemies":"Snake Plant","floor":27,"turns":2},{"damage":12,"enemies":"Colosseum Slavers","floor":29,"turns":3},{"damage":0,"enemies":"Colosseum Nobs","floor":29,"turns":3},{"damage":4,"enemies":"Book of Stabbing","floor":30,"turns":2},{"damage":30,"enemies":"Champ","floor":33,"turns":8},{"damage":36,"enemies":"3 Shapes","floor":35,"turns":3},{"damage":0,"enemies":"2 Orb Walkers","floor":36,"turns":2},{"damage":6,"enemies":"Giant Head","floor":40,"turns":5},{"damage":1,"enemies":"Reptomancer","floor":42,"turns":2},{"damage":0,"enemies":"Giant Head","floor":45,"turns":2},{"damage":0,"enemies":"Awakened One","floor":50,"turns":11}],"seed_played":"18998570493","potions_obtained":[{"floor":1,"key":"Regen Potion"},{"floor":6,"key":"Swift Potion"},{"floor":7,"key":"LiquidBronze"},{"floor":14,"key":"GamblersBrew"},{"floor":18,"key":"SteroidPotion"},{"floor":23,"key":"GamblersBrew"},{"floor":33,"key":"PowerPotion"},{"floor":42,"key":"Swift Potion"}],"is_trial":true,"path_per_floor":["M","M","M","?","$","E","E","R","T","?","?","E","E","M","R","B",null,"M","$","?","?","M","E","$","E","T","M","R","?","E","T","R","B",null,"M","?","T","$","$","E","R","E","T","?","E","?","$","$","R","B",null],"character_chosen":"DEFECT","items_purchased":["PreservedInsect","AttackPotion","Conserve Battery","Bronze Scales","Oddly Smooth Stone","Lantern","Regal Pillow","Feel No Pain+1","AttackPotion","Whetstone","Art of War","AttackPotion","Potion Belt","Swift Potion","Vajra","Strength Potion"],"campfire_rested":4,"item_purchase_floors":[5,5,5,19,19,24,24,38,38,39,39,47,47,47,48,48],"current_hp_per_floor":[75,75,75,75,75,75,74,74,74,74,59,59,59,58,75,75,75,75,75,75,68,68,68,68,47,47,41,75,79,77,77,89,59,89,53,55,55,55,55,57,89,88,88,88,96,96,96,96,96,96],"gold":74,"neow_bonus":"","is_prod":false,"is_daily":false,"chose_seed":true,"campfire_upgraded":2,"win_rate":0,"timestamp":1548707406,"path_taken":["M","?","?","?","$","E","E","R","T","?","?","E","E","M","R","BOSS","M","$","?","?","?","E","$","E","T","?","R","?","E","?","R","BOSS","M","?","?","?","$","E","R","E","T","?","E","?","?","$","R","BOSS"],"build_version":"2019-01-23","purchased_purges":1,"victory":true,"max_hp_per_floor":[75,75,75,75,75,75,75,75,75,75,75,75,75,75,75,75,75,75,75,75,75,75,75,75,75,75,75,75,89,89,89,89,89,89,89,89,89,89,89,89,89,89,89,89,96,96,96,96,96,96],"card_choices":[],"player_experience":482307,"relics_obtained":[{"floor":6,"key":"MawBank"},{"floor":7,"key":"Du-Vu Doll"},{"floor":9,"key":"Frozen Egg 2"},{"floor":12,"key":"Bag of Preparation"},{"floor":13,"key":"Mercury Hourglass"},{"floor":23,"key":"Boot"},{"floor":25,"key":"Pen Nib"},{"floor":26,"key":"Blood Vial"},{"floor":29,"key":"Mango"},{"floor":29,"key":"Kunai"},{"floor":30,"key":"Mummified Hand"},{"floor":31,"key":"Bag of Marbles"},{"floor":36,"key":"Bird Faced Urn"},{"floor":37,"key":"Happy Flower"},{"floor":40,"key":"Singing Bowl"},{"floor":40,"key":"War Paint"},{"floor":42,"key":"Centennial Puzzle"},{"floor":42,"key":"DataDisk"},{"floor":43,"key":"Blue Candle"},{"floor":45,"key":"Strawberry"},{"floor":45,"key":"Shuriken"}],"event_choices":[{"damage_healed":0,"gold_gain":175,"player_choice":"AGREE","damage_taken":0,"max_hp_gain":0,"max_hp_loss":0,"event_name":"Liars Game","floor":4,"gold_loss":0,"cards_obtained":["Doubt"]},{"damage_healed":0,"gold_gain":0,"player_choice":"Take Wound","damage_taken":0,"relics_obtained":["Golden Idol"],"max_hp_gain":0,"max_hp_loss":0,"event_name":"Golden Idol","floor":10,"gold_loss":0,"cards_obtained":["Injury"]},{"damage_healed":0,"gold_gain":0,"player_choice":"Entered Light","damage_taken":15,"max_hp_gain":0,"max_hp_loss":0,"event_name":"Shining Light","floor":11,"gold_loss":0,"cards_upgraded":["Scrape","Fusion"]},{"damage_healed":0,"gold_gain":99,"player_choice":"Stole From Cult","damage_taken":0,"max_hp_gain":0,"max_hp_loss":0,"event_name":"Nest","floor":20,"gold_loss":0},{"damage_healed":0,"gold_gain":0,"player_choice":"","damage_taken":7,"max_hp_gain":0,"max_hp_loss":0,"event_name":"Knowing Skull","floor":21,"potions_obtained":[],"gold_loss":0,"cards_obtained":[]},{"damage_healed":0,"gold_gain":0,"player_choice":"Fight","damage_taken":0,"max_hp_gain":0,"max_hp_loss":0,"event_name":"Colosseum","floor":29,"gold_loss":0},{"damage_healed":0,"gold_gain":0,"player_choice":"Fought Nobs","damage_taken":0,"max_hp_gain":0,"max_hp_loss":0,"event_name":"Colosseum","floor":29,"gold_loss":0},{"damage_healed":0,"gold_gain":0,"player_choice":"Fight","damage_taken":0,"max_hp_gain":0,"max_hp_loss":0,"event_name":"Mysterious Sphere","floor":36,"gold_loss":0},{"damage_healed":0,"gold_gain":0,"player_choice":"Ignored","damage_taken":0,"max_hp_gain":0,"max_hp_loss":0,"event_name":"Tomb of Lord Red Mask","floor":44,"gold_loss":0},{"damage_healed":0,"gold_gain":333,"player_choice":"Gave Idol","damage_taken":0,"max_hp_gain":0,"max_hp_loss":0,"event_name":"The Moai Head","floor":46,"relics_lost":["Golden Idol"],"gold_loss":0}],"is_beta":false,"boss_relics":[{"not_picked":["Astrolabe","Velvet Choker"],"picked":"Philosopher\u0027s Stone"},{"not_picked":["Fusion Hammer","Runic Pyramid"],"picked":"Black Star"}],"items_purged_floors":[5],"is_endless":false,"potions_floor_spawned":[1,6,7,12,14,18,23,29,33,36,42],"ascension_level":0}