{"path_per_floor":["M","?","$","?","?","R","M","R","T","?","$","M","?","M","R","B",null,"M","?","M","?","?","M","$","?","T","T","?","M","M","M","R","B",null,"M","?","?","M","M","R","?","M","T","M","E","T","?","M","R"],"character_chosen":"THE_SILENT","items_purchased":["Accuracy","Juzu Bracelet","Dramatic Entrance","Backflip","Backflip"],"gold_per_floor":[113,288,11,11,11,11,29,29,86,116,15,27,27,40,40,145,145,145,145,145,145,145,145,22,22,22,22,22,22,22,22,22,22,22,22,22,22,22,22,22,22,22,22,22,22,22,22,22,22],"floor_reached":50,"campfire_rested":0,"playtime":7318,"current_hp_per_floor":[70,70,70,70,70,70,70,70,70,62,62,57,57,52,52,17,70,55,55,35,22,22,15,15,15,15,15,15,20,30,48,48,52,52,52,50,43,40,43,43,43,52,52,49,13,13,13,35,35],"items_purged":["Strike_G","Doubt"],"gold":22,"score":587,"play_id":"92666d01-e8e7-4d49-a194-93e3bf6e85ab","is_prod":false,"is_daily":false,"is_ascension_mode":false,"campfire_upgraded":6,"path_taken":["M","?","$","?","?","R","M","R","T","?","?","M","?","M","R","BOSS","M","?","M","?","?","M","$","?","T","?","?","M","M","M","R","BOSS","M","?","?","M","M","R","?","M","T","M","E","?","?","M","R","BOSS"],"build_version":"2018-02-22-PROD2","purchased_purges":2,"victory":false,"master_deck":["Defend_G","Defend_G","Defend_G","Defend_G","Defend_G","Survivor","Neutralize+1","Blade Dance","Accuracy+1","Dramatic Entrance","Cloak And Dagger+1","Doubt","Footwork+1","Backflip","Outmaneuver","Backflip+1","Burst+1","Deflect+1","Writhe","Leg Sweep+1","Backstab","Backflip","Bite","Bite","Bite","Bite","Regret","PiercingWail","Tools of the Trade","Blade Dance+1","Finisher","Madness","Madness","Slice","Well Laid Plans+1","Blade Dance+1","Decay","Acrobatics","Infinite Blades+1","Injury","Acrobatics+1"],"max_hp_per_floor":[70,70,70,70,70,70,70,70,70,70,70,70,70,70,70,70,70,70,70,70,75,75,75,75,52,52,52,52,52,52,52,52,52,52,52,52,52,52,52,52,52,52,52,52,52,52,52,52,52],"relics":["Cursed Key","Juzu Bracelet","Letter Opener","Tiny Chest","Odd Mushroom","Ectoplasm","Calipers","Blood Vial","Anchor","Question Card","Torii","Mummified Hand","Meat on the Bone","Old Coin","Spirit Poop"],"card_choices":[{"not_picked":["Underhanded Strike","Finisher"],"picked":"Blade Dance"},{"not_picked":["Acrobatics","Dodge and Roll"],"picked":"Cloak And Dagger"},{"not_picked":["Flying Knee","Crippling Poison"],"picked":"Footwork"},{"not_picked":["Deadly Poison","PiercingWail"],"picked":"Outmaneuver"},{"not_picked":["Malaise","Quick Slash"],"picked":"Backflip"},{"not_picked":["Bullet Time","Tactician"],"picked":"Burst"},{"not_picked":["Outmaneuver","Well Laid Plans"],"picked":"Deflect"},{"not_picked":["Prepared","Eviscerate"],"picked":"Leg Sweep"},{"not_picked":["Backflip","Reflex"],"picked":"Backstab"},{"not_picked":["Slice","Bouncing Flask"],"picked":"PiercingWail"},{"not_picked":["Corpse Explosion","Tactician"],"picked":"Tools of the Trade"},{"not_picked":["Flying Knee","Expertise","Dagger Spray"],"picked":"Blade Dance"},{"not_picked":["Predator","Dodge and Roll","Deadly Poison"],"picked":"Finisher"},{"not_picked":["Poisoned Stab","Outmaneuver","Dagger Spray"],"picked":"Slice"},{"not_picked":["Prepared","Reflex","Endless Agony"],"picked":"Well Laid Plans"},{"not_picked":["Flying Knee","Dodge and Roll","Quick Slash"],"picked":"Blade Dance"},{"not_picked":["Envenom","Underhanded Strike","Escape Plan"],"picked":"Acrobatics"},{"not_picked":["Outmaneuver","Bane","Underhanded Strike"],"picked":"Infinite Blades"},{"not_picked":["Prepared","Backflip","PiercingWail"],"picked":"Acrobatics"}],"player_experience":69182,"potions_floor_usage":[30,33,33,39,42,50,50],"damage_taken":[{"damage":0,"enemies":"Jaw Worm","floor":1,"turns":5},{"damage":0,"enemies":"Cultist","floor":7,"turns":3},{"damage":8,"enemies":"The Mushroom Lair","floor":10,"turns":5},{"damage":5,"enemies":"Small Slimes","floor":12,"turns":2},{"damage":5,"enemies":"Exordium Thugs","floor":14,"turns":4},{"damage":35,"enemies":"Slime Boss","floor":16,"turns":12},{"damage":15,"enemies":"Shell Parasite","floor":18,"turns":9},{"damage":20,"enemies":"Chosen","floor":20,"turns":10},{"damage":7,"enemies":"Centurion and Healer","floor":23,"turns":13},{"damage":13,"enemies":"3 Cultists","floor":29,"turns":8},{"damage":8,"enemies":"Snake Plant","floor":30,"turns":7},{"damage":15,"enemies":"Centurion and Healer","floor":31,"turns":15},{"damage":21,"enemies":"Collector","floor":33,"turns":16},{"damage":6,"enemies":"Orb Walker","floor":35,"turns":5},{"damage":20,"enemies":"Mysterious Sphere","floor":36,"turns":9},{"damage":13,"enemies":"3 Darklings","floor":38,"turns":6},{"damage":38,"enemies":"Sphere and 2 Shapes","floor":39,"turns":12},{"damage":1,"enemies":"Maw","floor":42,"turns":11},{"damage":13,"enemies":"4 Shapes","floor":44,"turns":8},{"damage":50,"enemies":"2 Orb Walkers","floor":45,"turns":8},{"damage":2,"enemies":"Sphere and 2 Shapes","floor":48,"turns":15},{"damage":53,"enemies":"Awakened One","floor":50,"turns":4}],"event_choices":[{"event_name":"Liars Game","player_choice":"agreed","floor":2,"damage_taken":0},{"event_name":"Wheel of Change","player_choice":"Relic","floor":4,"damage_taken":0},{"event_name":"The Cleric","player_choice":"Leave","floor":5,"damage_taken":0},{"event_name":"Mushrooms","player_choice":"Fought Mushrooms","floor":10,"damage_taken":0},{"event_name":"Accursed Blacksmith","player_choice":"Forge","floor":13,"damage_taken":0},{"event_name":"The Mausoleum","player_choice":"Yes","floor":19,"damage_taken":0},{"event_name":"Forgotten Altar","player_choice":"Shed Blood","floor":21,"damage_taken":0},{"event_name":"Upgrade Shrine","player_choice":"Upgraded","floor":22,"damage_taken":0},{"event_name":"Vampires","player_choice":"Became a vampire","floor":25,"damage_taken":0},{"event_name":"Beggar","player_choice":"Ignored","floor":28,"damage_taken":0},{"event_name":"Mysterious Sphere","player_choice":"Fight","floor":36,"damage_taken":0},{"event_name":"Winding Halls","player_choice":"Embrace Madness","floor":37,"damage_taken":0},{"event_name":"Bonfire Elementals","player_choice":"CURSE","floor":47,"damage_taken":0}],"boss_relics":[{"not_picked":["The Specimen","Runic Pyramid"],"picked":"Ectoplasm"},{"not_picked":["Runic Dome","Black Star"],"picked":"Question Card"}],"potions_floor_spawned":[1,29,30,31,35,38,39,45,48],"seed_played":"-1724088587706363229","killed_by":"Awakened One","ascension_level":0,"is_trial":false}