{"path_per_floor":["M","?","M","M","?","R","$","E","T","M","M","R","?","?","R","B",null,"M","$","?","?","M","E","R","E","T","M","M","R","E","$","R"],"character_chosen":"THE_SILENT","items_purchased":["Happy Flower","Bag of Marbles"],"gold_per_floor":[116,116,133,153,153,153,4,35,35,48,65,65,15,15,15,118,118,131,56,56,91,107,139,139,173,251,269,282,282,310,58,58,58],"floor_reached":33,"campfire_rested":5,"playtime":1338,"current_hp_per_floor":[61,54,50,50,50,50,50,33,33,33,27,48,48,34,55,21,58,58,58,58,41,41,7,28,28,28,16,16,37,30,30,51,10],"items_purged":["Strike_G","Strike_G"],"gold":58,"score":476,"play_id":"8ed6d292-6cc6-4ad7-b429-b05346e874f6","local_time":"20180414115514","is_prod":false,"is_daily":false,"chose_seed":false,"is_ascension_mode":true,"campfire_upgraded":1,"timestamp":1523728514,"path_taken":["M","?","M","M","?","R","?","E","T","?","M","R","?","?","R","BOSS","M","?","?","?","M","E","R","E","T","M","?","R","E","$","R","BOSS"],"build_version":"2018-04-13","seed_source_timestamp":910329626548,"purchased_purges":2,"victory":false,"master_deck":["Defend_G","Defend_G","Defend_G","Defend_G","Strike_G","Strike_G","Survivor+1","Neutralize+1","Leg Sweep+1","Sucker Punch","Dagger Spray","Glass Knife","Endless Agony+1","Terror","After Image","Escape Plan","Cloak And Dagger+1","Endless Agony","Dash","Parasite","Flying Knee+1","Infinite Blades+1","Venomology+1"],"max_hp_per_floor":[70,70,70,70,70,70,70,70,70,70,70,70,70,70,70,70,70,70,70,70,70,70,70,70,70,70,70,70,70,70,70,70,70],"relics":["Ring of the Snake","Happy Flower","Anchor","Bag of Preparation","Cursed Key","Red Mask","Du-Vu Doll","Bottled Lightning","Bottled Tornado","Toxic Egg 2","Bag of Marbles"],"card_choices":[{"not_picked":["Calculated Gamble","Slice"],"picked":"Leg Sweep","floor":1},{"not_picked":["Concentrate","All Out Attack"],"picked":"Sucker Punch","floor":3},{"not_picked":["Poisoned Stab","Quick Slash"],"picked":"Dagger Spray","floor":4},{"not_picked":["Choke","Bane"],"picked":"Glass Knife","floor":8},{"not_picked":["Leg Sweep","Reflex"],"picked":"Endless Agony","floor":10},{"not_picked":["Slice","PiercingWail"],"picked":"Terror","floor":11},{"not_picked":["Storm of Steel","Tools of the Trade"],"picked":"After Image","floor":16},{"not_picked":["All Out Attack","Dagger Throw"],"picked":"Escape Plan","floor":18},{"not_picked":["Prepared","Deadly Poison"],"picked":"Cloak And Dagger","floor":21},{"not_picked":["Flechettes","Masterful Stab"],"picked":"Endless Agony","floor":22},{"not_picked":["Dagger Throw","Riddle With Holes"],"picked":"Dash","floor":25},{"not_picked":["PiercingWail","Slice"],"picked":"Flying Knee","floor":27},{"not_picked":["Flying Knee","Cloak And Dagger"],"picked":"Infinite Blades","floor":28},{"not_picked":["Backflip","Deflect"],"picked":"Venomology","floor":30}],"player_experience":305669,"potions_floor_usage":[8,16,23,23,25,28,30,33,33],"damage_taken":[{"damage":2,"enemies":"Jaw Worm","floor":1,"turns":6},{"damage":4,"enemies":"Small Slimes","floor":3,"turns":5},{"damage":0,"enemies":"Cultist","floor":4,"turns":4},{"damage":17,"enemies":"Gremlin Nob","floor":8,"turns":5},{"damage":0,"enemies":"Exordium Wildlife","floor":10,"turns":2},{"damage":6,"enemies":"Gremlin Gang","floor":11,"turns":5},{"damage":34,"enemies":"Hexaghost","floor":16,"turns":13},{"damage":0,"enemies":"2 Thieves","floor":18,"turns":4},{"damage":17,"enemies":"Masked Bandits","floor":21,"turns":5},{"damage":0,"enemies":"3 Byrds","floor":22,"turns":5},{"damage":34,"enemies":"Gremlin Leader","floor":23,"turns":7},{"damage":0,"enemies":"Slavers","floor":25,"turns":9},{"damage":12,"enemies":"Sentry and Sphere","floor":27,"turns":4},{"damage":0,"enemies":"Centurion and Healer","floor":28,"turns":4},{"damage":7,"enemies":"Book of Stabbing","floor":30,"turns":4},{"damage":41,"enemies":"Champ","floor":33,"turns":13}],"event_choices":[{"event_name":"Golden Wing","player_choice":"Card Removal","floor":2,"damage_taken":0},{"event_name":"Upgrade Shrine","player_choice":"Upgraded","floor":5,"damage_taken":0},{"event_name":"The Cleric","player_choice":"Card Removal","floor":13,"damage_taken":0},{"event_name":"Shining Light","player_choice":"Entered Light","floor":14,"damage_taken":0},{"event_name":"Vampires","player_choice":"Ignored","floor":20,"damage_taken":0},{"event_name":"Masked Bandits","player_choice":"Fought over 56 gold","floor":21,"damage_taken":0}],"boss_relics":[{"not_picked":["Lizard Tail","Astrolabe"],"picked":"Cursed Key"}],"potions_floor_spawned":[1,11,16,21,22,23,27,28],"seed_played":"-4878696225996839648","killed_by":"Champ","ascension_level":9,"is_trial":false}