{"gold_per_floor":[117,117,67,67,67,102,102,137,137,172,172,204,218,27,27,131,131,145,158,158,170,182,216,216,243,243,48,48,48,75,90,90,187,187,207,207,207,207],"floor_reached":38,"playtime":2293,"items_purged":[],"score":641,"play_id":"edf51db9-c502-4e3b-a763-2cfb63cd9b70","local_time":"20190113191056","is_ascension_mode":true,"campfire_choices":[{"floor":7,"key":"REST"},{"floor":11,"key":"REST"},{"floor":15,"key":"REST"},{"floor":24,"key":"REST"},{"floor":28,"key":"REST"},{"floor":32,"key":"REST"}],"neow_cost":"NONE","seed_source_timestamp":1646659794759728,"circlet_count":0,"master_deck":["Defend_G","Defend_G","Defend_G","Defend_G","Survivor","Neutralize+1","Flying Knee","Slice","Cloak And Dagger","Dagger Spray","Terror+1","Grand Finale","Bite","Bite","Bite","Bite","Bite","Slice","Quick Slash","Skewer+1","Backflip","PiercingWail","Corpse Explosion"],"relics":["Runic Pyramid","Torii","Bronze Scales","WingedGreaves","Boot","Sundial","Bag of Marbles","Fusion Hammer","Molten Egg 2","StoneCalendar","Centennial Puzzle","Lantern","Gremlin Horn","WristBlade"],"potions_floor_usage":[6,23,25,31,33,38],"damage_taken":[{"damage":0,"enemies":"Small Slimes","floor":1,"turns":3},{"damage":14,"enemies":"Gremlin Nob","floor":6,"turns":4},{"damage":16,"enemies":"Lagavulin","floor":8,"turns":6},{"damage":13,"enemies":"3 Sentries","floor":10,"turns":8},{"damage":16,"enemies":"Gremlin Nob","floor":12,"turns":4},{"damage":0,"enemies":"Cultist","floor":13,"turns":3},{"damage":6,"enemies":"The Guardian","floor":16,"turns":9},{"damage":7,"enemies":"Chosen","floor":18,"turns":4},{"damage":0,"enemies":"3 Byrds","floor":19,"turns":3},{"damage":24,"enemies":"Shelled Parasite and Fungi","floor":21,"turns":4},{"damage":21,"enemies":"Centurion and Healer","floor":22,"turns":6},{"damage":29,"enemies":"Book of Stabbing","floor":23,"turns":4},{"damage":24,"enemies":"Gremlin Leader","floor":25,"turns":5},{"damage":9,"enemies":"Slavers","floor":30,"turns":5},{"damage":0,"enemies":"Snake Plant","floor":31,"turns":1},{"damage":45,"enemies":"Champ","floor":33,"turns":8},{"damage":1,"enemies":"3 Darklings","floor":35,"turns":3},{"damage":66,"enemies":"Awakened One","floor":38,"turns":8}],"seed_played":"-8358391731963268469","potions_obtained":[{"floor":1,"key":"AttackPotion"},{"floor":12,"key":"Energy Potion"},{"floor":21,"key":"SteroidPotion"},{"floor":25,"key":"Strength Potion"},{"floor":30,"key":"PowerPotion"},{"floor":35,"key":"Ancient Potion"}],"is_trial":false,"path_per_floor":["M","?","?","?","?","E","R","E","T","E","R","E","M","$","R","B",null,"M","M","?","M","M","E","R","E","T","$","R","?","E","M","R","B",null,"M","?","?","B"],"character_chosen":"THE_SILENT","items_purchased":["Bag of Marbles","Terror","Lantern","Backflip"],"campfire_rested":6,"item_purchase_floors":[14,14,27,27],"current_hp_per_floor":[63,49,49,49,42,28,49,33,33,20,41,25,25,25,46,40,63,56,56,49,34,33,14,28,16,16,16,30,30,35,35,49,18,41,48,48,48,0],"gold":207,"neow_bonus":"BOSS_RELIC","is_prod":false,"is_daily":false,"chose_seed":false,"campfire_upgraded":0,"win_rate":0,"timestamp":1547406656,"path_taken":["M","?","?","?","?","E","R","E","T","E","R","E","M","$","R","BOSS","M","M","?","M","M","E","R","E","T","$","R","?","E","M","R","BOSS","M","?","?","BOSS"],"build_version":"2019-01-10","purchased_purges":0,"victory":false,"max_hp_per_floor":[70,70,70,70,70,70,70,70,70,70,70,70,70,70,70,70,70,70,70,49,49,49,49,49,49,49,49,49,49,49,49,49,49,49,49,49,49,49],"card_choices":[{"not_picked":["Riddle With Holes","Setup","Backflip"],"picked":"SKIP","floor":1},{"not_picked":["Outmaneuver","Cloak And Dagger"],"picked":"Flying Knee","floor":6},{"not_picked":["Backflip","Crippling Poison"],"picked":"Slice","floor":8},{"not_picked":["Tactician","Adrenaline"],"picked":"Cloak And Dagger","floor":10},{"not_picked":["Predator","Riddle With Holes","Accuracy"],"picked":"SKIP","floor":12},{"not_picked":["Well Laid Plans","Dash"],"picked":"Dagger Spray","floor":13},{"not_picked":["Venomology","Glass Knife"],"picked":"Grand Finale","floor":16},{"not_picked":["Terror","Underhanded Strike","Endless Agony"],"picked":"SKIP","floor":18},{"not_picked":["Skewer","Tactician","Underhanded Strike"],"picked":"SKIP","floor":19},{"not_picked":["Expertise","Bane"],"picked":"Slice","floor":21},{"not_picked":["Sucker Punch","Bane"],"picked":"Quick Slash","floor":22},{"not_picked":["Deflect","Setup","Terror"],"picked":"SKIP","floor":23},{"not_picked":["Poisoned Stab+1","Unload+1"],"picked":"Skewer+1","floor":25},{"not_picked":["Tools of the Trade","Endless Agony+1","Deadly Poison"],"picked":"SKIP","floor":30},{"not_picked":["Accuracy","Escape Plan+1"],"picked":"PiercingWail","floor":31},{"not_picked":["After Image","Venomology"],"picked":"Corpse Explosion","floor":33},{"not_picked":["Quick Slash+1","Distraction"],"picked":"Flying Knee+1","floor":35}],"player_experience":253614,"relics_obtained":[{"floor":6,"key":"Torii"},{"floor":8,"key":"Bronze Scales"},{"floor":9,"key":"WingedGreaves"},{"floor":10,"key":"Boot"},{"floor":12,"key":"Sundial"},{"floor":23,"key":"Molten Egg 2"},{"floor":25,"key":"StoneCalendar"},{"floor":26,"key":"Centennial Puzzle"},{"floor":30,"key":"Gremlin Horn"}],"event_choices":[{"damage_healed":0,"gold_gain":0,"player_choice":"Entered Light","damage_taken":14,"max_hp_gain":0,"max_hp_loss":0,"event_name":"Shining Light","floor":2,"gold_loss":0,"cards_upgraded":["Neutralize","Strike_G"]},{"cards_removed":["Defend_G"],"damage_healed":0,"gold_gain":0,"player_choice":"Card Removal","damage_taken":0,"max_hp_gain":0,"max_hp_loss":0,"event_name":"The Cleric","floor":3,"gold_loss":50},{"damage_healed":0,"gold_gain":0,"player_choice":"Ignored","damage_taken":0,"max_hp_gain":0,"max_hp_loss":0,"event_name":"Liars Game","floor":4,"gold_loss":0},{"cards_removed":["Strike_G"],"damage_healed":0,"gold_gain":0,"player_choice":"Card Removal","damage_taken":7,"max_hp_gain":0,"max_hp_loss":0,"event_name":"Golden Wing","floor":5,"gold_loss":0},{"damage_healed":0,"gold_gain":0,"player_choice":"Became a vampire","damage_taken":0,"max_hp_gain":0,"max_hp_loss":21,"event_name":"Vampires","floor":20,"gold_loss":0,"cards_obtained":["Bite","Bite","Bite","Bite","Bite"]},{"damage_healed":0,"gold_gain":0,"player_choice":"Upgraded","damage_taken":0,"max_hp_gain":0,"max_hp_loss":0,"event_name":"Upgrade Shrine","floor":29,"gold_loss":0,"cards_upgraded":["Terror"]},{"cards_removed":["Flying Knee"],"damage_healed":0,"gold_gain":0,"player_choice":"Removed Attack","damage_taken":0,"max_hp_gain":0,"max_hp_loss":0,"event_name":"Falling","floor":36,"gold_loss":0},{"damage_healed":0,"gold_gain":0,"player_choice":"Took Portal","damage_taken":0,"max_hp_gain":0,"max_hp_loss":0,"event_name":"SecretPortal","floor":37,"gold_loss":0}],"is_beta":false,"boss_relics":[{"not_picked":["Eternal Feather","Cursed Key"],"picked":"Fusion Hammer"},{"not_picked":["HoveringKite","Empty Cage"],"picked":"WristBlade"}],"items_purged_floors":[],"is_endless":false,"potions_floor_spawned":[1,12,21,25,30,35],"killed_by":"Awakened One","ascension_level":7}