{"gold_per_floor":[112,187,187,187,205,239,250,233,233,40,69,69,87,99,99,194,194,206,226,141,20,32,62,62,80,80,109,109,143,143,171,171,272,272,287,306,306,306,320,23,37,55,55,66,66,80,80,97,97,97],"floor_reached":51,"playtime":5392,"items_purged":["Strike_G"],"score":1044,"play_id":"3436ab1e-7b51-40c3-91c9-a8119c428023","local_time":"20190114144625","is_ascension_mode":true,"campfire_choices":[{"floor":12,"key":"REST"},{"data":"Deflect","floor":15,"key":"SMITH"},{"data":"Adrenaline","floor":24,"key":"SMITH"},{"data":"Terror","floor":30,"key":"SMITH"},{"data":"Deflect","floor":32,"key":"SMITH"},{"floor":45,"key":"REST"},{"data":"Cloak And Dagger","floor":47,"key":"SMITH"},{"data":"Leg Sweep","floor":49,"key":"SMITH"}],"neow_cost":"TEN_PERCENT_HP_LOSS","seed_source_timestamp":1714072383596011,"circlet_count":0,"master_deck":["Defend_G","Defend_G","Defend_G","Defend_G+1","Strike_G+1","Strike_G","Survivor","Neutralize","Leg Sweep+1","Flying Knee","Deflect+1","Terror+1","Unload","Dash","Flying Knee","Deflect","Adrenaline+1","Infinite Blades+1","Slice+1","Setup+1","Backstab","Noxious Fumes+1","Backflip","Blur","Acrobatics","Deflect+1","Sucker Punch+1","Adrenaline","Crippling Poison+1","Slice+1","Blur","Well Laid Plans+1","Cloak And Dagger+1"],"relics":["Ring of the Snake","Nunchaku","Ornamental Fan","Mummified Hand","Strawberry","Kunai","Astrolabe","Ninja Scroll","Ancient Tea Set","Frozen Egg 2","Red Mask","The Courier","Meat on the Bone","Unceasing Top","Dodecahedron"],"potions_floor_usage":[6,18,23,23,31,50,50],"damage_taken":[{"damage":0,"enemies":"Jaw Worm","floor":1,"turns":4},{"damage":0,"enemies":"Small Slimes","floor":5,"turns":4},{"damage":31,"enemies":"Gremlin Nob","floor":6,"turns":5},{"damage":0,"enemies":"2 Louse","floor":7,"turns":3},{"damage":5,"enemies":"Exordium Thugs","floor":8,"turns":4},{"damage":9,"enemies":"3 Sentries","floor":11,"turns":9},{"damage":0,"enemies":"Looter","floor":13,"turns":3},{"damage":2,"enemies":"3 Louse","floor":14,"turns":3},{"damage":10,"enemies":"The Guardian","floor":16,"turns":13},{"damage":8,"enemies":"2 Thieves","floor":18,"turns":5},{"damage":0,"enemies":"Shell Parasite","floor":19,"turns":4},{"damage":0,"enemies":"Shelled Parasite and Fungi","floor":22,"turns":5},{"damage":9,"enemies":"Gremlin Leader","floor":23,"turns":9},{"damage":0,"enemies":"Centurion and Healer","floor":25,"turns":6},{"damage":0,"enemies":"Masked Bandits","floor":27,"turns":5},{"damage":3,"enemies":"Slavers","floor":29,"turns":6},{"damage":0,"enemies":"Book of Stabbing","floor":31,"turns":5},{"damage":12,"enemies":"Collector","floor":33,"turns":11},{"damage":0,"enemies":"3 Darklings","floor":35,"turns":6},{"damage":0,"enemies":"Orb Walker","floor":36,"turns":4},{"damage":0,"enemies":"Jaw Worm Horde","floor":39,"turns":4},{"damage":0,"enemies":"Sphere and 2 Shapes","floor":41,"turns":5},{"damage":0,"enemies":"Maw","floor":42,"turns":8},{"damage":0,"enemies":"Transient","floor":44,"turns":5},{"damage":0,"enemies":"Writhing Mass","floor":46,"turns":8},{"damage":0,"enemies":"3 Darklings","floor":48,"turns":3},{"damage":0,"enemies":"Awakened One","floor":50,"turns":24}],"seed_played":"-6700980986594295131","potions_obtained":[{"floor":1,"key":"AttackPotion"},{"floor":8,"key":"Dexterity Potion"},{"floor":13,"key":"Explosive Potion"},{"floor":14,"key":"GamblersBrew"},{"floor":18,"key":"Energy Potion"},{"floor":25,"key":"EssenceOfSteel"},{"floor":27,"key":"Swift Potion"},{"floor":39,"key":"EssenceOfSteel"}],"is_trial":false,"path_per_floor":["M","?","?","?","M","E","M","M","T","$","E","R","M","M","R","B",null,"M","M","?","$","M","E","R","M","T","?","?","E","R","E","R","B",null,"M","M","?","?","M","$","M","M","T","M","R","M","R","M","R","B",null],"character_chosen":"THE_SILENT","items_purchased":["Strawberry","Dash","Backflip","GhostInAJar","Unceasing Top"],"campfire_rested":2,"item_purchase_floors":[10,10,21,40,40],"current_hp_per_floor":[63,52,39,60,60,29,29,24,24,31,22,43,43,41,41,31,60,52,52,52,52,52,43,43,43,43,43,66,63,63,63,63,51,65,65,65,65,65,65,65,65,65,65,65,70,70,70,70,70,70],"gold":97,"neow_bonus":"ONE_RARE_RELIC","is_prod":false,"is_daily":false,"chose_seed":false,"campfire_upgraded":6,"win_rate":0,"timestamp":1547477185,"path_taken":["M","?","?","?","M","E","?","M","T","$","E","R","M","M","R","BOSS","M","M","?","$","M","E","R","M","T","?","?","E","R","E","R","BOSS","M","M","?","?","?","$","M","M","T","?","R","M","R","M","R","BOSS"],"build_version":"2019-01-10","purchased_purges":1,"victory":true,"max_hp_per_floor":[63,63,63,63,63,63,63,63,63,70,70,70,70,70,70,70,70,70,70,70,70,70,70,70,70,70,70,70,70,70,70,70,70,70,70,70,70,70,70,70,70,70,70,70,70,70,70,70,70,70],"card_choices":[{"not_picked":["Distraction","Backstab"],"picked":"Leg Sweep","floor":1},{"not_picked":["Deadly Poison","Cloak And Dagger"],"picked":"Flying Knee","floor":5},{"not_picked":["Slice","Expertise"],"picked":"Deflect","floor":6},{"not_picked":["Noxious Fumes","Dagger Spray"],"picked":"Terror","floor":7},{"not_picked":["Dagger Spray","Acrobatics"],"picked":"Unload","floor":8},{"not_picked":["Riddle With Holes","Slice"],"picked":"Flying Knee","floor":11},{"not_picked":["Dash","Finisher","Acrobatics"],"picked":"SKIP","floor":13},{"not_picked":["Deadly Poison","Underhanded Strike"],"picked":"Deflect","floor":14},{"not_picked":["Night Terror","Grand Finale"],"picked":"Adrenaline","floor":16},{"not_picked":["Bane","Dagger Spray"],"picked":"Backstab","floor":18},{"not_picked":["Blade Dance","Dagger Throw"],"picked":"Noxious Fumes+1","floor":19},{"not_picked":["Dagger Throw+1","Infinite Blades+1"],"picked":"Blur","floor":22},{"not_picked":["Tactician","Sucker Punch+1","Bane"],"picked":"SKIP","floor":23},{"not_picked":["Eviscerate","Infinite Blades+1"],"picked":"Acrobatics","floor":25},{"not_picked":["Blade Dance+1","Dash"],"picked":"Deflect","floor":27},{"not_picked":["Deadly Poison","Doppelganger","Glass Knife"],"picked":"SKIP","floor":29},{"not_picked":["Poisoned Stab","Outmaneuver"],"picked":"Sucker Punch+1","floor":31},{"not_picked":["Night Terror","Grand Finale"],"picked":"Adrenaline","floor":33},{"not_picked":["Flechettes","Distraction"],"picked":"Crippling Poison+1","floor":35},{"not_picked":["Prepared+1","Blade Dance"],"picked":"Slice+1","floor":36},{"not_picked":["Blade Dance","PiercingWail"],"picked":"Well Laid Plans+1","floor":39},{"not_picked":["Expertise+1","Calculated Gamble+1","Predator"],"picked":"SKIP","floor":41},{"not_picked":["Outmaneuver+1","Setup","Expertise+1"],"picked":"SKIP","floor":42},{"not_picked":["Sucker Punch","Quick Slash+1","Deadly Poison"],"picked":"SKIP","floor":44},{"not_picked":["Underhanded Strike+1","Poisoned Stab+1"],"picked":"Cloak And Dagger","floor":46},{"not_picked":["Blade Dance","Well Laid Plans+1","Infinite Blades+1"],"picked":"SKIP","floor":48}],"player_experience":281375,"relics_obtained":[{"floor":6,"key":"Ornamental Fan"},{"floor":9,"key":"Mummified Hand"},{"floor":11,"key":"Kunai"},{"floor":23,"key":"Ancient Tea Set"},{"floor":26,"key":"Frozen Egg 2"},{"floor":27,"key":"Red Mask"},{"floor":29,"key":"The Courier"},{"floor":31,"key":"Meat on the Bone"},{"floor":43,"key":"Dodecahedron"}],"event_choices":[{"damage_healed":0,"gold_gain":75,"player_choice":"Gather Gold","damage_taken":11,"max_hp_gain":0,"max_hp_loss":0,"event_name":"World of Goop","floor":2,"gold_loss":0},{"damage_healed":0,"gold_gain":0,"player_choice":"Entered Light","damage_taken":13,"max_hp_gain":0,"max_hp_loss":0,"event_name":"Shining Light","floor":3,"gold_loss":0,"cards_upgraded":["Strike_G","Defend_G"]},{"damage_healed":21,"gold_gain":0,"player_choice":"Banana","damage_taken":0,"max_hp_gain":0,"max_hp_loss":0,"event_name":"Big Fish","floor":4,"gold_loss":0},{"damage_healed":0,"gold_gain":0,"player_choice":"Obtained Relic","damage_taken":0,"relics_obtained":["Ninja Scroll"],"max_hp_gain":0,"max_hp_loss":0,"event_name":"Addict","floor":20,"gold_loss":85},{"damage_healed":0,"gold_gain":0,"player_choice":"Fought Bandits","damage_taken":0,"max_hp_gain":0,"max_hp_loss":0,"event_name":"Masked Bandits","floor":27,"gold_loss":0},{"damage_healed":23,"gold_gain":0,"player_choice":"Heal","damage_taken":0,"max_hp_gain":0,"max_hp_loss":0,"event_name":"The Library","floor":28,"gold_loss":0},{"damage_healed":0,"gold_gain":0,"player_choice":"Memory 1","damage_taken":0,"max_hp_gain":0,"max_hp_loss":0,"event_name":"SensoryStone","floor":37,"gold_loss":0},{"damage_healed":0,"gold_gain":0,"player_choice":"Copied","damage_taken":0,"max_hp_gain":0,"max_hp_loss":0,"event_name":"Duplicator","floor":38,"gold_loss":0,"cards_obtained":["Blur"]}],"is_beta":false,"boss_relics":[{"not_picked":["WristBlade","Lizard Tail"],"picked":"Astrolabe"},{"not_picked":["Calling Bell","Pandora\u0027s Box","Cursed Key"]}],"items_purged_floors":[21],"is_endless":false,"potions_floor_spawned":[1,8,13,14,18,25,27,39,41,46],"ascension_level":8}