{"path_per_floor":["M","T","M","?","?","E","R","M","T","R","M","M","R","$","R","B",null,"M","?","M","$","?","R","M","R","T","M","?","M","M","?","R","B",null,"M","?","M","$","M","E","M","R","T","R","E","?","M"],"character_chosen":"THE_SILENT","items_purchased":["Apotheosis","Panache"],"gold_per_floor":[117,117,132,82,82,108,108,127,180,180,195,212,212,6,6,107,107,120,120,136,61,61,61,71,71,96,115,115,131,147,147,147,249,249,259,259,272,87,101,135,145,145,145,145,177,232,249],"floor_reached":48,"campfire_rested":5,"playtime":3124,"current_hp_per_floor":[70,70,69,69,36,27,27,27,27,27,27,27,27,27,48,47,70,69,60,43,43,27,49,39,39,39,38,38,37,36,36,58,58,75,44,44,44,44,44,23,42,67,67,85,77,55,54],"items_purged":["Defend_G"],"gold":249,"play_id":"819e555e-e8be-43b0-a1ca-f05dc2c8614d","is_prod":false,"is_daily":false,"is_ascension_mode":false,"campfire_upgraded":4,"path_taken":["M","?","M","?","?","E","R","M","T","R","M","M","R","$","R","BOSS","M","?","M","$","?","R","?","R","T","M","?","?","M","?","R","BOSS","M","?","M","$","M","E","M","R","T","R","E","?","M","E"],"build_version":"2018-01-25-BETA1","purchased_purges":1,"victory":false,"master_deck":["Defend_G","Defend_G","Defend_G","Defend_G","Strike_G","Strike_G","Strike_G","Survivor","Neutralize","Backstab","After Image+1","Noxious Fumes+1","Noxious Fumes+1","Cloak And Dagger+1","Accuracy","Apotheosis+1","Die Die Die","Noxious Fumes","Cloak And Dagger+1","Finisher","Adrenaline","Noxious Fumes+1","Panache","Acrobatics","Noxious Fumes"],"max_hp_per_floor":[70,70,70,70,70,70,70,70,70,70,70,70,70,70,70,70,70,70,75,75,75,75,75,75,75,75,75,75,75,75,75,75,75,75,75,75,75,75,75,85,85,85,85,85,85,85,85],"relics":["Ring of the Snake","Oddly Smooth Stone","Torii","Pen Nib","Ginger","Anchor","Sozu","Enchiridion","Frozen Egg","Lizard Tail","Pear","Centennial Puzzle","Kunai","Ice Cream"],"card_choices":[{"not_picked":["Underhanded Strike","Deadly Poison"],"picked":"Backstab"},{"not_picked":["Riddle With Holes","Well Laid Plans"],"picked":"After Image"},{"not_picked":["Malaise","After Image"],"picked":"Noxious Fumes"},{"not_picked":["Dagger Spray","Quick Slash"],"picked":"Noxious Fumes"},{"not_picked":["Deflect","Flechettes"],"picked":"Cloak And Dagger"},{"not_picked":["Outmaneuver","Blade Dance"],"picked":"Accuracy"},{"not_picked":["Unload","Bullet Time"],"picked":"Die Die Die"},{"not_picked":["Deflect","Quick Slash"],"picked":"Noxious Fumes"},{"not_picked":["Dodge and Roll","Well Laid Plans"],"picked":"Cloak And Dagger"},{"not_picked":["Deadly Poison","Cloak And Dagger"],"picked":"Finisher"},{"not_picked":["Die Die Die","Unload"],"picked":"Adrenaline"},{"not_picked":["Dagger Throw","Caltrops"],"picked":"Noxious Fumes"},{"not_picked":["Expertise","Malaise"],"picked":"Acrobatics"},{"not_picked":["Heel Hook","Flying Knee"],"picked":"Noxious Fumes"}],"player_experience":81715,"potions_floor_usage":[6,16,16],"damage_taken":[{"damage":0,"enemies":"Blue Slaver","floor":1,"turns":6},{"damage":1,"enemies":"Jaw Worm","floor":3,"turns":5},{"damage":9,"enemies":"3 Sentries","floor":6,"turns":13},{"damage":0,"enemies":"Small Slimes","floor":8,"turns":3},{"damage":0,"enemies":"3 Louse","floor":11,"turns":3},{"damage":0,"enemies":"Large Slime","floor":12,"turns":5},{"damage":1,"enemies":"Hexaghost","floor":16,"turns":8},{"damage":1,"enemies":"3 Byrds","floor":18,"turns":4},{"damage":17,"enemies":"Chosen","floor":20,"turns":6},{"damage":10,"enemies":"Centurion and Healer","floor":24,"turns":4},{"damage":1,"enemies":"Sentry and Sphere","floor":27,"turns":6},{"damage":1,"enemies":"Snecko","floor":29,"turns":5},{"damage":1,"enemies":"3 Cultists","floor":30,"turns":5},{"damage":0,"enemies":"Champ","floor":33,"turns":9},{"damage":31,"enemies":"3 Darklings","floor":35,"turns":4},{"damage":0,"enemies":"3 Shapes","floor":37,"turns":4},{"damage":0,"enemies":"Spire Growth","floor":39,"turns":4},{"damage":31,"enemies":"Nemesis","floor":40,"turns":7},{"damage":23,"enemies":"4 Shapes","floor":41,"turns":5},{"damage":8,"enemies":"Giant Head","floor":45,"turns":7},{"damage":22,"enemies":"Mysterious Sphere","floor":46,"turns":5},{"damage":1,"enemies":"Maw","floor":47,"turns":6},{"damage":70,"enemies":"Nemesis","floor":48,"turns":6}],"event_choices":[{"event_name":"The Cleric","player_choice":"Card Removal","floor":4,"damage_taken":0},{"event_name":"Scrap Ooze","player_choice":"success","floor":5,"damage_taken":33},{"event_name":"Forgotten Altar","player_choice":"Shed Blood","floor":19,"damage_taken":0},{"event_name":"Cursed Tome","player_choice":"Obtained Book","floor":22,"damage_taken":0},{"event_name":"Drug Dealer","player_choice":"Ignored","floor":28,"damage_taken":0},{"event_name":"Vampires","player_choice":"Ignored","floor":31,"damage_taken":0},{"event_name":"Mysterious Sphere","player_choice":"Fight","floor":46,"damage_taken":0}],"boss_relics":[{"not_picked":["Question Card","Orrery"],"picked":"Sozu"},{"not_picked":["Astrolabe","Runic Dome"],"picked":"Lizard Tail"}],"potions_floor_spawned":[1,6,8,16,18,20,27,37,39,45,46,47],"seed_played":"4383625534974340777","killed_by":"Nemesis","ascension_level":0,"is_trial":false}