{"gold_per_floor":[118,135,135,33,0,0,34,45,70,81,134,147,176,39,39,110,110,128,128,178,278,294,294,294,24,24,38,38,50,50,50,50,126,126,141,141,157,167,184,184,213,41,65,11,28,28,41,41,41,41],"floor_reached":51,"playtime":2173,"items_purged":[],"score":1282,"play_id":"f50f0794-19dc-4ab3-bb08-5f769cdacd32","local_time":"20190426190027","is_ascension_mode":true,"campfire_choices":[{"data":"Dramatic Entrance","floor":6,"key":"SMITH"},{"data":"Pommel Strike","floor":15,"key":"SMITH"},{"floor":23,"key":"REST"},{"floor":30,"key":"REST"},{"floor":32,"key":"REST"},{"floor":40,"key":"REST"},{"floor":49,"key":"REST"}],"neow_cost":"NONE","seed_source_timestamp":3390175341458447,"circlet_count":0,"master_deck":["AscendersBane","Strike_R","Strike_R+1","Strike_R","Strike_R","Strike_R","Defend_R","Defend_R","Defend_R","Defend_R","Bash+1","Dramatic Entrance+1","Clothesline","Anger","Finesse","Burning Pact","Iron Wave","Pommel Strike+1","Shockwave+1","Brutality","Shrug It Off+1","Cleave+1","Twin Strike","Flex+1","Anger","Anger","Reaper","Dropkick+1","Havoc+1","True Grit+1","Infernal Blade+1","Double Tap+1","Shame","Shrug It Off+1","Dropkick","Decay"],"relics":["Burning Blood","Boot","Red Skull","Dream Catcher","Tiny Chest","Runic Pyramid","WingedGreaves","Bottled Flame","Question Card","Toxic Egg 2","Oddly Smooth Stone","Paper Frog","Cursed Key","Gambling Chip","War Paint","Art of War","Kunai"],"potions_floor_usage":[7,13,16,21,33,33,39,45],"damage_taken":[{"damage":0,"enemies":"Small Slimes","floor":1,"turns":3},{"damage":6,"enemies":"Jaw Worm","floor":2,"turns":4},{"damage":26,"enemies":"Gremlin Nob","floor":7,"turns":4},{"damage":6,"enemies":"2 Louse","floor":8,"turns":2},{"damage":9,"enemies":"Looter","floor":10,"turns":2},{"damage":6,"enemies":"Large Slime","floor":12,"turns":5},{"damage":5,"enemies":"Lagavulin","floor":13,"turns":3},{"damage":20,"enemies":"Hexaghost","floor":16,"turns":8},{"damage":7,"enemies":"Chosen","floor":18,"turns":4},{"damage":19,"enemies":"Colosseum Slavers","floor":21,"turns":3},{"damage":24,"enemies":"Colosseum Nobs","floor":21,"turns":5},{"damage":6,"enemies":"Spheric Guardian","floor":22,"turns":3},{"damage":12,"enemies":"Snake Plant","floor":27,"turns":3},{"damage":0,"enemies":"Centurion and Healer","floor":29,"turns":4},{"damage":89,"enemies":"Collector","floor":33,"turns":9},{"damage":35,"enemies":"3 Darklings","floor":35,"turns":3},{"damage":8,"enemies":"Orb Walker","floor":37,"turns":3},{"damage":44,"enemies":"Writhing Mass","floor":38,"turns":4},{"damage":14,"enemies":"Sphere and 2 Shapes","floor":39,"turns":4},{"damage":69,"enemies":"Giant Head","floor":41,"turns":7},{"damage":0,"enemies":"Transient","floor":45,"turns":6},{"damage":3,"enemies":"Writhing Mass","floor":47,"turns":5},{"damage":52,"enemies":"Awakened One","floor":50,"turns":13}],"seed_played":"8331533404877465575","potions_obtained":[{"floor":2,"key":"FearPotion"},{"floor":7,"key":"Poison Potion"},{"floor":8,"key":"FearPotion"},{"floor":10,"key":"AttackPotion"},{"floor":16,"key":"Dexterity Potion"},{"floor":22,"key":"Ancient Potion"},{"floor":27,"key":"Regen Potion"},{"floor":33,"key":"SpeedPotion"},{"floor":35,"key":"Fire Potion"},{"floor":38,"key":"Fire Potion"},{"floor":39,"key":"Explosive Potion"}],"is_trial":false,"path_per_floor":["M","M","?","$","?","R","E","M","T","M","?","M","E","$","R","B",null,"M","?","?","?","M","R","T","$","T","M","T","M","R","$","R","B",null,"M","?","M","M","M","R","E","$","T","$","M","$","M","T","R","B",null],"character_chosen":"IRONCLAD","items_purchased":["Finesse","Tiny Chest","Toxic Egg 2","War Paint","Shrug It Off+1"],"campfire_rested":5,"item_purchase_floors":[4,14,25,42,44],"current_hp_per_floor":[74,74,51,51,51,51,31,31,31,28,28,28,29,29,29,15,60,59,38,38,7,7,31,31,31,31,25,25,31,55,55,79,11,63,57,57,55,26,29,53,12,12,12,12,42,42,45,45,69,23],"gold":41,"neow_bonus":"RANDOM_COLORLESS","is_prod":false,"is_daily":false,"chose_seed":false,"campfire_upgraded":2,"win_rate":0,"timestamp":1556301627,"path_taken":["M","M","?","?","?","R","E","M","T","M","?","M","E","$","R","BOSS","M","?","?","?","M","R","?","?","T","M","?","?","R","$","R","BOSS","M","?","M","M","M","R","E","$","T","$","M","$","M","?","R","BOSS"],"build_version":"2019-01-23","purchased_purges":0,"victory":true,"max_hp_per_floor":[75,75,75,75,75,75,75,75,75,75,75,75,75,75,75,75,75,75,80,80,80,80,80,80,80,80,80,80,80,80,80,80,80,80,80,80,80,80,80,80,80,80,80,80,80,80,80,80,80,80],"card_choices":[{"not_picked":["Perfected Strike","Second Wind"],"picked":"Clothesline","floor":1},{"not_picked":["Disarm","Burning Pact"],"picked":"Anger","floor":2},{"not_picked":["Havoc","Carnage","Clothesline"],"picked":"SKIP","floor":7},{"not_picked":["Iron Wave","Warcry"],"picked":"Burning Pact","floor":8},{"not_picked":["Twin Strike","Body Slam"],"picked":"Iron Wave","floor":10},{"not_picked":["Sever Soul","Fire Breathing"],"picked":"Pommel Strike","floor":12},{"not_picked":["Twin Strike","Sever Soul"],"picked":"Shockwave","floor":13},{"not_picked":["Demon Form","Barricade"],"picked":"Brutality","floor":16},{"not_picked":["Corruption","Sword Boomerang","Searing Blow"],"picked":"SKIP","floor":18},{"not_picked":["Feel No Pain","Headbutt"],"picked":"Shrug It Off","floor":22},{"not_picked":["Evolve","Heavy Blade"],"picked":"Cleave+1","floor":23},{"not_picked":["Clothesline","Evolve+1","Feel No Pain"],"picked":"Twin Strike","floor":27},{"not_picked":["Fire Breathing","Second Wind+1","Blood for Blood"],"picked":"Flex+1","floor":29},{"not_picked":["Pommel Strike","Reckless Charge","Iron Wave"],"picked":"Anger","floor":30},{"not_picked":["Clash+1","Power Through+1","Disarm+1"],"picked":"Anger","floor":32},{"not_picked":["Juggernaut","Double Tap+1","Immolate"],"picked":"Reaper","floor":33},{"not_picked":["Headbutt","Reckless Charge","Havoc+1"],"picked":"Dropkick+1","floor":35},{"not_picked":["Clothesline+1","Bloodletting+1","Twin Strike"],"picked":"Havoc+1","floor":37},{"not_picked":["Reckless Charge","Battle Trance+1","Cleave"],"picked":"True Grit+1","floor":38},{"not_picked":["Rampage","Iron Wave","Thunderclap"],"picked":"Infernal Blade+1","floor":39},{"not_picked":["Fire Breathing","Clash+1","Hemokinesis"],"picked":"Double Tap+1","floor":41},{"not_picked":["Thunderclap+1","Evolve","Second Wind+1","True Grit+1"],"picked":"SKIP","floor":45},{"not_picked":["Clash","Dark Embrace","Heavy Blade"],"picked":"Dropkick","floor":47}],"player_experience":671933,"relics_obtained":[{"floor":7,"key":"Boot"},{"floor":9,"key":"Red Skull"},{"floor":13,"key":"Dream Catcher"},{"floor":21,"key":"WingedGreaves"},{"floor":21,"key":"Bottled Flame"},{"floor":24,"key":"Question Card"},{"floor":26,"key":"Oddly Smooth Stone"},{"floor":28,"key":"Paper Frog"},{"floor":41,"key":"Gambling Chip"},{"floor":43,"key":"Art of War"},{"floor":48,"key":"Kunai"}],"event_choices":[{"damage_healed":0,"gold_gain":0,"player_choice":"Entered Light","damage_taken":23,"max_hp_gain":0,"max_hp_loss":0,"event_name":"Shining Light","floor":3,"gold_loss":0,"cards_upgraded":["Strike_R","Bash"]},{"damage_healed":0,"gold_gain":0,"player_choice":"Left Gold","damage_taken":0,"max_hp_gain":0,"max_hp_loss":0,"event_name":"World of Goop","floor":5,"gold_loss":33},{"damage_healed":0,"gold_gain":53,"player_choice":"Gained Gold","damage_taken":0,"max_hp_gain":0,"max_hp_loss":0,"event_name":"Golden Wing","floor":11,"gold_loss":0},{"damage_healed":0,"gold_gain":0,"player_choice":"Shed Blood","damage_taken":26,"max_hp_gain":5,"max_hp_loss":0,"event_name":"Forgotten Altar","floor":19,"gold_loss":0},{"damage_healed":0,"gold_gain":50,"player_choice":"Stole From Cult","damage_taken":0,"max_hp_gain":0,"max_hp_loss":0,"event_name":"Nest","floor":20,"gold_loss":0},{"damage_healed":0,"gold_gain":0,"player_choice":"Fight","damage_taken":0,"max_hp_gain":0,"max_hp_loss":0,"event_name":"Colosseum","floor":21,"gold_loss":0},{"damage_healed":0,"gold_gain":0,"player_choice":"Fought Nobs","damage_taken":0,"max_hp_gain":0,"max_hp_loss":0,"event_name":"Colosseum","floor":21,"gold_loss":0},{"damage_healed":0,"gold_gain":0,"player_choice":"Ignored","damage_taken":0,"max_hp_gain":0,"max_hp_loss":0,"event_name":"Tomb of Lord Red Mask","floor":36,"gold_loss":0}],"is_beta":false,"boss_relics":[{"not_picked":["Philosopher\u0027s Stone","Orrery"],"picked":"Runic Pyramid"},{"not_picked":["Coffee Dripper","Empty Cage"],"picked":"Cursed Key"}],"items_purged_floors":[],"is_endless":false,"potions_floor_spawned":[2,7,8,10,16,22,27,33,35,38,39],"ascension_level":18}