{"gold_per_floor":[114,114,128,278,278,278,308,336,359,376,389,409,112,123,123,200,200,160,160,160,160,160,160,160,160,160,160,160,60,60,60,60,60,60,60,60,60],"floor_reached":37,"playtime":1257,"items_purged":["Defend_R","Strike_R"],"score":790,"play_id":"c183040b-86ea-491a-86ec-b9808a87f556","local_time":"20180908224922","is_ascension_mode":true,"campfire_choices":[{"data":"Whirlwind","floor":6,"key":"SMITH"},{"data":"Flex","floor":15,"key":"SMITH"},{"data":"Hyperbeam","floor":23,"key":"SMITH"},{"data":"FTL","floor":25,"key":"SMITH"},{"data":"Thunderclap","floor":27,"key":"SMITH"},{"floor":32,"key":"REST"}],"neow_cost":"NONE","seed_source_timestamp":2103144186060285,"circlet_count":0,"master_deck":["Strike_R","Strike_R","Strike_R","Strike_R","Defend_R","Defend_R","Bash","AscendersBane","Sever Soul","Whirlwind+1","Thunderclap+1","Flex+1","Feed","Hyperbeam+1","FTL+1","FTL","Double Tap","Phantasmal Killer"],"relics":["Burning Blood","NeowsBlessing","Bird Faced Urn","Orichalcum","Oddly Smooth Stone","PrismaticShard","Ectoplasm","Bottled Lightning","Frozen Egg 2","Omamori","Cursed Key","Shovel"],"potions_floor_usage":[16,33,33,37],"damage_taken":[{"damage":0,"enemies":"Small Slimes","floor":1,"turns":1},{"damage":0,"enemies":"Jaw Worm","floor":3,"turns":1},{"damage":0,"enemies":"Gremlin Nob","floor":8,"turns":1},{"damage":2,"enemies":"2 Louse","floor":10,"turns":3},{"damage":0,"enemies":"Lots of Slimes","floor":11,"turns":1},{"damage":6,"enemies":"Large Slime","floor":12,"turns":5},{"damage":6,"enemies":"2 Fungi Beasts","floor":14,"turns":2},{"damage":56,"enemies":"Hexaghost","floor":16,"turns":9},{"damage":16,"enemies":"2 Thieves","floor":18,"turns":2},{"damage":0,"enemies":"Chosen","floor":20,"turns":3},{"damage":24,"enemies":"Snecko","floor":21,"turns":4},{"damage":0,"enemies":"3 Cultists","floor":22,"turns":2},{"damage":0,"enemies":"Sentry and Sphere","floor":24,"turns":3},{"damage":18,"enemies":"Snake Plant","floor":28,"turns":3},{"damage":14,"enemies":"Slavers","floor":31,"turns":2},{"damage":44,"enemies":"Automaton","floor":33,"turns":6},{"damage":0,"enemies":"3 Darklings","floor":35,"turns":1},{"damage":73,"enemies":"Mysterious Sphere","floor":36,"turns":2}],"seed_played":"3394114383673329361","potions_obtained":[{"floor":10,"key":"SneckoOil"},{"floor":12,"key":"Fire Potion"},{"floor":16,"key":"BloodPotion"},{"floor":20,"key":"Swift Potion"},{"floor":22,"key":"Regen Potion"},{"floor":28,"key":"Energy Potion"},{"floor":36,"key":"SkillPotion"}],"is_trial":false,"path_per_floor":["M","$","M","?","?","R","?","E","T","M","M","M","$","M","R","B",null,"M","T","M","M","M","R","M","R","T","R","M","$","?","E","R","B",null,"M","?"],"character_chosen":"IRONCLAD","items_purchased":["PrismaticShard"],"campfire_rested":1,"item_purchase_floors":[13],"current_hp_per_floor":[74,74,75,75,68,68,68,74,74,75,75,75,75,75,75,25,63,56,56,62,44,53,53,59,59,59,59,50,50,50,42,67,44,74,80,13,0],"gold":60,"neow_bonus":"THREE_ENEMY_KILL","is_prod":false,"is_daily":false,"chose_seed":false,"campfire_upgraded":5,"win_rate":0,"timestamp":1536443362,"path_taken":["M","$","M","?","?","R","?","E","T","M","M","?","?","M","R","BOSS","M","?","?","M","?","R","M","R","T","R","M","$","?","E","R","BOSS","M","?","M"],"build_version":"2018-09-06","purchased_purges":2,"victory":false,"max_hp_per_floor":[75,75,75,75,75,75,75,75,75,75,75,75,75,75,75,75,75,78,78,78,78,81,81,81,81,81,81,84,84,84,84,84,84,84,84,84,84],"card_choices":[{"not_picked":["Perfected Strike","Rage"],"picked":"Sever Soul","floor":1},{"not_picked":["Carnage","Wild Strike"],"picked":"Whirlwind","floor":3},{"not_picked":["Wild Strike","Evolve"],"picked":"Thunderclap","floor":8},{"not_picked":["Inflame","Clash"],"picked":"Flex","floor":10},{"not_picked":["Clothesline","Sword Boomerang"],"picked":"Feed","floor":11},{"not_picked":["Body Slam","True Grit","Clash"],"picked":"SKIP","floor":12},{"not_picked":["Deflect","Bouncing Flask","Shrug It Off"],"picked":"SKIP","floor":14},{"not_picked":["Wraith Form v2","Night Terror"],"picked":"Hyperbeam","floor":16},{"not_picked":["Clash","Compile Driver","Steam"],"picked":"SKIP","floor":18},{"not_picked":["Coolheaded","Compile Driver"],"picked":"FTL","floor":20},{"not_picked":["Cleave","Demon Form","Reflex+1"],"picked":"SKIP","floor":21},{"not_picked":["Madness","Aggregate","Consume"],"picked":"SKIP","floor":22},{"not_picked":["Slice","Reflex","Consume"],"picked":"SKIP","floor":24},{"not_picked":["Havoc","Clothesline"],"picked":"FTL","floor":28},{"not_picked":["Poisoned Stab","Aggregate"],"picked":"Double Tap","floor":31},{"not_picked":["Grand Finale","Reboot"],"picked":"Phantasmal Killer","floor":33},{"not_picked":["Combust+1","Self Repair+1","Good Instincts"],"picked":"SKIP","floor":35}],"player_experience":324404,"relics_obtained":[{"floor":8,"key":"Orichalcum"},{"floor":9,"key":"Oddly Smooth Stone"},{"floor":19,"key":"Bottled Lightning"},{"floor":26,"key":"Frozen Egg 2"},{"floor":31,"key":"Omamori"},{"floor":36,"key":"Shovel"}],"event_choices":[{"event_name":"Liars Game","player_choice":"agreed","floor":4,"damage_taken":0},{"event_name":"Golden Wing","player_choice":"Card Removal","floor":5,"damage_taken":0},{"event_name":"Dead Adventurer","player_choice":"Searched \u00272\u0027 times","floor":7,"damage_taken":0},{"event_name":"Bonfire Elementals","player_choice":"BASIC","floor":30,"damage_taken":0},{"event_name":"Mysterious Sphere","player_choice":"Fight","floor":36,"damage_taken":0}],"is_beta":false,"boss_relics":[{"not_picked":["White Beast Statue","Coffee Dripper"],"picked":"Ectoplasm"},{"not_picked":["Mark of Pain","Velvet Choker"],"picked":"Cursed Key"}],"items_purged_floors":[13,29],"is_endless":false,"potions_floor_spawned":[10,12,16,20,22,28,36],"killed_by":"3 Shapes","ascension_level":18}