{"path_per_floor":["M","?","?","?","M","E","R","M","T","R","T","M","$","E","R","B",null,"M","M","M","?","?","R","E"],"character_chosen":"IRONCLAD","items_purchased":["Matryoshka"],"gold_per_floor":[111,111,111,111,125,152,152,172,222,222,269,287,49,84,84,157,157,168,188,207,207,207,207,237],"floor_reached":25,"campfire_rested":1,"playtime":745,"current_hp_per_floor":[66,66,50,76,80,51,51,57,57,57,57,50,50,40,79,45,71,70,65,68,68,68,68,13],"items_purged":[],"gold":237,"score":378,"play_id":"d984769d-5012-45b4-a16d-6ad3c67fe4e0","local_time":"20180311231020","is_prod":false,"is_daily":false,"is_ascension_mode":true,"campfire_upgraded":3,"timestamp":1520809820,"path_taken":["M","?","?","?","M","E","R","?","T","R","?","M","$","E","R","BOSS","M","M","M","?","?","R","E","M"],"build_version":"2018-03-09","purchased_purges":0,"victory":false,"master_deck":["Strike_R","Strike_R+1","Strike_R","Strike_R","Strike_R+1","Defend_R","Defend_R","Defend_R","Bash+1","Cleave+1","Heavy Blade+1","Bloodletting","Bludgeon","Uppercut+1","Whirlwind+1"],"max_hp_per_floor":[80,80,80,80,80,80,80,80,80,80,80,80,80,80,80,80,80,80,80,80,77,77,77,77],"relics":["Burning Blood","Bag of Marbles","Gremlin Horn","Regal Pillow","Bag of Preparation","Matryoshka","Darkstone Periapt","Philosopher\u0027s Stone","Peace Pipe"],"card_choices":[{"not_picked":["Headbutt","Clothesline"],"picked":"Cleave"},{"not_picked":["Twin Strike","Power Through"],"picked":"Heavy Blade"},{"not_picked":["Disarm","Havoc"],"picked":"Bloodletting"},{"not_picked":["Brutality","Immolate"],"picked":"Bludgeon"},{"not_picked":["Clothesline","Pommel Strike"],"picked":"Uppercut"},{"not_picked":["Pommel Strike","Havoc"],"picked":"Whirlwind"}],"player_experience":238459,"potions_floor_usage":[16,16,19,25],"damage_taken":[{"damage":12,"enemies":"Jaw Worm","floor":1,"turns":3},{"damage":0,"enemies":"Small Slimes","floor":5,"turns":2},{"damage":35,"enemies":"Lagavulin","floor":6,"turns":5},{"damage":0,"enemies":"2 Louse","floor":8,"turns":2},{"damage":13,"enemies":"Blue Slaver","floor":12,"turns":3},{"damage":16,"enemies":"Gremlin Nob","floor":14,"turns":3},{"damage":40,"enemies":"Slime Boss","floor":16,"turns":8},{"damage":7,"enemies":"Chosen","floor":18,"turns":3},{"damage":11,"enemies":"2 Thieves","floor":19,"turns":3},{"damage":3,"enemies":"Centurion and Healer","floor":20,"turns":4},{"damage":61,"enemies":"Book of Stabbing","floor":24,"turns":4},{"damage":13,"enemies":"Snake Plant","floor":25,"turns":2}],"event_choices":[{"event_name":"Living Wall","player_choice":"Grow","floor":2,"damage_taken":0},{"event_name":"Shining Light","player_choice":"Entered Light","floor":3,"damage_taken":0},{"event_name":"Big Fish","player_choice":"Banana","floor":4,"damage_taken":0},{"event_name":"Fountain of Cleansing","player_choice":"Removed Curse","floor":21,"damage_taken":0},{"event_name":"Purifier","player_choice":"One Purge","floor":22,"damage_taken":0}],"boss_relics":[{"not_picked":["Snecko Eye","Mark of Pain"],"picked":"Philosopher\u0027s Stone"}],"potions_floor_spawned":[5,6,14,18],"seed_played":"-8726400937952198351","killed_by":"Snake Plant","ascension_level":13,"is_trial":false}