{"gold_per_floor":[13,88,99,99,24,24,54,54,54,70,88,138,138],"floor_reached":13,"playtime":284,"items_purged":["Regret"],"score":166,"play_id":"1e5174c6-555a-4d8a-aaa2-1e9a6d607c77","local_time":"20190429164746","is_ascension_mode":true,"campfire_choices":[{"data":"Demon Form","floor":6,"key":"SMITH"},{"data":"Heavy Blade","floor":8,"key":"SMITH"}],"neow_cost":"NO_GOLD","seed_source_timestamp":3178717157669378,"circlet_count":0,"master_deck":["AscendersBane","Strike_R","Strike_R","Strike_R","Strike_R","Strike_R","Defend_R","Defend_R","Defend_R","Defend_R","Bash","Demon Form+1","Heavy Blade+1","Reaper","Flame Barrier"],"relics":["Burning Blood","Orichalcum","Charon\u0027s Ashes","Peace Pipe"],"potions_floor_usage":[11,11,13],"damage_taken":[{"damage":7,"enemies":"Small Slimes","floor":1,"turns":4},{"damage":5,"enemies":"2 Louse","floor":3,"turns":4},{"damage":29,"enemies":"Lagavulin","floor":7,"turns":6},{"damage":2,"enemies":"Jaw Worm","floor":10,"turns":3},{"damage":38,"enemies":"Exordium Thugs","floor":11,"turns":4},{"damage":12,"enemies":"Large Slime","floor":13,"turns":1}],"seed_played":"-4872062035795917348","potions_obtained":[{"floor":1,"key":"Weak Potion"},{"floor":7,"key":"Regen Potion"},{"floor":11,"key":"Strength Potion"}],"is_trial":false,"path_per_floor":["M","?","M","?","$","R","E","R","T","M","M","?","M"],"character_chosen":"IRONCLAD","items_purchased":[],"campfire_rested":0,"item_purchase_floors":[],"current_hp_per_floor":[67,56,57,57,57,57,34,34,34,38,11,11,0],"gold":138,"neow_bonus":"THREE_RARE_CARDS","is_prod":false,"is_daily":false,"chose_seed":false,"campfire_upgraded":2,"win_rate":0,"timestamp":1556552866,"path_taken":["M","?","M","?","$","R","E","R","T","M","M","?","?"],"build_version":"2019-01-23","purchased_purges":1,"victory":false,"max_hp_per_floor":[75,75,75,75,75,75,75,75,75,75,75,75,75],"card_choices":[{"not_picked":["Bludgeon","Juggernaut"],"picked":"Demon Form","floor":0},{"not_picked":["Burning Pact","Fire Breathing","Pommel Strike"],"picked":"SKIP","floor":1},{"not_picked":["Body Slam","Feel No Pain"],"picked":"Heavy Blade","floor":3},{"not_picked":["Shockwave","Thunderclap"],"picked":"Reaper","floor":7},{"not_picked":["Wild Strike","Havoc"],"picked":"Flame Barrier","floor":10},{"not_picked":["Iron Wave","Heavy Blade","Corruption"],"picked":"SKIP","floor":11}],"player_experience":257630,"relics_obtained":[{"floor":7,"key":"Charon\u0027s Ashes"},{"floor":9,"key":"Peace Pipe"}],"event_choices":[{"damage_healed":0,"gold_gain":75,"player_choice":"Gather Gold","damage_taken":11,"max_hp_gain":0,"max_hp_loss":0,"event_name":"World of Goop","floor":2,"gold_loss":0},{"damage_healed":0,"gold_gain":0,"player_choice":"Box","damage_taken":0,"relics_obtained":["Orichalcum"],"max_hp_gain":0,"max_hp_loss":0,"event_name":"Big Fish","floor":4,"gold_loss":0,"cards_obtained":["Regret"]},{"damage_healed":0,"gold_gain":50,"player_choice":"Gained Gold","damage_taken":0,"max_hp_gain":0,"max_hp_loss":0,"event_name":"Golden Wing","floor":12,"gold_loss":0}],"is_beta":false,"boss_relics":[],"items_purged_floors":[5],"is_endless":false,"potions_floor_spawned":[1,7,11],"killed_by":"Large Slime","ascension_level":20}