{"path_per_floor":["M","?","M","?","?","R","M","R","T","E","$","M","E","M","R","B",null,"M","$","M","?","M","R","$","E","T","$","M","R","M","M","R"],"character_chosen":"THE_SILENT","items_purchased":["Strawberry","Noxious Fumes","Blood Vial"],"gold_per_floor":[110,110,127,127,202,202,213,213,262,293,70,87,122,135,135,237,237,257,33,50,30,42,42,42,74,74,74,88,88,101,113,113],"floor_reached":33,"campfire_rested":4,"playtime":1889,"current_hp_per_floor":[70,56,52,34,23,44,44,65,65,57,64,60,52,52,52,38,77,58,58,45,45,32,55,55,38,38,38,32,32,31,8,31],"items_purged":["Defend_G"],"gold":113,"score":332,"play_id":"cc91f14c-9dd2-468e-89c6-66965790aa99","is_prod":false,"is_daily":false,"is_ascension_mode":true,"campfire_upgraded":0,"path_taken":["M","?","M","?","?","R","?","R","T","E","$","M","E","M","R","BOSS","M","$","M","?","M","R","?","E","T","$","M","R","M","M","R","BOSS"],"build_version":"2018-02-15-PROD1","purchased_purges":1,"victory":false,"master_deck":["Defend_G","Defend_G","Defend_G","Defend_G+1","Strike_G","Strike_G","Strike_G","Strike_G","Strike_G","Survivor","Neutralize+1","Cloak And Dagger","Dagger Spray","After Image","Deadly Poison","Noxious Fumes","Dagger Spray","Dagger Spray","Burst","Blade Dance","Catalyst","Cloak And Dagger","Escape Plan","Escape Plan+1"],"max_hp_per_floor":[70,70,70,70,70,70,70,70,70,70,77,77,77,77,77,77,77,77,77,77,77,77,77,77,77,77,77,77,77,77,77,77],"relics":["Question Card","Lantern","Pen Nib","Vajra","Strawberry","Girya","Black Star","Blood Vial","Centennial Puzzle","Bottled Tornado","Peace Pipe"],"card_choices":[{"not_picked":["Underhanded Strike","Expertise","Reflex"],"picked":"Cloak And Dagger"},{"not_picked":["Flechettes","Flying Knee","Outmaneuver"],"picked":"Dagger Spray"},{"not_picked":["Bane","Sucker Punch","Expertise"],"picked":"After Image"},{"not_picked":["Dodge and Roll","Flying Knee","Finisher"],"picked":"Deadly Poison"},{"not_picked":["Deadly Poison","Prepared","Flying Knee"],"picked":"Dagger Spray"},{"not_picked":["Catalyst","Poisoned Stab","Deadly Poison"],"picked":"Dagger Spray"},{"not_picked":["After Image","Tactician","A Thousand Cuts"],"picked":"Burst"},{"not_picked":["Bane","Dagger Throw","Acrobatics"],"picked":"Blade Dance"},{"not_picked":["Slice","Quick Slash","Dagger Spray"],"picked":"Catalyst"},{"not_picked":["Blur","Deflect","Flying Knee"],"picked":"Cloak And Dagger"},{"not_picked":["PiercingWail","Outmaneuver","Dash"],"picked":"Escape Plan"},{"not_picked":["Caltrops","Sucker Punch","Bane"],"picked":"Escape Plan"}],"player_experience":115314,"potions_floor_usage":[13,16,20,22,28,31,33,33],"damage_taken":[{"damage":0,"enemies":"Small Slimes","floor":1,"turns":3},{"damage":4,"enemies":"Jaw Worm","floor":3,"turns":4},{"damage":0,"enemies":"2 Louse","floor":7,"turns":2},{"damage":8,"enemies":"3 Sentries","floor":10,"turns":9},{"damage":4,"enemies":"Large Slime","floor":12,"turns":7},{"damage":8,"enemies":"Lagavulin","floor":13,"turns":5},{"damage":0,"enemies":"Blue Slaver","floor":14,"turns":3},{"damage":14,"enemies":"The Guardian","floor":16,"turns":8},{"damage":19,"enemies":"Chosen","floor":18,"turns":6},{"damage":15,"enemies":"Spheric Guardian","floor":20,"turns":4},{"damage":15,"enemies":"Snake Plant","floor":22,"turns":4},{"damage":19,"enemies":"Gremlin Leader","floor":25,"turns":7},{"damage":8,"enemies":"Chosen and Byrds","floor":28,"turns":5},{"damage":3,"enemies":"Sentry and Sphere","floor":30,"turns":5},{"damage":25,"enemies":"Snake Plant","floor":31,"turns":4},{"damage":49,"enemies":"Champ","floor":33,"turns":10}],"event_choices":[{"event_name":"Shining Light","player_choice":"Entered Light","floor":2,"damage_taken":0},{"event_name":"Scrap Ooze","player_choice":"success","floor":4,"damage_taken":18},{"event_name":"World of Goop","player_choice":"Gather Gold","floor":5,"damage_taken":0},{"event_name":"The Woman in Blue","player_choice":"Bought 1 Potion","floor":21,"damage_taken":0}],"boss_relics":[{"not_picked":["Snecko Eye","Tiny House"],"picked":"Black Star"}],"potions_floor_spawned":[3,10,12,14,20,25,31],"seed_played":"6770439869703656557","killed_by":"Champ","ascension_level":4,"is_trial":false}