{"gold_per_floor":[212,287,298,128,128,128,163,163,163,194,205,220,40,40,40,141,141,151,170,185,284,284,284,284,311,335,347,126,126,139,149,149,149],"floor_reached":33,"playtime":2352,"items_purged":["Strike_B","Strike_B"],"score":390,"play_id":"8c5d0dea-522a-44d6-aa44-ae7612b41466","local_time":"20190225171704","is_ascension_mode":true,"campfire_choices":[{"floor":6,"key":"REST"},{"data":"Coolheaded","floor":15,"key":"SMITH"},{"data":"Barrage","floor":23,"key":"SMITH"},{"floor":29,"key":"REST"},{"floor":32,"key":"REST"}],"neow_cost":"NONE","seed_source_timestamp":1044838007023795,"circlet_count":0,"master_deck":["Strike_B+1","Strike_B","Defend_B","Defend_B","Defend_B","Defend_B","Zap","Dualcast","Ball Lightning+1","Conserve Battery","Cold Snap","Coolheaded+1","Conserve Battery","Barrage+1","Ball Lightning","Biased Cognition","Hologram","Auto Shields+1","J.A.X.","BootSequence","Beam Cell","Self Repair","Steam","Flash of Steel","Darkness"],"relics":["Cracked Core","Vajra","The Courier","Runic Capacitor","Nuclear Battery","Bag of Preparation","Lantern"],"potions_floor_usage":[12,25,30],"damage_taken":[{"damage":4,"enemies":"2 Louse","floor":1,"turns":2},{"damage":12,"enemies":"Jaw Worm","floor":3,"turns":2},{"damage":16,"enemies":"Lagavulin","floor":7,"turns":5},{"damage":6,"enemies":"3 Sentries","floor":10,"turns":7},{"damage":0,"enemies":"Cultist","floor":11,"turns":2},{"damage":0,"enemies":"Gremlin Gang","floor":12,"turns":4},{"damage":0,"enemies":"Slime Boss","floor":16,"turns":6},{"damage":17,"enemies":"3 Byrds","floor":18,"turns":3},{"damage":2,"enemies":"Shell Parasite","floor":19,"turns":3},{"damage":15,"enemies":"Sentry and Sphere","floor":20,"turns":4},{"damage":19,"enemies":"Gremlin Leader","floor":25,"turns":7},{"damage":9,"enemies":"Snecko","floor":27,"turns":5},{"damage":7,"enemies":"Snake Plant","floor":30,"turns":3},{"damage":11,"enemies":"Centurion and Healer","floor":31,"turns":4},{"damage":75,"enemies":"Collector","floor":33,"turns":13}],"seed_played":"-486527466375547990","potions_obtained":[{"floor":10,"key":"Block Potion"},{"floor":18,"key":"SkillPotion"},{"floor":27,"key":"Swift Potion"},{"floor":31,"key":"Ancient Potion"}],"is_trial":false,"path_per_floor":["M","?","M","$","?","R","E","?","T","E","M","M","$","?","R","B",null,"M","M","M","?","?","R","?","E","T","M","$","R","M","M","R","B"],"character_chosen":"DEFECT","items_purchased":["Conserve Battery","Cold Snap","Runic Capacitor","Ball Lightning","Self Repair","Steam","Flash of Steel"],"campfire_rested":3,"item_purchase_floors":[4,4,13,13,28,28,28],"current_hp_per_floor":[71,60,48,48,33,55,39,39,39,33,33,33,33,58,58,58,75,58,56,41,41,41,41,41,22,22,13,13,35,35,31,53,0],"gold":149,"neow_bonus":"HUNDRED_GOLD","is_prod":false,"is_daily":false,"chose_seed":false,"campfire_upgraded":2,"win_rate":0,"timestamp":1551136624,"path_taken":["M","?","M","$","?","R","E","?","T","E","?","?","$","?","R","BOSS","M","M","M","?","?","R","?","E","T","M","$","R","M","M","R","BOSS"],"build_version":"2019-01-23","purchased_purges":2,"victory":false,"max_hp_per_floor":[75,75,75,75,75,75,75,75,75,75,75,75,75,75,75,75,75,75,75,75,75,75,75,75,75,75,75,75,75,75,75,75,75],"card_choices":[{"not_picked":["Leap","Hello World"],"picked":"Ball Lightning","floor":1},{"not_picked":["Rebound","Force Field","Reinforced Body"],"picked":"SKIP","floor":3},{"not_picked":["Hologram","Hello World"],"picked":"Coolheaded","floor":7},{"not_picked":["Stack","Beam Cell"],"picked":"Conserve Battery","floor":10},{"not_picked":["Steam","Tempest","Beam Cell"],"picked":"SKIP","floor":11},{"not_picked":["Go for the Eyes","Consume"],"picked":"Barrage","floor":12},{"not_picked":["Creative AI","Core Surge"],"picked":"Biased Cognition","floor":16},{"not_picked":["Go for the Eyes","Heatsinks"],"picked":"Hologram","floor":18},{"not_picked":["Rebound","Conserve Battery","Recycle+1"],"picked":"SKIP","floor":19},{"not_picked":["Turbo","Scrape+1"],"picked":"Auto Shields+1","floor":20},{"not_picked":["Turbo+1","Rainbow"],"picked":"BootSequence","floor":25},{"not_picked":["Barrage","Steam Power"],"picked":"Beam Cell","floor":27},{"not_picked":["Conserve Battery","Steam"],"picked":"Darkness","floor":30},{"not_picked":["Conserve Battery+1","Fusion","Cold Snap+1"],"picked":"SKIP","floor":31}],"player_experience":475966,"relics_obtained":[{"floor":7,"key":"Vajra"},{"floor":10,"key":"The Courier"},{"floor":25,"key":"Bag of Preparation"},{"floor":26,"key":"Lantern"}],"event_choices":[{"damage_healed":0,"gold_gain":75,"player_choice":"Gather Gold","damage_taken":11,"max_hp_gain":0,"max_hp_loss":0,"event_name":"World of Goop","floor":2,"gold_loss":0},{"damage_healed":0,"gold_gain":0,"player_choice":"Entered Light","damage_taken":15,"max_hp_gain":0,"max_hp_loss":0,"event_name":"Shining Light","floor":5,"gold_loss":0,"cards_upgraded":["Strike_B","Ball Lightning"]},{"damage_healed":0,"gold_gain":0,"player_choice":"Leave","damage_taken":0,"max_hp_gain":0,"max_hp_loss":0,"event_name":"FaceTrader","floor":8,"gold_loss":0},{"damage_healed":25,"gold_gain":0,"player_choice":"Banana","damage_taken":0,"max_hp_gain":0,"max_hp_loss":0,"event_name":"Big Fish","floor":14,"gold_loss":0},{"damage_healed":0,"gold_gain":99,"player_choice":"Stole From Cult","damage_taken":0,"max_hp_gain":0,"max_hp_loss":0,"event_name":"Nest","floor":21,"gold_loss":0},{"damage_healed":0,"gold_gain":0,"player_choice":"Ignored","damage_taken":0,"max_hp_gain":0,"max_hp_loss":0,"event_name":"Vampires","floor":22,"gold_loss":0},{"damage_healed":0,"gold_gain":0,"player_choice":"Obtain J.A.X.","damage_taken":0,"max_hp_gain":0,"max_hp_loss":0,"event_name":"Drug Dealer","floor":24,"gold_loss":0,"cards_obtained":["J.A.X."]}],"is_beta":false,"boss_relics":[{"not_picked":["White Beast Statue","Astrolabe"],"picked":"Nuclear Battery"}],"items_purged_floors":[4,28],"is_endless":false,"potions_floor_spawned":[7,10,18,27,31],"killed_by":"Collector","ascension_level":4}