{"path_per_floor":["M","?","M","M","M","E","R","E","T","R","$","M","M","M","R","B",null,"M","M","?","?","M","R","E","R","T","T","$","R","M","T","R","B",null,"M","M","T","$","?","R","E","?","T","$","M","M","R","E","R","B"],"character_chosen":"THE_SILENT","items_purchased":["Panache","Ancient Tea Set","Apotheosis"],"gold_per_floor":[110,210,220,230,244,276,276,308,308,308,258,270,280,300,300,398,398,378,389,479,479,497,497,529,529,529,586,192,192,209,209,209,310,310,324,338,364,101,0,0,29,29,29,29,49,66,66,101,101,101],"floor_reached":51,"campfire_rested":3,"playtime":3054,"item_purchase_floors":[28,28,38],"current_hp_per_floor":[70,70,70,70,66,50,50,42,42,42,42,42,42,42,42,4,70,67,63,21,21,21,42,39,39,39,39,39,70,70,77,77,31,77,65,65,65,65,65,65,65,55,55,55,48,48,48,48,77,44],"items_purged":["Strike_G","Strike_G","Defend_G"],"gold":101,"score":835,"play_id":"997f6a67-8946-41e6-a967-64cfc7bd4726","local_time":"20180530142903","is_prod":false,"is_daily":false,"chose_seed":false,"is_ascension_mode":false,"campfire_upgraded":0,"win_rate":0,"timestamp":1527686943,"campfire_choices":[{"floor":7,"key":"DIG"},{"floor":10,"key":"DIG"},{"floor":15,"key":"DIG"},{"floor":23,"key":"REST"},{"floor":25,"key":"DIG"},{"floor":29,"key":"REST"},{"floor":32,"key":"DIG"},{"floor":40,"key":"DIG"},{"floor":47,"key":"DIG"},{"floor":49,"key":"REST"}],"path_taken":["M","?","M","?","?","E","R","E","T","R","$","M","M","M","R","BOSS","M","M","?","?","?","R","E","R","T","?","$","R","M","?","R","BOSS","M","M","?","$","?","R","E","?","T","?","M","?","R","E","R","BOSS"],"build_version":"2018-05-24","seed_source_timestamp":616750542775212,"purchased_purges":3,"victory":true,"master_deck":["Defend_G","Defend_G","Defend_G","Defend_G","Strike_G","Strike_G","Strike_G","Survivor","Neutralize","Dagger Spray","Blade Dance","Distraction","Cloak And Dagger","Backflip","A Thousand Cuts","Cloak And Dagger","Acrobatics","Madness","Mind Blast","Dark Shackles","Madness","Blade Dance","Slice+1","Prepared+1","Panache","Expertise","Adrenaline","Well Laid Plans","Storm of Steel","Parasite","Apotheosis","Slice+1","Sadistic Nature","Deep Breath","Master of Strategy","Regret","Deflect+1","Backflip","Outmaneuver"],"max_hp_per_floor":[70,70,70,70,70,70,70,70,70,70,70,70,70,70,70,70,70,70,70,70,70,70,70,70,70,70,70,70,70,70,77,77,77,77,77,77,77,77,77,77,77,77,77,77,77,77,77,77,77,77],"relics":["Ring of the Snake","NeowsBlessing","Shovel","Thread and Needle","Smiling Mask","Letter Opener","Potion Belt","Bag of Marbles","Black Star","Tingsha","Du-Vu Doll","Regal Pillow","Bottled Tornado","Tiny Chest","Ancient Tea Set","Strawberry","Bag of Preparation","Cursed Key","Happy Flower","Red Mask","Gremlin Horn","Ornamental Fan","Centennial Puzzle","Question Card","Girya","Pantograph","Molten Egg 2"],"card_choices":[{"not_picked":["Noxious Fumes","Poisoned Stab","PiercingWail"],"picked":"SKIP","floor":1},{"not_picked":["Prepared","Calculated Gamble","Deadly Poison"],"picked":"SKIP","floor":3},{"not_picked":["Riddle With Holes","Prepared"],"picked":"Dagger Spray","floor":4},{"not_picked":["Prepared","Setup"],"picked":"Blade Dance","floor":5},{"not_picked":["Tactician","Sucker Punch"],"picked":"Distraction","floor":6},{"not_picked":["Backflip","Bouncing Flask","Dagger Spray"],"picked":"SKIP","floor":8},{"not_picked":["Sucker Punch","Dagger Throw"],"picked":"Cloak And Dagger","floor":12},{"not_picked":["Dagger Throw","Quick Slash"],"picked":"Backflip","floor":13},{"not_picked":["Deadly Poison","PiercingWail","Outmaneuver"],"picked":"SKIP","floor":14},{"not_picked":["Grand Finale","Glass Knife"],"picked":"A Thousand Cuts","floor":16},{"not_picked":["Deadly Poison","Setup+1"],"picked":"Cloak And Dagger","floor":18},{"not_picked":["Dash","Outmaneuver"],"picked":"Acrobatics","floor":19},{"not_picked":["Backflip","Bane"],"picked":"Slice+1","floor":22},{"not_picked":["Bouncing Flask+1","Poisoned Stab"],"picked":"Prepared+1","floor":24},{"not_picked":["Poisoned Stab","Bane"],"picked":"Expertise","floor":30},{"not_picked":["Unload","Phantasmal Killer"],"picked":"Adrenaline","floor":33},{"not_picked":["Dodge and Roll+1","Outmaneuver+1"],"picked":"Well Laid Plans","floor":35},{"not_picked":["Dagger Spray","Outmaneuver"],"picked":"Storm of Steel","floor":36},{"not_picked":["Eviscerate+1","Dagger Spray"],"picked":"Slice+1","floor":41},{"not_picked":["Trip","Panacea"],"picked":"Sadistic Nature","floor":42},{"not_picked":["Transmutation","Purity"],"picked":"Deep Breath","floor":42},{"not_picked":["Jack Of All Trades","Enlightenment"],"picked":"Master of Strategy","floor":42},{"not_picked":["Skewer","Backstab+1","Quick Slash"],"picked":"Deflect+1","floor":45},{"not_picked":["Flechettes","Dagger Throw","Masterful Stab"],"picked":"Backflip","floor":46},{"not_picked":["Bouncing Flask","Quick Slash+1","Night Terror"],"picked":"Outmaneuver","floor":48}],"player_experience":247358,"potions_floor_usage":[8,16,18,24,50,50],"damage_taken":[{"damage":0,"enemies":"Cultist","floor":1,"turns":1},{"damage":0,"enemies":"Jaw Worm","floor":3,"turns":1},{"damage":0,"enemies":"Small Slimes","floor":4,"turns":1},{"damage":4,"enemies":"Red Slaver","floor":5,"turns":4},{"damage":16,"enemies":"3 Sentries","floor":6,"turns":10},{"damage":8,"enemies":"Gremlin Nob","floor":8,"turns":4},{"damage":0,"enemies":"Blue Slaver","floor":12,"turns":4},{"damage":0,"enemies":"3 Louse","floor":13,"turns":2},{"damage":0,"enemies":"Lots of Slimes","floor":14,"turns":2},{"damage":38,"enemies":"Slime Boss","floor":16,"turns":13},{"damage":3,"enemies":"2 Thieves","floor":18,"turns":4},{"damage":4,"enemies":"3 Byrds","floor":19,"turns":6},{"damage":0,"enemies":"Snecko","floor":22,"turns":6},{"damage":3,"enemies":"Gremlin Leader","floor":24,"turns":7},{"damage":0,"enemies":"Chosen and Byrds","floor":30,"turns":2},{"damage":46,"enemies":"Collector","floor":33,"turns":8},{"damage":12,"enemies":"3 Shapes","floor":35,"turns":3},{"damage":0,"enemies":"Orb Walker","floor":36,"turns":3},{"damage":0,"enemies":"Giant Head","floor":41,"turns":6},{"damage":7,"enemies":"4 Shapes","floor":45,"turns":1},{"damage":0,"enemies":"3 Darklings","floor":46,"turns":2},{"damage":0,"enemies":"Nemesis","floor":48,"turns":3},{"damage":33,"enemies":"Awakened One","floor":50,"turns":7}],"relics_obtained":[{"floor":6,"key":"Shovel"},{"floor":7,"key":"Thread and Needle"},{"floor":8,"key":"Smiling Mask"},{"floor":9,"key":"Letter Opener"},{"floor":10,"key":"Potion Belt"},{"floor":15,"key":"Bag of Marbles"},{"floor":24,"key":"Tingsha"},{"floor":24,"key":"Du-Vu Doll"},{"floor":25,"key":"Regal Pillow"},{"floor":26,"key":"Bottled Tornado"},{"floor":27,"key":"Tiny Chest"},{"floor":31,"key":"Strawberry"},{"floor":32,"key":"Bag of Preparation"},{"floor":37,"key":"Happy Flower"},{"floor":40,"key":"Gremlin Horn"},{"floor":41,"key":"Ornamental Fan"},{"floor":41,"key":"Centennial Puzzle"},{"floor":43,"key":"Question Card"},{"floor":47,"key":"Girya"},{"floor":48,"key":"Pantograph"},{"floor":48,"key":"Molten Egg 2"}],"event_choices":[{"event_name":"Golden Shrine","player_choice":"Pray","floor":2,"damage_taken":0},{"event_name":"Knowing Skull","player_choice":"GOLD CARD CARD CARD CARD ","floor":20,"damage_taken":0},{"event_name":"Duplicator","player_choice":"One dupe","floor":21,"damage_taken":0},{"event_name":"Tomb of Lord Red Mask","player_choice":"Paid","floor":39,"damage_taken":0},{"event_name":"SensoryStone","player_choice":"Memory 3","floor":42,"damage_taken":0}],"boss_relics":[{"not_picked":["Lizard Tail","Ectoplasm"],"picked":"Black Star"},{"not_picked":["Sozu","Calling Bell"],"picked":"Cursed Key"}],"items_purged_floors":[11,28,38],"potions_floor_spawned":[1,6,8,12,14,16,19,41,46,48],"seed_played":"-5540502761255055322","ascension_level":0,"potions_obtained":[{"floor":1,"key":"GamblersBrew"},{"floor":6,"key":"Fire Potion"},{"floor":8,"key":"Block Potion"},{"floor":12,"key":"Strength Potion"},{"floor":14,"key":"GamblersBrew"},{"floor":16,"key":"Weak Potion"},{"floor":19,"key":"Block Potion"},{"floor":41,"key":"GamblersBrew"},{"floor":46,"key":"FearPotion"},{"floor":48,"key":"Poison Potion"}],"is_trial":false}