{"gold_per_floor":[114,114,131,146,163,163,143,178,224,244,260,278,41,53,53,131,131,148,148,63,63,74,74,103,103,103,103,118,118,129,142,142,142],"floor_reached":33,"playtime":1480,"items_purged":["Strike_G"],"score":573,"play_id":"9f522be1-5c4a-4914-93f3-381de0bfe096","local_time":"20190202193018","is_ascension_mode":true,"campfire_choices":[{"data":"Dash","floor":6,"key":"SMITH"},{"data":"Infinite Blades","floor":15,"key":"SMITH"},{"floor":23,"key":"REST"},{"data":"Footwork","floor":25,"key":"SMITH"},{"data":"Dodge and Roll","floor":27,"key":"SMITH"},{"floor":29,"key":"REST"},{"floor":32,"key":"REST"}],"neow_cost":"NONE","seed_source_timestamp":176675767116188,"circlet_count":0,"master_deck":["AscendersBane","Defend_G","Defend_G","Defend_G","Defend_G","Strike_G","Strike_G","Strike_G","Strike_G","Survivor","Neutralize","Dodge and Roll+1","Infinite Blades+1","Dash+1","Masterful Stab","Footwork+1","Footwork+1","PiercingWail","Dodge and Roll","Corpse Explosion","Backflip+1","Dodge and Roll","Dodge and Roll","Backflip","Backstab","Dodge and Roll"],"relics":["Ring of the Snake","Oddly Smooth Stone","Bottled Lightning","Potion Belt","Regal Pillow","WristBlade","Ancient Tea Set","Dream Catcher","Ornamental Fan"],"potions_floor_usage":[8,16,24,24,31,33],"damage_taken":[{"damage":2,"enemies":"2 Louse","floor":1,"turns":3},{"damage":0,"enemies":"Cultist","floor":3,"turns":4},{"damage":9,"enemies":"Jaw Worm","floor":4,"turns":6},{"damage":0,"enemies":"Blue Slaver","floor":5,"turns":6},{"damage":5,"enemies":"3 Sentries","floor":8,"turns":8},{"damage":0,"enemies":"Looter","floor":10,"turns":3},{"damage":7,"enemies":"Lots of Slimes","floor":11,"turns":8},{"damage":8,"enemies":"Blue Slaver","floor":12,"turns":3},{"damage":0,"enemies":"Red Slaver","floor":14,"turns":5},{"damage":16,"enemies":"Hexaghost","floor":16,"turns":19},{"damage":12,"enemies":"Chosen","floor":18,"turns":6},{"damage":23,"enemies":"Spheric Guardian","floor":22,"turns":8},{"damage":10,"enemies":"Book of Stabbing","floor":24,"turns":6},{"damage":36,"enemies":"Cultist and Chosen","floor":28,"turns":7},{"damage":0,"enemies":"Centurion and Healer","floor":30,"turns":6},{"damage":10,"enemies":"Chosen and Byrds","floor":31,"turns":8},{"damage":68,"enemies":"Champ","floor":33,"turns":17}],"seed_played":"6601402467385211488","potions_obtained":[{"floor":3,"key":"Strength Potion"},{"floor":7,"key":"Ancient Potion"},{"floor":8,"key":"GhostInAJar"},{"floor":11,"key":"Ancient Potion"},{"floor":16,"key":"AttackPotion"},{"floor":18,"key":"LiquidBronze"},{"floor":30,"key":"Energy Potion"},{"floor":31,"key":"Poison Potion"}],"is_trial":false,"path_per_floor":["M","?","M","M","M","R","?","E","T","M","M","M","$","M","R","B",null,"M","?","?","?","M","R","E","R","T","R","M","R","M","M","R","B"],"character_chosen":"THE_SILENT","items_purchased":["Regal Pillow"],"campfire_rested":3,"item_purchase_floors":[13],"current_hp_per_floor":[57,57,57,48,48,48,48,43,43,43,36,28,28,28,28,12,53,41,41,41,41,18,52,42,42,42,42,6,40,40,30,64,0],"gold":142,"neow_bonus":"RANDOM_COMMON_RELIC","is_prod":false,"is_daily":false,"chose_seed":false,"campfire_upgraded":4,"win_rate":0,"timestamp":1549135818,"path_taken":["M","?","M","?","M","R","?","E","T","M","M","M","?","M","R","BOSS","M","?","?","?","M","R","E","R","T","R","M","R","?","M","R","BOSS"],"build_version":"2019-01-23","purchased_purges":1,"victory":false,"max_hp_per_floor":[66,66,66,66,66,66,66,66,66,66,66,66,66,66,66,66,66,66,66,66,66,66,66,66,66,66,66,66,66,66,66,66,66],"card_choices":[{"not_picked":["Blur","Blade Dance"],"picked":"Dodge and Roll","floor":1},{"not_picked":["Acrobatics","Bane"],"picked":"Infinite Blades","floor":3},{"not_picked":["Poisoned Stab","Bouncing Flask","Flechettes"],"picked":"SKIP","floor":4},{"not_picked":["Dagger Throw","Sucker Punch"],"picked":"Dash","floor":5},{"not_picked":["Bane","Deflect"],"picked":"Masterful Stab","floor":8},{"not_picked":["Well Laid Plans","Predator"],"picked":"Footwork","floor":10},{"not_picked":["Deflect","Sucker Punch"],"picked":"Footwork","floor":11},{"not_picked":["Underhanded Strike","Venomology"],"picked":"PiercingWail","floor":12},{"not_picked":["Outmaneuver","Sucker Punch"],"picked":"Dodge and Roll","floor":14},{"not_picked":["Burst","Phantasmal Killer"],"picked":"Corpse Explosion","floor":16},{"not_picked":["Outmaneuver","Underhanded Strike","Reflex"],"picked":"SKIP","floor":18},{"not_picked":["Deflect","Poisoned Stab"],"picked":"Backflip+1","floor":22},{"not_picked":["Underhanded Strike","Skewer"],"picked":"Dodge and Roll","floor":24},{"not_picked":["Slice","Flechettes"],"picked":"Dodge and Roll","floor":28},{"not_picked":["Underhanded Strike","Outmaneuver"],"picked":"Backflip","floor":29},{"not_picked":["Dagger Spray","Acrobatics"],"picked":"Backstab","floor":30},{"not_picked":["Eviscerate","Deflect"],"picked":"Dodge and Roll","floor":31}],"player_experience":534702,"relics_obtained":[{"floor":8,"key":"Bottled Lightning"},{"floor":9,"key":"Potion Belt"},{"floor":24,"key":"Dream Catcher"},{"floor":26,"key":"Ornamental Fan"}],"event_choices":[{"cards_removed":["Defend_G"],"damage_healed":0,"gold_gain":0,"player_choice":"Card Removal","damage_taken":0,"max_hp_gain":0,"max_hp_loss":0,"event_name":"Wheel of Change","floor":2,"gold_loss":0},{"damage_healed":0,"gold_gain":0,"player_choice":"Bought 1 Potion","damage_taken":0,"max_hp_gain":0,"max_hp_loss":0,"event_name":"The Woman in Blue","floor":7,"gold_loss":0},{"damage_healed":0,"gold_gain":0,"player_choice":"Ignored","damage_taken":0,"max_hp_gain":0,"max_hp_loss":0,"event_name":"Cursed Tome","floor":19,"gold_loss":0},{"damage_healed":0,"gold_gain":0,"player_choice":"Obtained Relic","damage_taken":0,"relics_obtained":["Ancient Tea Set"],"max_hp_gain":0,"max_hp_loss":0,"event_name":"Addict","floor":20,"gold_loss":85},{"damage_healed":0,"gold_gain":0,"player_choice":"Upgraded","damage_taken":0,"max_hp_gain":0,"max_hp_loss":0,"event_name":"Upgrade Shrine","floor":21,"gold_loss":0,"cards_upgraded":["Footwork"]}],"is_beta":false,"boss_relics":[{"not_picked":["Sozu","Black Star"],"picked":"WristBlade"}],"items_purged_floors":[13],"is_endless":false,"potions_floor_spawned":[3,8,11,16,18,30,31],"killed_by":"Champ","ascension_level":17}