{"path_per_floor":["M","$","?","M","M","E","M","R","T","M","?","?","M","?","R","B",null,"M","$","?","M","?"],"character_chosen":"IRONCLAD","items_purchased":["Rampage","Shrug It Off","Inflame","Feed","Omamori"],"gold_per_floor":[114,31,106,123,138,164,180,180,180,193,193,368,380,380,380,501,501,514,58,58,74,74],"floor_reached":23,"campfire_rested":2,"playtime":1305,"current_hp_per_floor":[80,80,69,67,61,27,13,37,37,25,25,25,26,26,48,13,76,46,46,46,36,36],"items_purged":["Doubt"],"gold":74,"play_id":"dccd56ec-99dd-4f05-82da-e76d8425e875","is_prod":false,"is_daily":false,"campfire_rituals":0,"campfire_upgraded":0,"is_hardmode":false,"path_taken":["M","$","?","M","?","E","M","R","T","M","?","?","M","?","R","BOSS","M","$","?","M","?","E"],"build_version":"2017-12-21-PROD1","purchased_purges":1,"victory":false,"master_deck":["Defend_R","Defend_R","Defend_R","Defend_R","Bash","Cleave","Rampage","Shrug It Off","Disarm","Infernal Blade","Demon Form","Rage","Cleave","Spot Weakness","Twin Strike","Double Tap","Inflame","Feed","Bite_R","Bite_R","Bite_R","Bite_R","Bite_R","Headbutt","Metallicize"],"max_hp_per_floor":[80,80,80,80,80,80,80,80,80,80,80,80,80,76,76,76,76,76,76,53,53,53],"relics":["Burning Blood","Mummified Hand","Dream Catcher","Golden Idol","Sozu","Omamori"],"campfire_meditates":0,"card_choices":[{"not_picked":["Battle Trance","Thunderclap"],"picked":"Cleave"},{"not_picked":["Heavy Blade","Burning Pact"],"picked":"Disarm"},{"not_picked":["Sword Boomerang","Body Slam"],"picked":"Infernal Blade"},{"not_picked":["Perfected Strike","Combust"],"picked":"Demon Form"},{"not_picked":["Wild Strike","Iron Wave"],"picked":"Rage"},{"not_picked":["Thunderclap","Body Slam"],"picked":"Cleave"},{"not_picked":["Shrug It Off","Pummel"],"picked":"Spot Weakness"},{"not_picked":["Warcry","Impervious"],"picked":"Twin Strike"},{"not_picked":["Fiend Fire","Brutality"],"picked":"Double Tap"},{"not_picked":["Rampage","Havoc"],"picked":"Perfected Strike"},{"not_picked":["Disarm","Rage"],"picked":"Headbutt"}],"player_experience":54062,"potions_floor_usage":[6,10],"damage_taken":[{"damage":1,"enemies":"Cultist","floor":1,"turns":3},{"damage":8,"enemies":"Blue Slaver","floor":4,"turns":4},{"damage":12,"enemies":"Looter","floor":5,"turns":3},{"damage":40,"enemies":"Lagavulin","floor":6,"turns":7},{"damage":20,"enemies":"Large Slime","floor":7,"turns":6},{"damage":18,"enemies":"Exordium Wildlife","floor":10,"turns":5},{"damage":5,"enemies":"2 Fungi Beasts","floor":13,"turns":5},{"damage":41,"enemies":"Slime Boss","floor":16,"turns":9},{"damage":36,"enemies":"Shell Parasite","floor":18,"turns":7},{"damage":24,"enemies":"Chosen","floor":21,"turns":4},{"damage":50,"enemies":"Gremlin Leader","floor":23,"turns":5}],"event_choices":[{"event_name":"World of Goop","player_choice":"Gather Gold","floor":3,"damage_taken":0},{"event_name":"Golden Wing","player_choice":"Ignored","floor":11,"damage_taken":0},{"event_name":"Liars Game","player_choice":"agreed","floor":12,"damage_taken":0},{"event_name":"Golden Idol","player_choice":"Lose Max HP","floor":14,"damage_taken":0},{"event_name":"Vampires","player_choice":"Became a vampire","floor":20,"damage_taken":0},{"event_name":"Transmorgrifier","player_choice":"Transform","floor":22,"damage_taken":0}],"boss_relics":[{"not_picked":["Black Blood","White Beast Statue"],"picked":"Sozu"}],"potions_floor_spawned":[1,7,10],"seed_played":"3371040082712708725","killed_by":"Gremlin Leader","is_trial":false}