{"path_per_floor":["M","M","M","?","M","R","E","R","T","R","M","?","M","?","R","B",null,"M","$","M","M","M","E","R","E","T","R","M","R","M","M","R","B",null,"M","M","M","M","$","R","M"],"character_chosen":"IRONCLAD","items_purchased":["Mummified Hand","Inflame","Shrug It Off","Good Instincts","Kunai"],"gold_per_floor":[119,133,144,144,158,158,184,184,208,208,222,222,246,296,296,417,417,433,6,27,45,58,98,98,133,133,133,156,156,172,190,190,315,315,331,355,371,386,55,55,74],"floor_reached":42,"campfire_rested":4,"playtime":6725,"current_hp_per_floor":[80,75,80,80,76,76,48,48,48,48,47,47,53,53,53,27,80,80,80,71,39,35,26,53,18,18,45,33,60,55,59,59,8,90,40,49,10,10,10,37,15],"items_purged":["Injury"],"gold":74,"score":421,"play_id":"2aa5327c-9c97-4e4d-87e9-c991ae7cb0f6","is_prod":false,"is_daily":false,"is_ascension_mode":false,"campfire_upgraded":5,"path_taken":["M","M","?","?","M","R","E","R","T","R","M","?","M","?","R","BOSS","M","$","M","M","M","E","R","E","T","R","M","R","?","?","R","BOSS","M","M","M","M","$","R","M","E"],"build_version":"2018-02-15-PROD1","purchased_purges":1,"victory":false,"master_deck":["Strike_R","Strike_R+1","Strike_R","Strike_R","Strike_R","Defend_R","Defend_R","Defend_R","Defend_R","Bash+1","Bludgeon+1","Burning Pact","Warcry+1","Anger+1","Anger","Brutality+1","Barricade","Body Slam+1","Inflame","Shrug It Off","Good Instincts","True Grit","Battle Trance","Demon Form","Limit Break+1","Iron Wave+1","Fire Breathing","Dual Wield","Limit Break","Iron Wave+1","Blood for Blood+1","Shrug It Off","Body Slam"],"max_hp_per_floor":[80,80,80,80,80,80,80,80,80,80,80,80,80,80,80,80,80,80,80,80,80,80,90,90,90,90,90,90,90,90,90,90,90,90,90,90,90,90,90,90,90],"relics":["Burning Blood","Orichalcum","Vajra","Golden Idol","White Beast Statue","Mummified Hand","Pear","Whetstone","Torii","Black Star","Kunai"],"card_choices":[{"not_picked":["Clash","Rampage"],"picked":"Burning Pact"},{"not_picked":["Rage","True Grit"],"picked":"Warcry"},{"not_picked":["Uppercut","Thunderclap"],"picked":"Anger"},{"not_picked":["Pummel","True Grit"],"picked":"Anger"},{"not_picked":["Body Slam","Iron Wave"],"picked":"Brutality"},{"not_picked":["Berserk","Offering"],"picked":"Barricade"},{"not_picked":["Cleave","Iron Wave"],"picked":"Body Slam"},{"not_picked":["Headbutt","Armaments"],"picked":"True Grit"},{"not_picked":["Warcry","Heavy Blade"],"picked":"Battle Trance"},{"not_picked":["Warcry","Sword Boomerang"],"picked":"Demon Form"},{"not_picked":["True Grit","Pommel Strike"],"picked":"Limit Break"},{"not_picked":["Bludgeon","Twin Strike"],"picked":"Iron Wave"},{"not_picked":["Clothesline","Headbutt"],"picked":"Fire Breathing"},{"not_picked":["Clash","Headbutt"],"picked":"Dual Wield"},{"not_picked":["Bludgeon","Offering"],"picked":"Limit Break"},{"not_picked":["Seeing Red","Pummel"],"picked":"Iron Wave"},{"not_picked":["Clash","Body Slam"],"picked":"Blood for Blood"},{"not_picked":["Headbutt","Clothesline"],"picked":"Shrug It Off"},{"not_picked":["Fire Breathing","Blood for Blood"],"picked":"Body Slam"}],"player_experience":37361,"potions_floor_usage":[36,37,37,41,42,42],"damage_taken":[{"damage":6.0,"enemies":"Cultist","floor":1.0,"turns":3.0},{"damage":11.0,"enemies":"Jaw Worm","floor":2.0,"turns":2.0},{"damage":0.0,"enemies":"Small Slimes","floor":3.0,"turns":3.0},{"damage":10.0,"enemies":"Looter","floor":5.0,"turns":2.0},{"damage":34.0,"enemies":"Lagavulin","floor":7.0,"turns":6.0},{"damage":7.0,"enemies":"2 Fungi Beasts","floor":11.0,"turns":3.0},{"damage":0.0,"enemies":"Large Slime","floor":13.0,"turns":3.0},{"damage":47.0,"enemies":"Hexaghost","floor":16.0,"turns":9.0},{"damage":3.0,"enemies":"Chosen","floor":18.0,"turns":4.0},{"damage":15.0,"enemies":"Shell Parasite","floor":20.0,"turns":5.0},{"damage":38.0,"enemies":"Chosen and Byrds","floor":21.0,"turns":9.0},{"damage":10.0,"enemies":"Centurion and Healer","floor":22.0,"turns":5.0},{"damage":25.0,"enemies":"Book of Stabbing","floor":23.0,"turns":4.0},{"damage":41.0,"enemies":"Gremlin Leader","floor":25.0,"turns":6.0},{"damage":18.0,"enemies":"Snake Plant","floor":28.0,"turns":3.0},{"damage":11.0,"enemies":"Chosen and Byrds","floor":30.0,"turns":6.0},{"damage":2.0,"enemies":"Snecko","floor":31.0,"turns":3.0},{"damage":57.0,"enemies":"Champ","floor":33.0,"turns":7.0},{"damage":56,"enemies":"3 Darklings","floor":35,"turns":7},{"damage":12,"enemies":"3 Shapes","floor":36,"turns":7},{"damage":45,"enemies":"3 Darklings","floor":37,"turns":5},{"damage":6,"enemies":"4 Shapes","floor":38,"turns":15},{"damage":28,"enemies":"Maw","floor":41,"turns":11},{"damage":15,"enemies":"Giant Head","floor":42,"turns":5}],"event_choices":[{"event_name":"The Woman in Blue","player_choice":"Bought 0 Potions","floor":4.0,"damage_taken":0.0},{"event_name":"Golden Idol","player_choice":"Take Wound","floor":12.0,"damage_taken":0.0},{"event_name":"Golden Wing","player_choice":"Gained Gold","floor":14.0,"damage_taken":0.0}],"boss_relics":[{"not_picked":["Calling Bell","Velvet Choker"],"picked":"Black Star"}],"potions_floor_spawned":[1,5,11,13,18,20,21,22,23,25,28,30,31,33,35,36,37,38,41],"seed_played":"-3792433581911061885","killed_by":"Giant Head","ascension_level":0,"is_trial":false}