{"path_per_floor":["M","?","?","$","?","R","T","R","T","M","M","E","R","E","R","B",null,"M","$","?","?","M","E","M","T","T","?","E","T","E","M","R","B",null,"M","?","$","?","?","R","E","M","T"],"character_chosen":"IRONCLAD","items_purchased":["Inflame","Pear","Inflame","Pommel Strike","Mango"],"gold_per_floor":[112,112,112,37,2,2,302,302,384,398,417,442,442,477,477,581,581,592,256,226,226,242,277,293,293,318,243,275,299,324,339,339,444,444,462,462,39,90,90,90,120,140,166],"floor_reached":44,"campfire_rested":2,"playtime":2705,"current_hp_per_floor":[80,73,57,57,77,80,80,80,80,80,80,53,53,38,38,29,80,64,74,74,74,72,52,38,38,38,38,23,23,12,9,36,12,90,90,90,104,98,104,104,32,21,21],"items_purged":["Bash"],"gold":166,"play_id":"e8fffe4a-ac48-4647-8beb-f99f183cc17b","is_prod":false,"is_daily":false,"campfire_rituals":0,"campfire_upgraded":4,"is_hardmode":false,"path_taken":["M","?","?","$","?","R","?","R","T","M","?","E","R","E","R","BOSS","M","$","?","?","M","E","M","?","T","?","E","?","E","M","R","BOSS","M","?","$","?","?","R","E","M","T","E"],"build_version":"2018-01-04-PROD1","purchased_purges":1,"victory":false,"master_deck":["Strike_R","Strike_R","Strike_R","Defend_R","Defend_R","Defend_R","Iron Wave","Heavy Blade","Whirlwind","Disarm","Clash","Limit Break","Heavy Blade","Inflame","Double Tap","Spot Weakness","Dual Wield","Sever Soul","Spot Weakness","Inflame","Pommel Strike","Cleave","Shrug It Off"],"max_hp_per_floor":[80,80,80,80,80,80,80,80,80,80,80,80,80,80,80,80,80,80,90,90,90,90,90,90,90,90,90,90,90,90,90,90,90,90,90,90,104,104,104,104,104,104,104],"relics":["Burning Blood","Dream Catcher","Old Coin","Centennial Puzzle","Anchor","Bag of Marbles","Black Star","Pear","Oddly Smooth Stone","Lantern","Ornamental Fan","Bronze Scales","Matryoshka","Dodecahedron","Juzu Bracelet","Omamori","Vajra","Whetstone","Eternal Feather","Mango","Du-Vu Doll","Paper Frog","Darkstone Periapt","Regal Pillow","Orichalcum"],"campfire_meditates":0,"card_choices":[{"not_picked":["Anger","Heavy Blade"],"picked":"Iron Wave"},{"not_picked":["Pummel","Flex"],"picked":"Heavy Blade"},{"not_picked":["Anger","Armaments"],"picked":"Whirlwind"},{"not_picked":["Carnage","Combust"],"picked":"Disarm"},{"not_picked":["Iron Wave","Sword Boomerang"],"picked":"Clash"},{"not_picked":["Offering","Barricade"],"picked":"Limit Break"},{"not_picked":["Clothesline","Infernal Blade"],"picked":"Heavy Blade"},{"not_picked":["Twin Strike","Wild Strike"],"picked":"Double Tap"},{"not_picked":["Havoc","Headbutt"],"picked":"Spot Weakness"},{"not_picked":["True Grit","Whirlwind"],"picked":"Dual Wield"},{"not_picked":["Rupture","Bloodletting"],"picked":"Sever Soul"},{"not_picked":["Armaments","Havoc"],"picked":"Spot Weakness"},{"not_picked":["Sword Boomerang","Uppercut"],"picked":"Cleave"},{"not_picked":["Flame Barrier","Rupture"],"picked":"Shrug It Off"}],"player_experience":195951,"potions_floor_usage":[14,16,16,22,23,23,24,28,31,41],"damage_taken":[{"damage":4,"enemies":"2 Louse","floor":1,"turns":3},{"damage":0,"enemies":"Cultist","floor":10,"turns":3},{"damage":6,"enemies":"Jaw Worm","floor":11,"turns":3},{"damage":33,"enemies":"3 Sentries","floor":12,"turns":9},{"damage":36,"enemies":"Lagavulin","floor":14,"turns":10},{"damage":30,"enemies":"Hexaghost","floor":16,"turns":14},{"damage":22,"enemies":"Spheric Guardian","floor":18,"turns":7},{"damage":8,"enemies":"2 Thieves","floor":22,"turns":3},{"damage":26,"enemies":"Book of Stabbing","floor":23,"turns":4},{"damage":20,"enemies":"Centurion and Healer","floor":24,"turns":9},{"damage":30,"enemies":"Slavers","floor":28,"turns":4},{"damage":17,"enemies":"Gremlin Leader","floor":30,"turns":4},{"damage":9,"enemies":"Chosen and Byrds","floor":31,"turns":5},{"damage":30,"enemies":"Automaton","floor":33,"turns":5},{"damage":4,"enemies":"3 Darklings","floor":35,"turns":3},{"damage":12,"enemies":"Mysterious Sphere","floor":38,"turns":2},{"damage":78,"enemies":"Giant Head","floor":41,"turns":8},{"damage":17,"enemies":"3 Shapes","floor":42,"turns":4},{"damage":23,"enemies":"Nemesis","floor":44,"turns":3}],"event_choices":[{"event_name":"Golden Wing","player_choice":"Card Removal","floor":2,"damage_taken":0},{"event_name":"Shining Light","player_choice":"Entered Light","floor":3,"damage_taken":0},{"event_name":"The Cleric","player_choice":"Healed","floor":5,"damage_taken":0},{"event_name":"The Woman in Blue","player_choice":"Bought 2 Potions","floor":20,"damage_taken":0},{"event_name":"Vampires","player_choice":"Ignored","floor":21,"damage_taken":0},{"event_name":"Beggar","player_choice":"Gave Gold","floor":27,"damage_taken":0},{"event_name":"Mysterious Sphere","player_choice":"Fight","floor":38,"damage_taken":0},{"event_name":"Winding Halls","player_choice":"Writhe","floor":39,"damage_taken":0}],"boss_relics":[{"not_picked":["Black Blood","Ectoplasm"],"picked":"Black Star"},{"not_picked":["Orrery","Pandora\u0027s Box"],"picked":"Eternal Feather"}],"potions_floor_spawned":[11,12,14,16,22,24,30,38],"seed_played":"2804374298214695315","killed_by":"Nemesis","is_trial":false}