{"gold_per_floor":[113,113,188,204,379,406,406,429,429,429,429,429,458,458,458,553,553,553],"floor_reached":18,"playtime":587,"items_purged":[],"score":193,"play_id":"76e4a137-a666-46e8-bd4d-7ea7bd309710","local_time":"20180628222112","is_ascension_mode":true,"campfire_choices":[{"floor":7,"key":"REST"},{"data":"Capacitor","floor":11,"key":"SMITH"},{"floor":15,"key":"REST"}],"neow_cost":"NONE","seed_source_timestamp":116848022946247,"circlet_count":0,"master_deck":["Strike_B","Strike_B","Strike_B+1","Defend_B","Defend_B","Defend_B+1","Tempest+1","Turbo+1","Genetic Algorithm+1","Sweeping Beam","Capacitor+1","Conserve Battery","Seek"],"relics":["Astrolabe","Pen Nib","Juzu Bracelet","Mercury Hourglass","Odd Mushroom","Cursed Key"],"potions_floor_usage":[13,16],"damage_taken":[{"damage":0,"enemies":"Small Slimes","floor":1,"turns":2},{"damage":7,"enemies":"2 Louse","floor":4,"turns":2},{"damage":35,"enemies":"3 Sentries","floor":6,"turns":6},{"damage":27,"floor":13,"turns":3},{"damage":11,"enemies":"Hexaghost","floor":16,"turns":7},{"damage":0,"enemies":"2 Thieves","floor":18,"turns":1}],"seed_played":"851553582031461626","potions_obtained":[{"floor":6,"key":"Poison Potion"},{"floor":13,"key":"FocusPotion"},{"floor":16,"key":"Weak Potion"}],"is_trial":false,"path_per_floor":["M","?","?","M","?","E","R","T","T","?","R","?","?","?","R","B",null],"character_chosen":"DEFECT","items_purchased":[],"campfire_rested":2,"item_purchase_floors":[],"current_hp_per_floor":[75,80,69,62,62,27,51,51,51,51,51,35,8,1,25,14,64,64],"gold":553,"neow_bonus":"BOSS_RELIC","is_prod":false,"is_daily":false,"chose_seed":false,"campfire_upgraded":1,"win_rate":0,"timestamp":1530220872,"path_taken":["M","?","?","M","?","E","R","?","T","?","R","?","?","?","R","BOSS","M"],"build_version":"2018-06-21v2","purchased_purges":0,"victory":false,"max_hp_per_floor":[75,80,80,80,80,80,80,80,80,80,80,80,80,80,80,80,80,80],"card_choices":[{"not_picked":["Beam Cell","Reprogram"],"picked":"Sweeping Beam","floor":1},{"not_picked":["Streamline","Conserve Battery"],"picked":"Capacitor","floor":4},{"not_picked":["Reinforced Body","Redo"],"picked":"Conserve Battery","floor":6},{"not_picked":["Hyperbeam","Rainbow"],"picked":"Seek","floor":16}],"player_experience":305016,"relics_obtained":[{"floor":6,"key":"Pen Nib"},{"floor":8,"key":"Juzu Bracelet"},{"floor":9,"key":"Mercury Hourglass"},{"floor":13,"key":"Odd Mushroom"}],"event_choices":[{"event_name":"Big Fish","player_choice":"Donut","floor":2,"damage_taken":0},{"event_name":"World of Goop","player_choice":"Gather Gold","floor":3,"damage_taken":0},{"event_name":"Liars Game","player_choice":"agreed","floor":5,"damage_taken":0},{"event_name":"Living Wall","player_choice":"Forget","floor":10,"damage_taken":0},{"event_name":"Shining Light","player_choice":"Entered Light","floor":12,"damage_taken":0},{"event_name":"Mushrooms","player_choice":"Fought Mushrooms","floor":13,"damage_taken":0},{"event_name":"Golden Wing","player_choice":"Card Removal","floor":14,"damage_taken":0}],"boss_relics":[{"not_picked":["Tiny House","Inserter"],"picked":"Cursed Key"}],"items_purged_floors":[],"is_endless":false,"potions_floor_spawned":[6,13,16],"killed_by":"2 Thieves","ascension_level":5}