{"path_per_floor":["M","?","?","M","M","E","R","M","T","R","$","M","M","?","R","B",null,"M","M","?","?","$","R","M","R","T","M","T","?","R","$","R","B",null,"M","$","?","?","M","R","M","R","T","?","?","?","?","?","R","B"],"character_chosen":"IRONCLAD","items_purchased":["Shrug It Off","Barricade","Orichalcum","Shrug It Off"],"gold_per_floor":[110,110,110,125,144,182,182,203,203,203,74,94,109,109,109,229,229,249,273,273,243,19,19,37,37,63,86,86,86,86,86,86,209,209,234,83,151,151,175,175,190,190,190,190,190,0,0,0,0,0],"floor_reached":51,"campfire_rested":1,"playtime":2758,"current_hp_per_floor":[80,80,60,58,63,33,33,39,39,39,39,43,46,30,54,11,83,82,86,86,86,86,86,84,84,84,69,69,69,69,69,69,74,99,97,97,60,97,99,99,101,101,101,111,111,111,101,101,101,80],"items_purged":["Strike_R","Writhe"],"gold":0,"play_id":"a3fb9516-cfe3-40e5-9529-ba3f9fd14899","is_prod":false,"is_daily":false,"campfire_rituals":0,"campfire_upgraded":9,"is_hardmode":false,"path_taken":["M","?","?","?","M","E","R","M","T","R","$","M","M","?","R","BOSS","M","M","?","?","?","R","M","R","T","M","?","?","R","$","R","BOSS","M","$","?","?","M","R","M","R","T","?","?","?","?","?","R","BOSS"],"build_version":"2018-01-18-PROD4","purchased_purges":2,"victory":true,"master_deck":["Strike_R","Strike_R","Strike_R","Defend_R","Defend_R","Defend_R","Bash","Dual Wield","Battle Trance","Flex","Body Slam","Feed","Shrug It Off","Seeing Red","Impervious","Ghostly Armor","Iron Wave","Infernal Blade","Barricade","Armaments","Body Slam","Shrug It Off","Madness"],"max_hp_per_floor":[80,80,80,80,80,80,80,80,80,80,80,83,83,83,83,83,83,86,89,89,89,89,89,92,92,92,97,97,97,97,97,97,99,99,105,105,107,97,99,99,101,101,101,111,111,111,111,111,111,115],"relics":["Burning Blood","Golden Idol","Gambling Chip","Juzu Bracelet","Nloth\u0027s Gift","Orichalcum","Singing Bowl","Calipers","Philosopher\u0027s Stone","Magic Flower","Ancient Tea Set","Red Mask"],"campfire_meditates":0,"card_choices":[{"not_picked":["Hemokinesis","Twin Strike"],"picked":"Dual Wield"},{"not_picked":["Wild Strike","Rage"],"picked":"Battle Trance"},{"not_picked":["Twin Strike","Sword Boomerang"],"picked":"Flex"},{"not_picked":["Warcry","Flame Barrier"],"picked":"Body Slam"},{"not_picked":["True Grit","Cleave"],"picked":"Feed"},{"not_picked":["Warcry","Headbutt"],"picked":"Seeing Red"},{"not_picked":["Offering","Brutality"],"picked":"Impervious"},{"not_picked":["Flex","Cleave"],"picked":"Ghostly Armor"},{"not_picked":["True Grit","Infernal Blade"],"picked":"Iron Wave"},{"not_picked":["Twin Strike","Uppercut"],"picked":"Infernal Blade"},{"not_picked":["Flex","Shockwave"],"picked":"Body Slam"}],"player_experience":351117,"potions_floor_usage":[33,37,50,50],"damage_taken":[{"damage":0.0,"enemies":"2 Louse","floor":1.0,"turns":2.0},{"damage":8.0,"enemies":"Jaw Worm","floor":4.0,"turns":3.0},{"damage":1.0,"enemies":"Cultist","floor":5.0,"turns":3.0},{"damage":36.0,"enemies":"3 Sentries","floor":6.0,"turns":8.0},{"damage":0.0,"enemies":"2 Fungi Beasts","floor":8.0,"turns":5.0},{"damage":5.0,"enemies":"Looter","floor":12.0,"turns":2.0},{"damage":3.0,"enemies":"Red Slaver","floor":13.0,"turns":3.0},{"damage":49.0,"enemies":"The Guardian","floor":16.0,"turns":11.0},{"damage":10.0,"enemies":"3 Byrds","floor":18.0,"turns":7.0},{"damage":5.0,"enemies":"Shell Parasite","floor":19.0,"turns":5.0},{"damage":11.0,"enemies":"Snake Plant","floor":24.0,"turns":4.0},{"damage":41.0,"enemies":"Slaver and Parasite","floor":27.0,"turns":8.0},{"damage":0,"enemies":"Champ","floor":33,"turns":4},{"damage":14,"enemies":"3 Shapes","floor":35,"turns":5},{"damage":45,"enemies":"Mysterious Sphere","floor":37,"turns":4},{"damage":0,"enemies":"Orb Walker","floor":39,"turns":2},{"damage":0,"enemies":"4 Shapes","floor":41,"turns":4},{"damage":0,"enemies":"Donu and Deca","floor":50,"turns":10}],"event_choices":[{"event_name":"Living Wall","player_choice":"Change","floor":2.0,"damage_taken":0.0},{"event_name":"Golden Idol","player_choice":"Take Damage","floor":3.0,"damage_taken":0.0},{"event_name":"Shining Light","player_choice":"Entered Light","floor":14.0,"damage_taken":0.0},{"event_name":"N\u0027loth","player_choice":"Traded a Orrery","floor":20.0,"damage_taken":0.0},{"event_name":"The Woman in Blue","player_choice":"Bought 2 Potions","floor":21.0,"damage_taken":0.0},{"event_name":"Match and Keep!","player_choice":"2 cards matched","floor":29.0,"damage_taken":0.0},{"event_name":"Mysterious Sphere","player_choice":"Fight","floor":37,"damage_taken":0},{"event_name":"The Moai Head","player_choice":"Heal","floor":38,"damage_taken":0},{"event_name":"Bonfire Elementals","player_choice":"RARE","floor":44,"damage_taken":0},{"event_name":"Tomb of Lord Red Mask","player_choice":"Paid","floor":46,"damage_taken":0},{"event_name":"Winding Halls","player_choice":"Embrace Madness","floor":47,"damage_taken":0},{"event_name":"Purifier","player_choice":"One Purge","floor":48,"damage_taken":0}],"boss_relics":[{"not_picked":["Black Star","Astrolabe"],"picked":"Philosopher\u0027s Stone"}],"potions_floor_spawned":[1,4,8,16,27,35,39,41],"seed_played":"4358170873900106929","is_trial":false}