{"path_per_floor":["M","M","?","?","$","R","M","R","T","?","$","T","M","?","R","B",null,"M","?","?","?","M","R","M","E","T","$","R","M","R","M","R","B",null,"M","?","M","?","$","R","$","R","T","?","R","M","?","M","R"],"character_chosen":"THE_SILENT","items_purchased":["Regal Pillow","Apotheosis"],"gold_per_floor":[109,121,121,121,46,46,57,57,57,118,118,145,164,164,164,269,269,281,181,231,156,175,175,189,216,216,60,60,75,75,86,86,190,190,209,209,221,221,8,8,8,8,8,8,8,25,25,40,40],"floor_reached":50,"campfire_rested":5,"playtime":2048,"current_hp_per_floor":[59,53,53,39,39,60,57,57,57,25,25,25,27,27,48,24,59,61,61,61,61,53,53,35,18,18,18,54,53,53,37,70,32,61,42,42,41,41,41,41,41,41,41,32,68,52,70,67,67],"items_purged":["Injury"],"gold":40,"score":599,"play_id":"da06fd00-9fdc-4c23-8e4b-450925f304b6","local_time":"20180307000226","is_prod":false,"is_daily":false,"is_ascension_mode":true,"campfire_upgraded":3,"timestamp":1520380946,"path_taken":["M","M","?","?","?","R","?","R","T","?","$","?","M","?","R","BOSS","M","?","?","?","M","R","M","E","T","$","R","?","R","M","R","BOSS","M","?","M","?","$","R","?","R","T","?","R","M","?","M","R","BOSS"],"build_version":"2018-03-01-PROD1","purchased_purges":1,"victory":false,"master_deck":["Defend_G","Defend_G","Defend_G","Defend_G+1","Strike_G","Strike_G","Strike_G","Strike_G","Survivor","Neutralize+1","Choke","Dagger Spray+1","Cloak And Dagger","Terror+1","Tools of the Trade+1","J.A.X.","Riddle With Holes","Slice","Blade Dance+1","Escape Plan+1","Deflect","After Image","Terror+1","Deflect+1","Apotheosis+1","Madness"],"max_hp_per_floor":[70,70,70,70,70,70,70,70,70,70,70,70,70,70,70,70,70,70,70,70,70,70,70,70,70,70,70,70,70,70,70,70,70,70,70,70,70,70,70,70,70,70,70,70,70,70,70,70,70],"relics":["Ring of the Snake","Blood Vial","Unceasing Top","Happy Flower","Sozu","Bag of Preparation","Shovel","Regal Pillow","Meat on the Bone","Runic Pyramid","Bottled Tornado","Calipers","Orichalcum"],"card_choices":[{"not_picked":["PiercingWail","Underhanded Strike"],"picked":"Choke"},{"not_picked":["Skewer","Underhanded Strike"],"picked":"Dagger Spray"},{"not_picked":["Acrobatics","Dodge and Roll"],"picked":"Cloak And Dagger"},{"not_picked":["Choke","Underhanded Strike"],"picked":"Terror"},{"not_picked":["After Image","Corpse Explosion"],"picked":"Tools of the Trade"},{"not_picked":["Dagger Throw","Acrobatics"],"picked":"Riddle With Holes"},{"not_picked":["Flechettes","Deflect"],"picked":"Slice"},{"not_picked":["Underhanded Strike","Catalyst"],"picked":"Blade Dance"},{"not_picked":["Die Die Die","Quick Slash"],"picked":"Escape Plan"},{"not_picked":["Flying Knee","Sucker Punch"],"picked":"Deflect"},{"not_picked":["Envenom","Glass Knife"],"picked":"After Image"},{"not_picked":["Blade Dance","Malaise"],"picked":"Terror"},{"not_picked":["Prepared","Underhanded Strike"],"picked":"Deflect"}],"player_experience":211620,"potions_floor_usage":[16,25],"damage_taken":[{"damage":4,"enemies":"Small Slimes","floor":1,"turns":4},{"damage":6,"enemies":"Cultist","floor":2,"turns":4},{"damage":3,"enemies":"2 Louse","floor":7,"turns":3},{"damage":34,"enemies":"Lagavulin Event","floor":10,"turns":7},{"damage":0,"enemies":"2 Fungi Beasts","floor":13,"turns":2},{"damage":26,"enemies":"The Guardian","floor":16,"turns":11},{"damage":0,"enemies":"3 Byrds","floor":18,"turns":4},{"damage":10,"enemies":"Chosen","floor":22,"turns":3},{"damage":20,"enemies":"Centurion and Healer","floor":24,"turns":4},{"damage":31,"enemies":"Slavers","floor":25,"turns":5},{"damage":3,"enemies":"Snake Plant","floor":29,"turns":2},{"damage":30,"enemies":"Slaver and Parasite","floor":31,"turns":4},{"damage":50,"enemies":"Collector","floor":33,"turns":8},{"damage":33,"enemies":"3 Darklings","floor":35,"turns":4},{"damage":3,"enemies":"Orb Walker","floor":37,"turns":3},{"damage":18,"enemies":"3 Darklings","floor":46,"turns":4},{"damage":3,"enemies":"Maw","floor":48,"turns":6},{"damage":89,"enemies":"Donu and Deca","floor":50,"turns":5}],"event_choices":[{"event_name":"Accursed Blacksmith","player_choice":"Forge","floor":3,"damage_taken":0},{"event_name":"Shining Light","player_choice":"Entered Light","floor":4,"damage_taken":0},{"event_name":"Dead Adventurer","player_choice":"Searched \u00271\u0027 times","floor":10,"damage_taken":0},{"event_name":"Upgrade Shrine","player_choice":"Upgraded","floor":14,"damage_taken":0},{"event_name":"Drug Dealer","player_choice":"Got JAXXED","floor":19,"damage_taken":0},{"event_name":"The Joust","player_choice":"Bet on Murderer","floor":20,"damage_taken":0},{"event_name":"Beggar","player_choice":"Gave Gold","floor":21,"damage_taken":0},{"event_name":"Mysterious Sphere","player_choice":"Ignore","floor":38,"damage_taken":0},{"event_name":"Winding Halls","player_choice":"Embrace Madness","floor":44,"damage_taken":0},{"event_name":"Bonfire Elementals","player_choice":"UNCOMMON","floor":47,"damage_taken":0}],"boss_relics":[{"not_picked":["Black Star","Calling Bell"],"picked":"Sozu"},{"not_picked":["Velvet Choker","The Specimen"],"picked":"Runic Pyramid"}],"potions_floor_spawned":[10,16,22,24,29,31,48],"seed_played":"4631315678307942789","killed_by":"Donu and Deca","ascension_level":9,"is_trial":false}