{"gold_per_floor":[111,123,298,298,317,3,34,49,49,64,64,64,64,64,64,162,162,178,195,214,233,246,246,274,274,274,274,274,293,305,8,8,109,109,128,142,17,35,35,66,82,82,109,143,194,5,30,43,43,43],"floor_reached":51,"playtime":6735,"items_purged":["Doubt","Regret","Clumsy","Decay"],"score":784,"play_id":"1b4d3fd9-c9a4-468c-bd56-8b5171cb5ad0","local_time":"20190106195513","is_ascension_mode":false,"campfire_choices":[{"data":"1","floor":11,"key":"LIFT"},{"data":"2","floor":13,"key":"LIFT"},{"data":"3","floor":15,"key":"LIFT"},{"data":"Pommel Strike","floor":23,"key":"SMITH"},{"data":"Pommel Strike","floor":25,"key":"SMITH"},{"data":"Seeing Red","floor":27,"key":"SMITH"},{"data":"Offering","floor":32,"key":"SMITH"},{"data":"Brutality","floor":42,"key":"SMITH"},{"floor":49,"key":"REST"}],"neow_cost":"NONE","seed_source_timestamp":1040012852878188,"circlet_count":0,"master_deck":["Strike_R","Strike_R","Strike_R","Strike_R","Defend_R","Defend_R","Defend_R","Defend_R","Bash","Thunderclap","Pommel Strike+1","Clash","Armaments+1","Seeing Red+1","Flex","Carnage","Battle Trance","Feed","Clash","Pommel Strike+1","Clash+1","Warcry+1","Reaper","Panacea","Twin Strike","Offering+1","Twin Strike","Brutality+1","Second Wind+1","Rupture","Headbutt","Blood for Blood+1","Cleave+1","Sword Boomerang+1","Battle Trance","Shrug It Off+1","Flex+1"],"relics":["Burning Blood","Gambling Chip","ClockworkSouvenir","Self Forming Clay","Girya","Centennial Puzzle","Cursed Key","Orichalcum","Bottled Lightning","Runic Cube","Dodecahedron","Bag of Marbles","FossilizedHelix","Charon\u0027s Ashes","Potion Belt"],"potions_floor_usage":[29,36,38],"damage_taken":[{"damage":0,"enemies":"Small Slimes","floor":1,"turns":3},{"damage":11,"enemies":"Jaw Worm","floor":2,"turns":2},{"damage":0,"enemies":"Cultist","floor":5,"turns":2},{"damage":31,"enemies":"Lagavulin","floor":7,"turns":5},{"damage":8,"enemies":"Red Slaver","floor":8,"turns":3},{"damage":2,"enemies":"Blue Slaver","floor":10,"turns":3},{"damage":38,"enemies":"The Guardian","floor":16,"turns":8},{"damage":10,"enemies":"2 Thieves","floor":18,"turns":2},{"damage":7,"enemies":"Shell Parasite","floor":19,"turns":2},{"damage":12,"enemies":"Centurion and Healer","floor":20,"turns":2},{"damage":0,"enemies":"Snecko","floor":21,"turns":3},{"damage":10,"enemies":"Shelled Parasite and Fungi","floor":22,"turns":2},{"damage":11,"enemies":"Slavers","floor":24,"turns":3},{"damage":24,"enemies":"Centurion and Healer","floor":29,"turns":4},{"damage":0,"enemies":"Snake Plant","floor":30,"turns":2},{"damage":39,"enemies":"Automaton","floor":33,"turns":6},{"damage":0,"enemies":"3 Shapes","floor":35,"turns":3},{"damage":14,"enemies":"3 Darklings","floor":36,"turns":2},{"damage":10,"enemies":"Maw","floor":38,"turns":4},{"damage":28,"enemies":"Reptomancer","floor":40,"turns":3},{"damage":6,"enemies":"Jaw Worm Horde","floor":41,"turns":1},{"damage":17,"enemies":"Giant Head","floor":44,"turns":4},{"damage":17,"enemies":"2 Orb Walkers","floor":45,"turns":2},{"damage":59,"enemies":"Nemesis","floor":47,"turns":5},{"damage":0,"enemies":"4 Shapes","floor":48,"turns":2},{"damage":47,"enemies":"Awakened One","floor":50,"turns":6}],"seed_played":"-4783670530050694360","potions_obtained":[{"floor":7,"key":"BloodPotion"},{"floor":8,"key":"SteroidPotion"},{"floor":16,"key":"EssenceOfSteel"},{"floor":19,"key":"AttackPotion"},{"floor":29,"key":"Dexterity Potion"},{"floor":35,"key":"Explosive Potion"},{"floor":36,"key":"Energy Potion"},{"floor":44,"key":"Energy Potion"},{"floor":47,"key":"LiquidBronze"}],"is_trial":false,"path_per_floor":["M","M","?","?","M","$","E","M","T","M","R","?","R","?","R","B",null,"M","M","M","M","M","R","E","R","T","R","?","M","M","$","R","B",null,"M","M","$","M","$","E","M","R","T","E","?","$","E","M","R","B",null],"character_chosen":"IRONCLAD","items_purchased":["ClockworkSouvenir","Seeing Red","Offering","Twin Strike","Battle Trance"],"campfire_rested":1,"item_purchase_floors":[6,6,31,31,46],"current_hp_per_floor":[80,75,75,68,74,74,49,47,47,51,51,51,51,51,51,19,80,80,83,81,87,87,87,82,82,82,82,64,55,61,61,61,55,96,96,88,88,92,92,70,74,74,74,92,101,101,70,80,110,91],"gold":43,"neow_bonus":"TRANSFORM_CARD","is_prod":false,"is_daily":false,"chose_seed":false,"campfire_upgraded":5,"win_rate":0.0,"timestamp":1546804513,"path_taken":["M","M","?","?","M","$","E","?","T","M","R","?","R","?","R","BOSS","M","M","M","M","M","R","E","R","T","R","?","M","M","$","R","BOSS","M","M","$","M","?","E","M","R","T","E","?","$","E","M","R","BOSS"],"build_version":"2019-01-03v4","purchased_purges":4,"victory":true,"max_hp_per_floor":[80,80,80,80,80,80,80,80,80,80,80,80,80,80,80,80,80,84,88,92,92,96,96,96,96,96,96,96,96,96,96,96,96,96,96,96,96,96,96,96,100,100,100,103,103,103,106,110,110,110],"card_choices":[{"not_picked":["Anger","Clash"],"picked":"Pommel Strike","floor":1},{"not_picked":["Warcry","Perfected Strike"],"picked":"Clash","floor":2},{"not_picked":["Clothesline","Power Through"],"picked":"Armaments","floor":5},{"not_picked":["Body Slam","Twin Strike"],"picked":"Flex","floor":7},{"not_picked":["Thunderclap","Seeing Red"],"picked":"Carnage","floor":8},{"not_picked":["True Grit","Armaments"],"picked":"Battle Trance","floor":10},{"not_picked":["Double Tap","Juggernaut"],"picked":"Feed","floor":16},{"not_picked":["Rupture","Flame Barrier"],"picked":"Clash","floor":18},{"not_picked":["Bloodletting+1","Feel No Pain+1"],"picked":"Pommel Strike","floor":19},{"not_picked":["Anger+1","Carnage"],"picked":"Clash+1","floor":20},{"not_picked":["Anger","Shrug It Off+1"],"picked":"Warcry+1","floor":21},{"not_picked":["Searing Blow+1","Combust+1"],"picked":"Reaper","floor":22},{"not_picked":["Blood for Blood","Feel No Pain","Carnage"],"picked":"SKIP","floor":24},{"not_picked":["Cleave","Dual Wield+1"],"picked":"Twin Strike","floor":29},{"not_picked":["Carnage","Searing Blow+1","Thunderclap"],"picked":"SKIP","floor":30},{"not_picked":["Juggernaut","Dark Embrace"],"picked":"Brutality","floor":33},{"not_picked":["Anger+1","Hemokinesis"],"picked":"Second Wind+1","floor":35},{"not_picked":["Flex+1","Pommel Strike"],"picked":"Rupture","floor":36},{"not_picked":["Armaments+1","Fire Breathing"],"picked":"Headbutt","floor":38},{"not_picked":["Perfected Strike+1","Twin Strike"],"picked":"Blood for Blood+1","floor":40},{"not_picked":["Armaments","Reckless Charge","Disarm"],"picked":"SKIP","floor":41},{"not_picked":["Impervious","Second Wind"],"picked":"Cleave+1","floor":44},{"not_picked":["Pommel Strike","Headbutt"],"picked":"Sword Boomerang+1","floor":45},{"not_picked":["Armaments","Dropkick"],"picked":"Shrug It Off+1","floor":47},{"not_picked":["Cleave","Ghostly Armor"],"picked":"Flex+1","floor":48}],"player_experience":13220,"relics_obtained":[{"floor":7,"key":"Self Forming Clay"},{"floor":9,"key":"Girya"},{"floor":24,"key":"Orichalcum"},{"floor":26,"key":"Bottled Lightning"},{"floor":40,"key":"Dodecahedron"},{"floor":43,"key":"Bag of Marbles"},{"floor":44,"key":"FossilizedHelix"},{"floor":45,"key":"Charon\u0027s Ashes"},{"floor":47,"key":"Potion Belt"}],"event_choices":[{"damage_healed":0,"gold_gain":175,"player_choice":"AGREE","damage_taken":0,"max_hp_gain":0,"max_hp_loss":0,"event_name":"Liars Game","floor":3,"gold_loss":0,"cards_obtained":["Doubt"]},{"damage_healed":0,"gold_gain":0,"player_choice":"Success","damage_taken":7,"relics_obtained":["Gambling Chip"],"max_hp_gain":0,"max_hp_loss":0,"event_name":"Scrap Ooze","floor":4,"gold_loss":0},{"damage_healed":0,"gold_gain":0,"player_choice":"Box","damage_taken":0,"relics_obtained":["Centennial Puzzle"],"max_hp_gain":0,"max_hp_loss":0,"event_name":"Big Fish","floor":12,"gold_loss":0,"cards_obtained":["Regret"]},{"damage_healed":0,"gold_gain":0,"player_choice":"Forge","damage_taken":0,"max_hp_gain":0,"max_hp_loss":0,"event_name":"Accursed Blacksmith","floor":14,"gold_loss":0,"cards_upgraded":["Armaments"]},{"damage_healed":0,"gold_gain":0,"player_choice":"CARD ","damage_taken":18,"max_hp_gain":0,"max_hp_loss":0,"event_name":"Knowing Skull","floor":28,"potions_obtained":[],"gold_loss":0,"cards_obtained":["Panacea"]},{"damage_healed":0,"gold_gain":0,"player_choice":"CARD ","damage_taken":18,"max_hp_gain":0,"max_hp_loss":0,"event_name":"Knowing Skull","floor":28,"potions_obtained":[],"gold_loss":0,"cards_obtained":["Panacea"]},{"damage_healed":0,"gold_gain":0,"player_choice":"Fight","damage_taken":0,"max_hp_gain":0,"max_hp_loss":0,"event_name":"Mysterious Sphere","floor":45,"gold_loss":0}],"is_beta":false,"boss_relics":[{"not_picked":["Orrery","Coffee Dripper"],"picked":"Cursed Key"},{"not_picked":["Astrolabe","Eternal Feather"],"picked":"Runic Cube"}],"items_purged_floors":[6,31,37,46],"is_endless":false,"potions_floor_spawned":[7,8,16,19,22,29,35,36,44,47],"ascension_level":0}