{"gold_per_floor":[111,126,8,27,27,61,61,89,89,89,89,89,100,114,114,189,189,202,221,233,251,251],"floor_reached":22,"playtime":721,"items_purged":[],"score":347,"play_id":"2e4cbcb6-2137-45fc-96b2-3f9430129734","local_time":"20190129170336","is_ascension_mode":true,"campfire_choices":[{"floor":7,"key":"REST"},{"data":"Genetic Algorithm","floor":11,"key":"SMITH"},{"floor":15,"key":"REST"}],"neow_cost":"TEN_PERCENT_HP_LOSS","seed_source_timestamp":3023051155242407,"circlet_count":0,"master_deck":["AscendersBane","Strike_B","Strike_B","Strike_B","Strike_B","Defend_B","Defend_B","Defend_B","Defend_B","Zap+1","Dualcast","Ball Lightning","Ball Lightning","Genetic Algorithm+1","Cold Snap","Barrage","FTL","Leap","Conserve Battery","Reboot","Barrage+1","Stack+1","Steam"],"relics":["Cracked Core","Ginger","Anchor","Pear","Mummified Hand","Sozu"],"potions_floor_usage":[21],"damage_taken":[{"damage":8,"enemies":"Small Slimes","floor":1,"turns":3},{"damage":3,"enemies":"2 Louse","floor":2,"turns":3},{"damage":1,"enemies":"Cultist","floor":4,"turns":3},{"damage":33,"enemies":"Gremlin Nob","floor":6,"turns":4},{"damage":23,"enemies":"Lagavulin","floor":8,"turns":5},{"damage":0,"enemies":"Lots of Slimes","floor":13,"turns":3},{"damage":12,"enemies":"Exordium Thugs","floor":14,"turns":4},{"damage":17,"enemies":"The Guardian","floor":16,"turns":12},{"damage":5,"enemies":"Shell Parasite","floor":18,"turns":3},{"damage":18,"enemies":"3 Byrds","floor":19,"turns":4},{"damage":1,"enemies":"Centurion and Healer","floor":20,"turns":7},{"damage":9,"enemies":"Snake Plant","floor":21,"turns":4},{"damage":36,"enemies":"Snecko","floor":22,"turns":3}],"seed_played":"3611639813692302885","potions_obtained":[{"floor":6,"key":"SteroidPotion"}],"is_trial":false,"path_per_floor":["M","M","$","M","?","E","R","E","T","?","R","?","M","M","R","B",null,"M","M","M","M","M"],"character_chosen":"DEFECT","items_purchased":["SkillPotion","Genetic Algorithm"],"campfire_rested":2,"item_purchase_floors":[3,3],"current_hp_per_floor":[56,53,53,52,52,19,38,25,25,25,25,25,25,13,35,18,60,55,37,36,27,0],"gold":251,"neow_bonus":"ONE_RARE_RELIC","is_prod":false,"is_daily":false,"chose_seed":false,"campfire_upgraded":1,"win_rate":0,"timestamp":1548781416,"path_taken":["M","M","$","M","?","E","R","E","T","?","R","?","M","M","R","BOSS","M","?","M","M","M"],"build_version":"2019-01-23","purchased_purges":0,"victory":false,"max_hp_per_floor":[64,64,64,64,64,64,64,74,74,74,74,74,74,74,74,74,74,74,74,74,74,74],"card_choices":[{"not_picked":["Skim","Compile Driver"],"picked":"Ball Lightning","floor":1},{"not_picked":["Recycle","Go for the Eyes"],"picked":"Ball Lightning","floor":2},{"not_picked":["Loop","Rebound"],"picked":"Cold Snap","floor":4},{"not_picked":["Hologram","Gash"],"picked":"Barrage","floor":6},{"not_picked":["Chaos","Lockon"],"picked":"FTL","floor":8},{"not_picked":["Multi-Cast","Rip and Tear"],"picked":"Leap","floor":13},{"not_picked":["FTL","Coolheaded"],"picked":"Conserve Battery","floor":14},{"not_picked":["Fission","All For One"],"picked":"Reboot","floor":16},{"not_picked":["Beam Cell","Cold Snap"],"picked":"Barrage+1","floor":18},{"not_picked":["Darkness+1","Redo"],"picked":"Stack+1","floor":19},{"not_picked":["Turbo","Hologram","Steam"],"picked":"SKIP","floor":20},{"not_picked":["Force Field","Gash"],"picked":"Steam","floor":21}],"player_experience":487913,"relics_obtained":[{"floor":6,"key":"Anchor"},{"floor":8,"key":"Pear"},{"floor":9,"key":"Mummified Hand"}],"event_choices":[{"damage_healed":0,"gold_gain":0,"player_choice":"Ignored","damage_taken":0,"max_hp_gain":0,"max_hp_loss":0,"event_name":"Golden Idol","floor":5,"gold_loss":0},{"damage_healed":0,"gold_gain":0,"player_choice":"Ignored","damage_taken":0,"max_hp_gain":0,"max_hp_loss":0,"event_name":"Golden Wing","floor":10,"gold_loss":0},{"damage_healed":0,"gold_gain":0,"player_choice":"Upgraded","damage_taken":0,"max_hp_gain":0,"max_hp_loss":0,"event_name":"Upgrade Shrine","floor":12,"gold_loss":0,"cards_upgraded":["Zap"]}],"is_beta":false,"boss_relics":[{"not_picked":["Busted Crown","Lizard Tail"],"picked":"Sozu"}],"items_purged_floors":[],"is_endless":false,"potions_floor_spawned":[6,8,13,18],"killed_by":"Snecko","ascension_level":15}