{"gold_per_floor":[16,26,26,26,39,68,84,113,137,149,161,192,220,260,272,389,401,423,454,565,577,106,106],"floor_reached":23,"playtime":1663,"items_purged":["Strike_B"],"score":342,"play_id":"2e8e0517-af34-4535-98c1-63164f840db0","local_time":"20190420160405","is_ascension_mode":true,"campfire_choices":[{"floor":11,"key":"REST"},{"data":"Fission","floor":15,"key":"SMITH"}],"neow_cost":"NO_GOLD","seed_source_timestamp":795533415055963,"circlet_count":0,"master_deck":["Strike_B","Strike_B","Defend_B","Defend_B+1","Defend_B+1","Defend_B","Zap+1","Dualcast","Core Surge","Ball Lightning","Conserve Battery","Reboot","Melter","Fission+1","Doom and Gloom","Leap","Biased Cognition","Coolheaded+1","Compile Driver+1","Creative AI","Heatsinks"],"relics":["Cracked Core","War Paint","Dream Catcher","MawBank","Regal Pillow","Nuclear Battery","Question Card"],"potions_floor_usage":[6,14],"damage_taken":[{"damage":4,"enemies":"Jaw Worm","floor":1,"turns":3},{"damage":0,"enemies":"2 Louse","floor":2,"turns":1},{"damage":1,"enemies":"Cultist","floor":5,"turns":3},{"damage":10,"enemies":"Lagavulin","floor":6,"turns":6},{"damage":0,"enemies":"Blue Slaver","floor":7,"turns":2},{"damage":25,"enemies":"3 Sentries","floor":8,"turns":7},{"damage":8,"enemies":"Exordium Thugs","floor":12,"turns":4},{"damage":0,"enemies":"2 Fungi Beasts","floor":13,"turns":2},{"damage":0,"enemies":"Gremlin Nob","floor":14,"turns":3},{"damage":2,"enemies":"Hexaghost","floor":16,"turns":9},{"damage":15,"enemies":"Shell Parasite","floor":18,"turns":4},{"damage":14,"enemies":"2 Thieves","floor":19,"turns":3},{"damage":37,"enemies":"Book of Stabbing","floor":23,"turns":6}],"seed_played":"5639018967739857139","potions_obtained":[{"floor":1,"key":"Dexterity Potion"},{"floor":5,"key":"Dexterity Potion"},{"floor":12,"key":"FocusPotion"},{"floor":13,"key":"LiquidBronze"},{"floor":19,"key":"SteroidPotion"}],"is_trial":false,"path_per_floor":["M","M","?","?","M","E","M","E","T","?","R","M","M","E","R","B",null,"M","M","?","?","$","E"],"character_chosen":"DEFECT","items_purchased":["Heatsinks","GamblersBrew","Question Card"],"campfire_rested":1,"item_purchase_floors":[22,22,22],"current_hp_per_floor":[64,64,64,57,56,46,46,21,21,21,43,35,35,35,35,33,65,50,36,36,36,36,0],"gold":106,"neow_bonus":"THREE_RARE_CARDS","is_prod":false,"is_daily":false,"chose_seed":false,"campfire_upgraded":1,"win_rate":0,"timestamp":1555794245,"path_taken":["M","M","?","?","M","E","M","E","T","?","R","M","M","E","R","BOSS","M","M","?","?","$","E"],"build_version":"2019-01-23","purchased_purges":1,"victory":false,"max_hp_per_floor":[75,75,75,75,75,75,75,75,75,75,75,75,75,75,75,75,75,75,75,75,75,75,75],"card_choices":[{"not_picked":["Seek","Multi-Cast"],"picked":"Core Surge","floor":0},{"not_picked":["Doom and Gloom","Steam Power"],"picked":"Ball Lightning","floor":1},{"not_picked":["Barrage","Turbo"],"picked":"Conserve Battery","floor":2},{"not_picked":["Aggregate","Compile Driver"],"picked":"Reboot","floor":5},{"not_picked":["Conserve Battery","Beam Cell","Rebound"],"picked":"SKIP","floor":6},{"not_picked":["Conserve Battery","Beam Cell","Rebound"],"picked":"SKIP","floor":6},{"not_picked":["Rebound","Steam"],"picked":"Melter","floor":7},{"not_picked":["Hello World","Gash"],"picked":"Fission","floor":8},{"not_picked":["Stack","Barrage","Rebound"],"picked":"SKIP","floor":12},{"not_picked":["Stack","Barrage","Rebound"],"picked":"SKIP","floor":12},{"not_picked":["Rebound","Beam Cell"],"picked":"Doom and Gloom","floor":13},{"not_picked":["Rip and Tear","Turbo"],"picked":"Leap","floor":14},{"not_picked":["Reboot","Hyperbeam"],"picked":"Biased Cognition","floor":16},{"not_picked":["Defragment","Static Discharge+1"],"picked":"Coolheaded+1","floor":18},{"not_picked":["Melter","Barrage+1"],"picked":"Compile Driver+1","floor":19}],"player_experience":633132,"relics_obtained":[{"floor":6,"key":"War Paint"},{"floor":8,"key":"Dream Catcher"},{"floor":9,"key":"MawBank"},{"floor":14,"key":"Regal Pillow"}],"event_choices":[{"damage_healed":0,"gold_gain":0,"player_choice":"Leave","damage_taken":0,"max_hp_gain":0,"max_hp_loss":0,"event_name":"The Cleric","floor":3,"gold_loss":0},{"cards_removed":["Strike_B"],"damage_healed":0,"gold_gain":0,"player_choice":"Card Removal","damage_taken":7,"max_hp_gain":0,"max_hp_loss":0,"event_name":"Golden Wing","floor":4,"gold_loss":0},{"damage_healed":0,"gold_gain":0,"player_choice":"Forge","damage_taken":0,"max_hp_gain":0,"max_hp_loss":0,"event_name":"Accursed Blacksmith","floor":10,"gold_loss":0,"cards_upgraded":["Zap"]},{"damage_healed":0,"gold_gain":99,"player_choice":"Stole From Cult","damage_taken":0,"max_hp_gain":0,"max_hp_loss":0,"event_name":"Nest","floor":20,"gold_loss":0},{"damage_healed":0,"gold_gain":0,"player_choice":"1 cards matched","damage_taken":0,"max_hp_gain":0,"max_hp_loss":0,"event_name":"Match and Keep!","floor":21,"gold_loss":0,"cards_obtained":["Creative AI"]}],"is_beta":false,"boss_relics":[{"not_picked":["Ectoplasm","Black Star"],"picked":"Nuclear Battery"}],"items_purged_floors":[22],"is_endless":false,"potions_floor_spawned":[1,5,12,13,19],"killed_by":"Book of Stabbing","ascension_level":9}