{"gold_per_floor":[119,137,9,26,39,39,50,65,144,144,157,157,183,203,203,302,302,314,314,324,424,444,444,472,472,472,484,484,156,156,189,189,284,284,303,320,161,177,191,191],"floor_reached":40,"playtime":2970,"items_purged":["Defend_R","Writhe","Strike_R"],"score":497,"play_id":"346a6d9f-7224-4e70-8345-2222ac115f2b","local_time":"20181219023821","is_ascension_mode":true,"campfire_choices":[{"data":"Bash","floor":6,"key":"SMITH"},{"data":"Shrug It Off","floor":10,"key":"SMITH"},{"data":"Spot Weakness","floor":12,"key":"SMITH"},{"data":"Shrug It Off","floor":15,"key":"SMITH"},{"data":"Carnage","floor":23,"key":"SMITH"},{"data":"Cleave","floor":25,"key":"SMITH"},{"data":"Defend_R","floor":28,"key":"SMITH"},{"floor":30,"key":"REST"},{"data":"Flame Barrier","floor":32,"key":"SMITH"}],"neow_cost":"NONE","seed_source_timestamp":5054405728334,"circlet_count":0,"master_deck":["Strike_R","Strike_R","Strike_R","Strike_R","Defend_R","Defend_R","Defend_R+1","Bash+1","Thunderclap","Shrug It Off+1","Cleave+1","Shrug It Off+1","Spot Weakness+1","Carnage+1","Twin Strike","Sword Boomerang+1","Body Slam+1","Headbutt+1","Bludgeon+1","Pommel Strike+1","Heavy Blade+1","Headbutt+1","Whirlwind+1","Flame Barrier+1","Double Tap","Battle Trance","Ghostly Armor+1"],"relics":["Black Blood","Molten Egg 2","Bird Faced Urn","Cursed Key","WingedGreaves","Paper Frog","Incense Burner","Orichalcum","Chemical X","Bronze Scales"],"potions_floor_usage":[13,21,21,33,40,40,40],"damage_taken":[{"damage":11,"enemies":"Cultist","floor":1,"turns":4},{"damage":2,"enemies":"Small Slimes","floor":2,"turns":4},{"damage":0,"enemies":"2 Louse","floor":4,"turns":2},{"damage":9,"enemies":"Looter","floor":5,"turns":3},{"damage":0,"enemies":"Gremlin Gang","floor":7,"turns":4},{"damage":5,"enemies":"Blue Slaver","floor":8,"turns":4},{"damage":0,"enemies":"Large Slime","floor":11,"turns":3},{"damage":13,"enemies":"3 Sentries","floor":13,"turns":3},{"damage":14,"enemies":"3 Louse","floor":14,"turns":3},{"damage":30,"enemies":"Hexaghost","floor":16,"turns":7},{"damage":12,"enemies":"3 Byrds","floor":18,"turns":5},{"damage":11,"enemies":"Spheric Guardian","floor":20,"turns":3},{"damage":9,"enemies":"Colosseum Slavers","floor":21,"turns":3},{"damage":17,"enemies":"Colosseum Nobs","floor":21,"turns":4},{"damage":0,"enemies":"Snecko","floor":22,"turns":2},{"damage":19,"enemies":"Gremlin Leader","floor":24,"turns":4},{"damage":8,"enemies":"Chosen and Byrds","floor":27,"turns":4},{"damage":23,"enemies":"Slavers","floor":31,"turns":2},{"damage":26,"enemies":"Collector","floor":33,"turns":6},{"damage":24,"enemies":"3 Darklings","floor":35,"turns":3},{"damage":6,"enemies":"3 Shapes","floor":36,"turns":3},{"damage":22,"enemies":"Writhing Mass","floor":38,"turns":4},{"damage":0,"enemies":"Jaw Worm Horde","floor":39,"turns":4},{"damage":81,"enemies":"Giant Head","floor":40,"turns":7}],"seed_played":"2829971234561451434","potions_obtained":[{"floor":2,"key":"SkillPotion"},{"floor":4,"key":"SteroidPotion"},{"floor":11,"key":"PowerPotion"},{"floor":16,"key":"Dexterity Potion"},{"floor":20,"key":"Swift Potion"},{"floor":21,"key":"LiquidBronze"},{"floor":22,"key":"Weak Potion"},{"floor":33,"key":"EssenceOfSteel"},{"floor":35,"key":"Strength Potion"}],"is_trial":false,"path_per_floor":["M","M","$","M","M","R","M","M","T","R","M","R","E","M","R","B",null,"M","?","M","?","M","R","E","R","T","M","R","$","R","E","R","B",null,"M","M","$","M","M","E"],"character_chosen":"IRONCLAD","items_purchased":["Shrug It Off","Whirlwind+1","Chemical X","Battle Trance"],"campfire_rested":1,"item_purchase_floors":[3,29,29,37],"current_hp_per_floor":[75,79,79,80,77,77,80,80,80,80,80,80,73,65,65,41,80,74,65,60,46,52,52,39,39,39,37,37,37,61,44,44,24,80,66,70,70,58,68,0],"gold":191,"neow_bonus":"THREE_CARDS","is_prod":false,"is_daily":false,"chose_seed":false,"campfire_upgraded":8,"win_rate":0,"timestamp":1545208701,"path_taken":["M","M","?","M","M","R","?","M","T","R","M","R","E","M","R","BOSS","M","?","M","?","M","R","E","R","T","M","R","$","R","E","R","BOSS","M","M","$","M","M","E"],"build_version":"2018-12-13","purchased_purges":3,"victory":false,"max_hp_per_floor":[80,80,80,80,80,80,80,80,80,80,80,80,80,80,80,80,80,80,80,80,80,80,80,80,80,80,80,80,80,80,80,80,80,80,80,80,80,80,80,80],"card_choices":[{"not_picked":["Battle Trance","Wild Strike"],"picked":"Thunderclap","floor":0},{"not_picked":["Warcry","Armaments"],"picked":"Shrug It Off","floor":1},{"not_picked":["Whirlwind","Iron Wave"],"picked":"Cleave","floor":2},{"not_picked":["Searing Blow","Uppercut"],"picked":"Spot Weakness","floor":4},{"not_picked":["Infernal Blade","Clash"],"picked":"Carnage","floor":5},{"not_picked":["Searing Blow","Shrug It Off","Body Slam"],"picked":"SKIP","floor":7},{"not_picked":["Rage","Burning Pact"],"picked":"Twin Strike","floor":8},{"not_picked":["Hemokinesis+1","Clash+1"],"picked":"Sword Boomerang+1","floor":11},{"not_picked":["Fire Breathing","Corruption","Body Slam+1"],"picked":"SKIP","floor":13},{"not_picked":["Fire Breathing","Corruption"],"picked":"Body Slam+1","floor":13},{"not_picked":["Double Tap","Feel No Pain"],"picked":"Headbutt+1","floor":14},{"not_picked":["Exhume","Impervious"],"picked":"Bludgeon+1","floor":16},{"not_picked":["Reckless Charge+1","Hemokinesis+1"],"picked":"Pommel Strike+1","floor":18},{"not_picked":["Clash+1","Havoc","Cleave+1"],"picked":"SKIP","floor":20},{"not_picked":["Second Wind","Warcry"],"picked":"Heavy Blade+1","floor":22},{"not_picked":["Blood for Blood+1","Rupture+1"],"picked":"Headbutt+1","floor":24},{"not_picked":["Heavy Blade+1","Clothesline+1","True Grit"],"picked":"SKIP","floor":27},{"not_picked":["Combust","Sentinel+1"],"picked":"Flame Barrier","floor":31},{"not_picked":["Dark Embrace","Feed+1"],"picked":"Double Tap","floor":33},{"not_picked":["Wild Strike+1","Searing Blow+1","Feel No Pain"],"picked":"SKIP","floor":35},{"not_picked":["Searing Blow+1","Clothesline+1","Clash+1"],"picked":"SKIP","floor":36},{"not_picked":["Wild Strike+1","Heavy Blade+1"],"picked":"Ghostly Armor+1","floor":38},{"not_picked":["Heavy Blade+1","Iron Wave+1","Havoc+1"],"picked":"SKIP","floor":39}],"player_experience":245808,"relics_obtained":[{"floor":9,"key":"Molten Egg 2"},{"floor":13,"key":"Bird Faced Urn"},{"floor":21,"key":"WingedGreaves"},{"floor":21,"key":"Paper Frog"},{"floor":24,"key":"Incense Burner"},{"floor":26,"key":"Orichalcum"},{"floor":31,"key":"Bronze Scales"}],"event_choices":[{"damage_healed":0,"gold_gain":0,"player_choice":"Stopped","damage_taken":9,"max_hp_gain":0,"max_hp_loss":0,"event_name":"Cursed Tome","floor":19,"gold_loss":0},{"damage_healed":0,"gold_gain":0,"player_choice":"Fight","damage_taken":0,"max_hp_gain":0,"max_hp_loss":0,"event_name":"Colosseum","floor":21,"gold_loss":0},{"damage_healed":0,"gold_gain":0,"player_choice":"Fought Nobs","damage_taken":0,"max_hp_gain":0,"max_hp_loss":0,"event_name":"Colosseum","floor":21,"gold_loss":0}],"is_beta":false,"boss_relics":[{"not_picked":["Astrolabe","Orrery"],"picked":"Cursed Key"},{"not_picked":["Runic Dome","Runic Cube"],"picked":"Black Blood"}],"items_purged_floors":[3,29,37],"is_endless":false,"potions_floor_spawned":[2,4,11,16,20,21,22,24,33,35,36],"killed_by":"Giant Head","ascension_level":3}