{"gold_per_floor":[116,79,91,111,111,131,159,175,231,256,44,44,57,74,74,74],"floor_reached":16,"playtime":506,"items_purged":[],"score":192,"play_id":"2524fb70-28b2-4190-85d1-72f5bca8da8e","local_time":"20190423201022","is_ascension_mode":true,"campfire_choices":[{"data":"Riddle With Holes","floor":12,"key":"SMITH"},{"data":"Defend_G","floor":15,"key":"SMITH"}],"neow_cost":"NONE","seed_source_timestamp":3136841702413989,"circlet_count":0,"master_deck":["AscendersBane","Defend_G","Defend_G","Defend_G+1","Defend_G","Defend_G","Strike_G","Strike_G","Strike_G","Strike_G","Strike_G","Survivor","Neutralize","Riddle With Holes+1","Dash","Slice","Backstab+1","Sucker Punch+1","Escape Plan"],"relics":["Runic Pyramid","Molten Egg 2","Ancient Tea Set","Tiny Chest","Bag of Preparation","HandDrill"],"potions_floor_usage":[6,16,16],"damage_taken":[{"damage":3,"enemies":"Cultist","floor":1,"turns":4},{"damage":4,"enemies":"Jaw Worm","floor":3,"turns":3},{"damage":3,"enemies":"Small Slimes","floor":4,"turns":4},{"damage":21,"enemies":"Exordium Thugs","floor":6,"turns":5},{"damage":16,"enemies":"Gremlin Nob","floor":7,"turns":4},{"damage":2,"enemies":"2 Fungi Beasts","floor":8,"turns":3},{"damage":0,"enemies":"Large Slime","floor":13,"turns":4},{"damage":0,"enemies":"Looter","floor":14,"turns":1},{"damage":32,"enemies":"Hexaghost","floor":16,"turns":14}],"seed_played":"-3200186654840252036","potions_obtained":[{"floor":3,"key":"Energy Potion"},{"floor":4,"key":"Regen Potion"},{"floor":6,"key":"Swift Potion"}],"is_trial":false,"path_per_floor":["M","$","M","M","T","M","E","M","T","T","$","R","M","M","R","B"],"character_chosen":"THE_SILENT","items_purchased":["Dash","HandDrill"],"campfire_rested":0,"item_purchase_floors":[2,11],"current_hp_per_floor":[56,56,52,49,49,42,26,24,24,24,24,24,24,24,24,0],"gold":74,"neow_bonus":"BOSS_RELIC","is_prod":false,"is_daily":false,"chose_seed":false,"campfire_upgraded":2,"win_rate":0,"timestamp":1556046622,"path_taken":["M","?","M","M","?","?","E","M","T","?","$","R","M","?","R","BOSS"],"build_version":"2019-01-23","purchased_purges":0,"victory":false,"max_hp_per_floor":[66,66,66,66,66,66,66,66,66,66,66,66,66,66,66,66],"card_choices":[{"not_picked":["Dagger Throw","Sucker Punch"],"picked":"Riddle With Holes","floor":1},{"not_picked":["Predator","Dagger Throw","Quick Slash"],"picked":"SKIP","floor":3},{"not_picked":["Underhanded Strike","Burst"],"picked":"Slice","floor":4},{"not_picked":["Flying Knee+1","Deadly Poison"],"picked":"Backstab+1","floor":6},{"not_picked":["PiercingWail","Dodge and Roll"],"picked":"Sucker Punch+1","floor":7},{"not_picked":["Bane+1","Backflip","Poisoned Stab+1"],"picked":"SKIP","floor":8},{"not_picked":["Eviscerate+1","Caltrops","Bane+1"],"picked":"SKIP","floor":13},{"not_picked":["Slice+1","Dagger Spray+1"],"picked":"Escape Plan","floor":14}],"player_experience":637214,"relics_obtained":[{"floor":5,"key":"Molten Egg 2"},{"floor":7,"key":"Ancient Tea Set"},{"floor":9,"key":"Tiny Chest"},{"floor":10,"key":"Bag of Preparation"}],"event_choices":[],"is_beta":false,"boss_relics":[],"items_purged_floors":[],"is_endless":false,"potions_floor_spawned":[3,4,6,14],"killed_by":"Hexaghost","ascension_level":17}