{"gold_per_floor":[119,32,46,46,0,0,14,45,97,29,29,57,69,86,86,162,162,162,94,94,94,94],"floor_reached":22,"playtime":970,"items_purged":[],"score":343,"play_id":"940911f4-52c6-4d26-ae14-466e5c07a726","local_time":"20190130154026","is_ascension_mode":true,"campfire_choices":[{"floor":6,"key":"REST"},{"floor":15,"key":"REST"}],"neow_cost":"NONE","seed_source_timestamp":3104215029734787,"circlet_count":0,"master_deck":["AscendersBane","Strike_B","Strike_B","Strike_B","Strike_B","Defend_B","Defend_B","Defend_B","Defend_B","Zap","Dualcast","Fission","Capacitor","Coolheaded","Chill","Conserve Battery","Cold Snap","Chill","Cold Snap","Leap","Barrage","Capacitor","Core Surge","Consume","Cold Snap","Defragment","Skim"],"relics":["Cracked Core","Regal Pillow","Lantern","Bag of Marbles","Prayer Wheel","Ectoplasm"],"potions_floor_usage":[8,16,22],"damage_taken":[{"damage":6,"enemies":"Cultist","floor":1,"turns":4},{"damage":2,"enemies":"2 Louse","floor":3,"turns":4},{"damage":7,"enemies":"Jaw Worm","floor":7,"turns":5},{"damage":22,"enemies":"Gremlin Nob","floor":8,"turns":5},{"damage":12,"enemies":"3 Sentries","floor":12,"turns":14},{"damage":6,"enemies":"2 Fungi Beasts","floor":13,"turns":3},{"damage":0,"enemies":"Exordium Thugs","floor":14,"turns":6},{"damage":39,"enemies":"Slime Boss","floor":16,"turns":11},{"damage":26,"enemies":"Spheric Guardian","floor":18,"turns":6},{"damage":0,"enemies":"3 Byrds","floor":20,"turns":6},{"damage":24,"enemies":"3 Cultists","floor":21,"turns":7},{"damage":19,"enemies":"Colosseum Slavers","floor":22,"turns":1}],"seed_played":"858462747452017080","potions_obtained":[{"floor":1,"key":"Weak Potion"},{"floor":8,"key":"Poison Potion"},{"floor":12,"key":"Strength Potion"},{"floor":16,"key":"PowerPotion"}],"is_trial":false,"path_per_floor":["M","$","M","?","$","R","M","E","T","?","?","E","M","M","R","B",null,"M","$","M","M","?"],"character_chosen":"DEFECT","items_purchased":["Coolheaded","Chill","Conserve Battery","Consume"],"campfire_rested":2,"item_purchase_floors":[2,2,5,19],"current_hp_per_floor":[58,58,56,38,38,71,64,42,42,42,42,30,24,24,60,21,59,33,33,33,9,0],"gold":94,"neow_bonus":"ONE_RANDOM_RARE_CARD","is_prod":false,"is_daily":false,"chose_seed":false,"campfire_upgraded":0,"win_rate":0,"timestamp":1548862826,"path_taken":["M","$","M","?","$","R","M","E","T","?","?","E","M","M","R","BOSS","M","$","M","M","?"],"build_version":"2019-01-23","purchased_purges":0,"victory":false,"max_hp_per_floor":[71,71,71,71,71,71,71,71,71,71,71,71,71,71,71,71,71,71,71,71,71,71],"card_choices":[{"not_picked":["Leap","Stack"],"picked":"Capacitor","floor":1},{"not_picked":["Skim","Turbo","Steam"],"picked":"SKIP","floor":3},{"not_picked":["Streamline","Hello World"],"picked":"Cold Snap","floor":7},{"not_picked":["Static Discharge","Hologram"],"picked":"Chill","floor":8},{"not_picked":["Ball Lightning","Steam Power"],"picked":"Cold Snap","floor":12},{"not_picked":["Chaos","Rebound"],"picked":"Leap","floor":13},{"not_picked":["Steam","Redo","Stack"],"picked":"SKIP","floor":13},{"not_picked":["Beam Cell","Hologram"],"picked":"Barrage","floor":14},{"not_picked":["Glacier","Doom and Gloom"],"picked":"Capacitor","floor":14},{"not_picked":["Electrodynamics","Hyperbeam"],"picked":"Core Surge","floor":16},{"not_picked":["Ball Lightning","Chaos","Scrape"],"picked":"SKIP","floor":18},{"not_picked":["Chaos","Leap","Stack"],"picked":"SKIP","floor":18},{"not_picked":["Tempest","Go for the Eyes"],"picked":"Cold Snap","floor":20},{"not_picked":["Streamline","Steam","Self Repair"],"picked":"SKIP","floor":20},{"not_picked":["Sweeping Beam+1","Steam"],"picked":"Defragment","floor":21},{"not_picked":["Redo","Barrage"],"picked":"Skim","floor":21}],"player_experience":494235,"relics_obtained":[{"floor":8,"key":"Lantern"},{"floor":9,"key":"Bag of Marbles"},{"floor":12,"key":"Prayer Wheel"}],"event_choices":[{"damage_healed":0,"gold_gain":0,"player_choice":"Success","damage_taken":18,"relics_obtained":["Regal Pillow"],"max_hp_gain":0,"max_hp_loss":0,"event_name":"Scrap Ooze","floor":4,"gold_loss":0},{"damage_healed":0,"gold_gain":0,"player_choice":"Left Gold","damage_taken":0,"max_hp_gain":0,"max_hp_loss":0,"event_name":"World of Goop","floor":10,"gold_loss":68},{"damage_healed":0,"gold_gain":0,"player_choice":"Ignored","damage_taken":0,"max_hp_gain":0,"max_hp_loss":0,"event_name":"Golden Wing","floor":11,"gold_loss":0},{"damage_healed":0,"gold_gain":0,"player_choice":"Fight","damage_taken":0,"max_hp_gain":0,"max_hp_loss":0,"event_name":"Colosseum","floor":22,"gold_loss":0}],"is_beta":false,"boss_relics":[{"not_picked":["Nuclear Battery","Lizard Tail"],"picked":"Ectoplasm"}],"items_purged_floors":[],"is_endless":false,"potions_floor_spawned":[1,8,12,16,21],"killed_by":"Colosseum Slavers","ascension_level":15}