{"gold_per_floor":[111,211,223,237,222,222,222,232,286,286,301,301,313,328,328,433,433,453,469,394,412,424,424,424,824,824,837,855,855,310,335,335,335],"floor_reached":33,"playtime":4032,"items_purged":["Strike_G"],"score":263,"play_id":"0e00eab1-7a42-4846-b12b-178be50e20bd","local_time":"20181203004235","is_ascension_mode":false,"campfire_choices":[{"data":"Neutralize","floor":6,"key":"SMITH"},{"data":"Blur","floor":10,"key":"SMITH"},{"data":"Blade Dance","floor":15,"key":"SMITH"},{"data":"Cloak And Dagger","floor":23,"key":"SMITH"},{"data":"Cloak And Dagger","floor":29,"key":"SMITH"},{"floor":32,"key":"RECALL"}],"neow_cost":"NONE","seed_source_timestamp":223233720444683,"circlet_count":0,"master_deck":["Defend_G","Defend_G","Defend_G","Defend_G","Defend_G","Strike_G","Strike_G","Strike_G","Survivor","Neutralize+1","Dodge and Roll+1","Heel Hook","Accuracy","Blur+1","Acrobatics","Backflip","Blade Dance+1","Adrenaline","Cloak And Dagger+1","Calculated Gamble+1","Escape Plan+1","Cloak And Dagger+1","Backstab","Slice","Well Laid Plans","Grand Finale"],"relics":["WristBlade","Cursed Key","Old Coin","Bottled Lightning","Happy Flower","Letter Opener","Pear"],"potions_floor_usage":[8,16,21,25,25,33,33],"damage_taken":[{"damage":0,"enemies":"Jaw Worm","floor":1,"turns":5},{"damage":0,"enemies":"Cultist","floor":3,"turns":4},{"damage":0,"enemies":"2 Louse","floor":4,"turns":4},{"damage":16,"enemies":"Exordium Thugs","floor":5,"turns":8},{"damage":1,"enemies":"Exordium Wildlife","floor":8,"turns":4},{"damage":0,"enemies":"2 Fungi Beasts","floor":11,"turns":7},{"damage":2,"enemies":"3 Louse","floor":13,"turns":7},{"damage":0,"enemies":"Looter","floor":14,"turns":4},{"damage":36,"enemies":"Slime Boss","floor":16,"turns":13},{"damage":0,"enemies":"3 Byrds","floor":18,"turns":6},{"damage":0,"enemies":"Shell Parasite","floor":19,"turns":6},{"damage":11,"enemies":"Chosen and Byrds","floor":21,"turns":9},{"damage":0,"enemies":"Centurion and Healer","floor":22,"turns":6},{"damage":0,"enemies":"Colosseum Slavers","floor":25,"turns":5},{"damage":3,"enemies":"Colosseum Nobs","floor":25,"turns":4},{"damage":1,"enemies":"Snake Plant","floor":27,"turns":5},{"damage":3,"enemies":"Chosen and Byrds","floor":28,"turns":6},{"damage":12,"enemies":"Book of Stabbing","floor":31,"turns":5},{"damage":55,"enemies":"Champ","floor":33,"turns":11}],"seed_played":"-6181189129264163472","potions_obtained":[{"floor":1,"key":"SteroidPotion"},{"floor":3,"key":"SpeedPotion"},{"floor":5,"key":"Fire Potion"},{"floor":8,"key":"Strength Potion"},{"floor":16,"key":"SkillPotion"},{"floor":18,"key":"Block Potion"},{"floor":25,"key":"Dexterity Potion"},{"floor":31,"key":"AttackPotion"}],"is_trial":false,"path_per_floor":["M","?","M","M","M","R","?","M","T","R","M","?","M","M","R","B",null,"M","M","?","M","M","R","?","?","T","M","M","R","$","E","R","B"],"character_chosen":"THE_SILENT","items_purchased":["Happy Flower","Letter Opener","Well Laid Plans"],"campfire_rested":0,"item_purchase_floors":[30,30,30],"current_hp_per_floor":[70,70,70,70,54,54,54,53,53,53,53,53,51,51,51,15,70,70,70,70,59,59,59,59,56,56,55,52,52,52,50,50,0],"gold":335,"neow_bonus":"BOSS_RELIC","is_prod":false,"is_daily":false,"chose_seed":false,"campfire_upgraded":5,"win_rate":0,"timestamp":1543815755,"path_taken":["M","?","M","M","?","R","?","?","T","R","M","?","M","M","R","BOSS","M","M","?","M","M","R","?","?","T","M","M","R","$","E","R","BOSS"],"build_version":"2018-11-15","purchased_purges":1,"victory":false,"max_hp_per_floor":[70,70,70,70,70,70,70,70,70,70,70,70,70,70,70,70,70,70,70,70,70,70,70,70,70,70,70,70,70,70,80,80,80],"card_choices":[{"not_picked":["Bouncing Flask","Distraction"],"picked":"Dodge and Roll","floor":1},{"not_picked":["Quick Slash","Flying Knee"],"picked":"Heel Hook","floor":3},{"not_picked":["Crippling Poison","Dagger Spray"],"picked":"Accuracy","floor":4},{"not_picked":["Dodge and Roll","PiercingWail"],"picked":"Blur","floor":5},{"not_picked":["Flying Knee","Catalyst"],"picked":"Acrobatics","floor":8},{"not_picked":["Poisoned Stab","Riddle With Holes"],"picked":"Backflip","floor":11},{"not_picked":["Flechettes","Skewer","Catalyst"],"picked":"SKIP","floor":13},{"not_picked":["Dodge and Roll","Glass Knife"],"picked":"Blade Dance","floor":14},{"not_picked":["Grand Finale","Phantasmal Killer"],"picked":"Adrenaline","floor":16},{"not_picked":["Backflip+1","Dagger Spray+1"],"picked":"Cloak And Dagger","floor":18},{"not_picked":["Flechettes","Dagger Throw","Outmaneuver+1"],"picked":"SKIP","floor":19},{"not_picked":["Outmaneuver","Underhanded Strike"],"picked":"Calculated Gamble+1","floor":21},{"not_picked":["Quick Slash","Caltrops"],"picked":"Escape Plan+1","floor":22},{"not_picked":["Distraction","Deadly Poison"],"picked":"Cloak And Dagger","floor":25},{"not_picked":["Doppelganger","Sucker Punch"],"picked":"Backstab","floor":27},{"not_picked":["All Out Attack","Sucker Punch"],"picked":"Slice","floor":28},{"not_picked":["Dagger Throw","Caltrops"],"picked":"Grand Finale","floor":31}],"player_experience":374480,"relics_obtained":[{"floor":25,"key":"Old Coin"},{"floor":25,"key":"Bottled Lightning"},{"floor":31,"key":"Pear"}],"event_choices":[{"damage_healed":0,"gold_gain":100,"player_choice":"Pray","damage_taken":0,"max_hp_gain":0,"max_hp_loss":0,"event_name":"Golden Shrine","floor":2,"gold_loss":0},{"damage_healed":0,"gold_gain":0,"player_choice":"Upgraded","damage_taken":0,"max_hp_gain":0,"max_hp_loss":0,"event_name":"Upgrade Shrine","floor":7,"gold_loss":0,"cards_upgraded":["Dodge and Roll"]},{"damage_healed":0,"gold_gain":0,"player_choice":"Ignored","damage_taken":0,"max_hp_gain":0,"max_hp_loss":0,"event_name":"NoteForYourself","floor":12,"gold_loss":0},{"cards_removed":["Strike_G"],"damage_healed":0,"gold_gain":0,"player_choice":"Gave Gold","damage_taken":0,"max_hp_gain":0,"max_hp_loss":0,"event_name":"Beggar","floor":20,"gold_loss":75},{"damage_healed":0,"gold_gain":0,"player_choice":"Ignored","damage_taken":0,"max_hp_gain":0,"max_hp_loss":0,"event_name":"The Mausoleum","floor":24,"gold_loss":0},{"damage_healed":0,"gold_gain":0,"player_choice":"Fight","damage_taken":0,"max_hp_gain":0,"max_hp_loss":0,"event_name":"Colosseum","floor":25,"gold_loss":0},{"damage_healed":0,"gold_gain":0,"player_choice":"Fought Nobs","damage_taken":0,"max_hp_gain":0,"max_hp_loss":0,"event_name":"Colosseum","floor":25,"gold_loss":0}],"is_beta":false,"boss_relics":[{"not_picked":["Astrolabe","Runic Dome"],"picked":"Cursed Key"}],"items_purged_floors":[30],"is_endless":false,"potions_floor_spawned":[1,3,5,8,16,18,25,25,31],"killed_by":"Champ","ascension_level":0}