{"path_per_floor":["M","?","?","?","M","R","M","E","T","M","M","M","E","M","R","B",null,"M","?","?","M","$","R","?","E","T","E","$","R","?","?","R","B",null,"M","?","$","M","?","E","R","M","T","E","$","R","E","M","R","B"],"character_chosen":"THE_SILENT","items_purchased":["Du-Vu Doll","Cloak And Dagger","Adrenaline","Finisher","Accuracy"],"gold_per_floor":[111,186,286,236,246,246,259,289,289,301,317,329,362,376,376,478,478,491,491,491,508,138,138,138,173,173,206,54,54,54,54,54,151,151,166,166,86,97,152,181,181,192,215,250,23,23,52,64,64,64],"floor_reached":51,"campfire_rested":3,"playtime":3103,"current_hp_per_floor":[69,58,58,58,55,55,55,56,56,56,56,54,37,37,58,23,70,70,70,46,46,46,67,67,60,60,40,40,40,24,24,45,45,70,64,64,64,56,51,55,55,59,59,63,63,63,70,70,70,57],"items_purged":["Defend_G","Defend_G","Strike_G"],"gold":64,"score":791,"play_id":"9f854da8-ac3e-43d6-b235-7c49405dd1bd","is_prod":false,"is_daily":false,"is_ascension_mode":true,"campfire_upgraded":5,"path_taken":["M","?","?","?","M","R","M","E","T","M","M","?","E","M","R","BOSS","M","?","?","M","$","R","?","E","T","E","?","R","?","?","R","BOSS","M","?","$","M","?","E","R","M","T","E","$","R","E","M","R","BOSS"],"build_version":"2018-02-22-BETA1","purchased_purges":3,"victory":true,"master_deck":["Defend_G","Defend_G","Defend_G","Strike_G","Strike_G","Survivor","Neutralize","Finisher","Cloak And Dagger+1","Predator","Slice","Accuracy+1","Calculated Gamble","Adrenaline","Malaise","Flying Knee","Bullet Time","Backflip+1","Cloak And Dagger","Dark Shackles","Finesse","Accuracy+1","Cloak And Dagger","Decay","Blur","Cloak And Dagger+1","Necronomicurse","Writhe","Prepared","Tactician","Prepared+1","Adrenaline","Blade Dance+1","Blade Dance+1","Parasite","Finisher","Accuracy+1","Footwork+1","Escape Plan+1"],"max_hp_per_floor":[70,70,70,70,70,70,70,70,70,70,70,70,70,70,70,70,70,70,70,70,70,70,70,70,70,70,70,70,70,70,70,70,70,70,70,70,70,70,70,70,70,70,70,70,70,70,70,70,70,70],"relics":["Ring of the Snake","Ancient Tea Set","Dream Catcher","Ornamental Fan","Vajra","Cursed Key","Du-Vu Doll","Lantern","Thread and Needle","Bird Faced Urn","Necronomicon","Mercury Hourglass","Black Star","Shovel","Happy Flower","Juzu Bracelet","Blood Vial","Bronze Scales","Bag of Preparation","Orichalcum","Oddly Smooth Stone"],"card_choices":[{"not_picked":["Underhanded Strike","Dagger Throw"],"picked":"Finisher"},{"not_picked":["Crippling Poison","Dagger Spray"],"picked":"Cloak And Dagger"},{"not_picked":["Sucker Punch","Slice"],"picked":"Predator"},{"not_picked":["Riddle With Holes","Expertise"],"picked":"Slice"},{"not_picked":["Concentrate","Dodge and Roll"],"picked":"Accuracy"},{"not_picked":["Backflip","Slice"],"picked":"Calculated Gamble"},{"not_picked":["Dodge and Roll","Underhanded Strike"],"picked":"Adrenaline"},{"not_picked":["Predator","Dagger Spray"],"picked":"Malaise"},{"not_picked":["Quick Slash","Deadly Poison"],"picked":"Flying Knee"},{"not_picked":["Venomology","Grand Finale"],"picked":"Bullet Time"},{"not_picked":["Dagger Throw","Dagger Spray"],"picked":"Backflip"},{"not_picked":["Quick Slash","Underhanded Strike"],"picked":"Accuracy"},{"not_picked":["Blur","Bane"],"picked":"Cloak And Dagger"},{"not_picked":["Dagger Spray","Deadly Poison"],"picked":"Blur"},{"not_picked":["Poisoned Stab","Backflip"],"picked":"Prepared"},{"not_picked":["Doppelganger","Envenom"],"picked":"Tactician"},{"not_picked":["Setup","Accuracy"],"picked":"Prepared"},{"not_picked":["Leg Sweep","Dagger Throw"],"picked":"Blade Dance"},{"not_picked":["Slice","Terror"],"picked":"Blade Dance"},{"not_picked":["Finisher","Masterful Stab"],"picked":"Footwork"},{"not_picked":["Dodge and Roll","Setup"],"picked":"Escape Plan"}],"player_experience":150560,"potions_floor_usage":[8,11,13,16,21,33,50,50],"damage_taken":[{"damage":1,"enemies":"Jaw Worm","floor":1,"turns":8},{"damage":3,"enemies":"2 Louse","floor":5,"turns":3},{"damage":0,"enemies":"Cultist","floor":7,"turns":3},{"damage":14,"enemies":"3 Sentries","floor":8,"turns":10},{"damage":0,"enemies":"Exordium Wildlife","floor":10,"turns":3},{"damage":0,"enemies":"Lots of Slimes","floor":11,"turns":2},{"damage":2,"enemies":"Large Slime","floor":12,"turns":6},{"damage":17,"enemies":"Lagavulin","floor":13,"turns":8},{"damage":0,"enemies":"Looter","floor":14,"turns":1},{"damage":35,"enemies":"Slime Boss","floor":16,"turns":10},{"damage":0,"enemies":"3 Byrds","floor":18,"turns":4},{"damage":0,"enemies":"Spheric Guardian","floor":21,"turns":3},{"damage":7,"enemies":"Slavers","floor":25,"turns":8},{"damage":20,"enemies":"Book of Stabbing","floor":27,"turns":5},{"damage":4,"enemies":"Collector","floor":33,"turns":9},{"damage":6,"enemies":"3 Shapes","floor":35,"turns":1},{"damage":12,"enemies":"Flame Bruiser 1 Orb","floor":38,"turns":4},{"damage":9,"enemies":"Mysterious Sphere","floor":39,"turns":4},{"damage":0,"enemies":"Giant Head","floor":40,"turns":6},{"damage":0,"enemies":"Maw","floor":42,"turns":5},{"damage":0,"enemies":"2 Orb Walkers","floor":44,"turns":3},{"damage":0,"enemies":"Giant Head","floor":47,"turns":3},{"damage":0,"enemies":"Flame Bruiser 2 Orb","floor":48,"turns":3},{"damage":15,"enemies":"Time Eater","floor":50,"turns":8}],"event_choices":[{"event_name":"World of Goop","player_choice":"Gather Gold","floor":2,"damage_taken":0},{"event_name":"Golden Shrine","player_choice":"Pray","floor":3,"damage_taken":0},{"event_name":"The Cleric","player_choice":"Card Removal","floor":4,"damage_taken":0},{"event_name":"The Library","player_choice":"Read","floor":19,"damage_taken":0},{"event_name":"Knowing Skull","player_choice":"CARD CARD ","floor":20,"damage_taken":0},{"event_name":"Drug Dealer","player_choice":"Ignored","floor":24,"damage_taken":0},{"event_name":"Cursed Tome","player_choice":"Obtained Book","floor":30,"damage_taken":0},{"event_name":"The Mausoleum","player_choice":"Yes","floor":31,"damage_taken":0},{"event_name":"Mysterious Sphere","player_choice":"Fight","floor":39,"damage_taken":0}],"boss_relics":[{"not_picked":["Eternal Feather","Velvet Choker"],"picked":"Cursed Key"},{"not_picked":["Lizard Tail","Orrery"],"picked":"Black Star"}],"potions_floor_spawned":[5,8,10,13,14,21,40,44,47,48],"seed_played":"-3496723179579933621","ascension_level":1,"is_trial":false}