{"gold_per_floor":[111,130,130,150,163,163,193,203,228,228],"floor_reached":10,"playtime":542,"items_purged":[],"score":91,"play_id":"6d60ff7c-b783-42f7-9e66-a8e8af8e96fd","local_time":"20190322151840","is_ascension_mode":true,"campfire_choices":[{"data":"True Grit","floor":6,"key":"SMITH"}],"neow_cost":"NONE","seed_source_timestamp":57250840320358,"circlet_count":0,"master_deck":["Strike_R","Strike_R","Strike_R","Strike_R","Strike_R","Defend_R","Defend_R","Defend_R","Defend_R","Bash","True Grit+1","Twin Strike","Pain","Pommel Strike","Offering","Armaments"],"relics":["Burning Blood","WarpedTongs","Blood Vial","Anchor"],"potions_floor_usage":[10],"damage_taken":[{"damage":9,"enemies":"Jaw Worm","floor":1,"turns":3},{"damage":1,"enemies":"Cultist","floor":2,"turns":3},{"damage":8,"enemies":"Small Slimes","floor":4,"turns":3},{"damage":11,"enemies":"Blue Slaver","floor":5,"turns":3},{"damage":42,"enemies":"Lagavulin","floor":7,"turns":6},{"damage":18,"enemies":"Red Slaver","floor":8,"turns":3},{"damage":64,"enemies":"Gremlin Nob","floor":10,"turns":4}],"seed_played":"-3719362511782446434","potions_obtained":[{"floor":1,"key":"Dexterity Potion"},{"floor":5,"key":"SteroidPotion"}],"is_trial":false,"path_per_floor":["M","M","?","M","M","R","E","M","T","E"],"character_chosen":"IRONCLAD","items_purchased":[],"campfire_rested":0,"item_purchase_floors":[],"current_hp_per_floor":[77,82,82,80,75,75,39,29,29,0],"gold":228,"neow_bonus":"TEN_PERCENT_HP_BONUS","is_prod":false,"is_daily":false,"chose_seed":false,"campfire_upgraded":1,"win_rate":0,"timestamp":1553285920,"path_taken":["M","M","?","M","M","R","E","?","T","E"],"build_version":"2019-01-23","purchased_purges":0,"victory":false,"max_hp_per_floor":[88,88,88,88,88,88,88,88,88,88],"card_choices":[{"not_picked":["Heavy Blade","Rampage"],"picked":"True Grit","floor":1},{"not_picked":["Armaments","Carnage"],"picked":"Twin Strike","floor":2},{"not_picked":["Armaments","Searing Blow"],"picked":"Pommel Strike","floor":4},{"not_picked":["Havoc","Warcry"],"picked":"Offering","floor":5},{"not_picked":["Sentinel","Thunderclap"],"picked":"Armaments","floor":7},{"not_picked":["Warcry","Armaments","Pummel"],"picked":"SKIP","floor":8}],"player_experience":580258,"relics_obtained":[{"floor":7,"key":"Blood Vial"},{"floor":9,"key":"Anchor"}],"event_choices":[{"damage_healed":0,"gold_gain":0,"player_choice":"Rummage","damage_taken":0,"relics_obtained":["WarpedTongs"],"max_hp_gain":0,"max_hp_loss":0,"event_name":"Accursed Blacksmith","floor":3,"gold_loss":0,"cards_obtained":["Pain"]}],"is_beta":false,"boss_relics":[],"items_purged_floors":[],"is_endless":false,"potions_floor_spawned":[1,5],"killed_by":"Gremlin Nob","ascension_level":6}