{"gold_per_floor":[114,132,210,48,48,81,95,95,164,164,184,211,4,4,4,80,80,100,111,125,75,90,125,135,135,213,213,213,225,275,340,340,340],"floor_reached":33,"playtime":1237,"items_purged":[],"score":556,"play_id":"9336f25a-21a6-4d60-bfd4-0ab15226f849","local_time":"20190201191105","is_ascension_mode":true,"campfire_choices":[{"floor":8,"key":"REST"},{"floor":10,"key":"REST"},{"data":"Neutralize","floor":15,"key":"SMITH"},{"floor":25,"key":"REST"},{"floor":28,"key":"REST"},{"floor":32,"key":"REST"}],"neow_cost":"NONE","seed_source_timestamp":89360693902995,"circlet_count":0,"master_deck":["AscendersBane","Defend_G","Defend_G","Defend_G","Defend_G","Survivor","Neutralize+1","Backstab","Deflect","Backstab","Sucker Punch","Flying Knee","Riddle With Holes","Night Terror","Infinite Blades+1","Dodge and Roll+1","Predator+1","Heel Hook","Backflip","Riddle With Holes","Cloak And Dagger+1","Bite","Bite","Bite","Bite","Bite","Dash"],"relics":["Ring of the Snake","Centennial Puzzle","Pen Nib","Pear","Potion Belt","Vajra","Dodecahedron","Astrolabe","Oddly Smooth Stone","Sundial","Tiny Chest"],"potions_floor_usage":[6,16,16,23,29,31,31],"damage_taken":[{"damage":4,"enemies":"Cultist","floor":1,"turns":5},{"damage":20,"enemies":"Small Slimes","floor":2,"turns":5},{"damage":30,"enemies":"3 Sentries","floor":6,"turns":12},{"damage":0,"enemies":"Jaw Worm","floor":7,"turns":5},{"damage":3,"enemies":"Blue Slaver","floor":11,"turns":4},{"damage":18,"enemies":"Gremlin Nob","floor":12,"turns":4},{"damage":20,"enemies":"The Guardian","floor":16,"turns":11},{"damage":10,"enemies":"Shell Parasite","floor":18,"turns":3},{"damage":0,"enemies":"Spheric Guardian","floor":19,"turns":1},{"damage":1,"enemies":"Cultist and Chosen","floor":20,"turns":6},{"damage":2,"enemies":"Centurion and Healer","floor":22,"turns":7},{"damage":33,"enemies":"Book of Stabbing","floor":23,"turns":5},{"damage":7,"enemies":"Snecko","floor":24,"turns":4},{"damage":11,"enemies":"Snake Plant","floor":29,"turns":5},{"damage":14,"enemies":"Slavers","floor":31,"turns":7},{"damage":94,"enemies":"Automaton","floor":33,"turns":8}],"seed_played":"-7321632745240158048","potions_obtained":[{"floor":1,"key":"SteroidPotion"},{"floor":6,"key":"Block Potion"},{"floor":11,"key":"Energy Potion"},{"floor":12,"key":"PowerPotion"},{"floor":18,"key":"PowerPotion"},{"floor":22,"key":"Dexterity Potion"},{"floor":24,"key":"Ancient Potion"},{"floor":31,"key":"Ancient Potion"}],"is_trial":false,"path_per_floor":["M","M","?","$","?","E","M","R","T","R","M","E","$","T","R","B",null,"M","M","M","?","M","E","M","R","T","?","R","M","?","E","R","B"],"character_chosen":"THE_SILENT","items_purchased":["Blood Vial","Vajra","Riddle With Holes"],"campfire_rested":5,"item_purchase_floors":[4,13,13],"current_hp_per_floor":[55,35,35,35,35,7,9,28,38,60,59,43,43,43,43,25,63,55,57,58,58,58,27,22,44,44,44,66,61,61,55,76,0],"gold":340,"neow_bonus":"RANDOM_COMMON_RELIC","is_prod":false,"is_daily":false,"chose_seed":false,"campfire_upgraded":1,"win_rate":0,"timestamp":1549048265,"path_taken":["M","?","?","$","?","E","M","R","T","R","M","E","?","?","R","BOSS","M","M","M","?","?","E","M","R","T","?","R","M","?","E","R","BOSS"],"build_version":"2019-01-23","purchased_purges":0,"victory":false,"max_hp_per_floor":[66,66,66,66,66,66,66,66,76,76,76,76,76,76,76,76,76,76,76,76,76,76,76,76,76,76,76,76,76,76,76,76,76],"card_choices":[{"not_picked":["Setup","Well Laid Plans","Acrobatics"],"picked":"SKIP","floor":1},{"not_picked":["Deflect","Sucker Punch"],"picked":"Backstab","floor":2},{"not_picked":["Endless Agony","Crippling Poison"],"picked":"Deflect","floor":6},{"not_picked":["Blur","Outmaneuver"],"picked":"Backstab","floor":7},{"not_picked":["Dagger Throw","Choke"],"picked":"Sucker Punch","floor":11},{"not_picked":["All Out Attack","Quick Slash"],"picked":"Flying Knee","floor":12},{"not_picked":["Adrenaline","Venomology"],"picked":"Night Terror","floor":16},{"not_picked":["Sucker Punch","Outmaneuver","Catalyst"],"picked":"SKIP","floor":18},{"not_picked":["Bouncing Flask","Choke"],"picked":"Heel Hook","floor":19},{"not_picked":["Well Laid Plans","Dagger Throw"],"picked":"Backflip","floor":20},{"not_picked":["Deflect","Eviscerate"],"picked":"Riddle With Holes","floor":22},{"not_picked":["Poisoned Stab+1","Infinite Blades"],"picked":"Cloak And Dagger+1","floor":23},{"not_picked":["Noxious Fumes","Infinite Blades","Quick Slash"],"picked":"SKIP","floor":24},{"not_picked":["Reflex","Eviscerate"],"picked":"Dash","floor":29},{"not_picked":["Slice","Flechettes","Sucker Punch"],"picked":"SKIP","floor":31}],"player_experience":506707,"relics_obtained":[{"floor":6,"key":"Pen Nib"},{"floor":9,"key":"Pear"},{"floor":12,"key":"Potion Belt"},{"floor":14,"key":"Dodecahedron"},{"floor":23,"key":"Oddly Smooth Stone"},{"floor":26,"key":"Sundial"},{"floor":31,"key":"Tiny Chest"}],"event_choices":[{"damage_healed":0,"gold_gain":78,"player_choice":"Gained Gold","damage_taken":0,"max_hp_gain":0,"max_hp_loss":0,"event_name":"Golden Wing","floor":3,"gold_loss":0},{"damage_healed":0,"gold_gain":0,"player_choice":"Ignored","damage_taken":0,"max_hp_gain":0,"max_hp_loss":0,"event_name":"Shining Light","floor":5,"gold_loss":0},{"damage_healed":0,"gold_gain":0,"player_choice":"Bet on Murderer","damage_taken":0,"max_hp_gain":0,"max_hp_loss":0,"event_name":"The Joust","floor":21,"gold_loss":50},{"damage_healed":0,"gold_gain":0,"player_choice":"Became a vampire (Vial)","damage_taken":0,"max_hp_gain":0,"max_hp_loss":0,"event_name":"Vampires","floor":27,"relics_lost":["Blood Vial"],"gold_loss":0,"cards_obtained":["Bite","Bite","Bite","Bite","Bite"]},{"damage_healed":0,"gold_gain":50,"player_choice":"Stole From Cult","damage_taken":0,"max_hp_gain":0,"max_hp_loss":0,"event_name":"Nest","floor":30,"gold_loss":0}],"is_beta":false,"boss_relics":[{"not_picked":["Velvet Choker","Philosopher\u0027s Stone"],"picked":"Astrolabe"}],"items_purged_floors":[],"is_endless":false,"potions_floor_spawned":[1,6,11,12,18,22,24,31],"killed_by":"Automaton","ascension_level":16}