{"gold_per_floor":[109,120,39,39,52,52,67,67,67,102,113,140,140,150,150,229,229,229,229,7,7,7,7,7,7,7,7,7,7,7,7,7,7],"floor_reached":33,"playtime":1337,"items_purged":[],"score":518,"play_id":"e4139268-dfc1-4dfb-abaa-69e45b685316","local_time":"20190429152103","is_ascension_mode":true,"campfire_choices":[{"data":"All Out Attack","floor":6,"key":"SMITH"},{"data":"Crippling Poison","floor":8,"key":"SMITH"},{"data":"Noxious Fumes","floor":13,"key":"SMITH"},{"data":"Neutralize","floor":15,"key":"SMITH"},{"data":"Burst","floor":23,"key":"SMITH"},{"data":"Well Laid Plans","floor":25,"key":"SMITH"},{"data":"Survivor","floor":27,"key":"SMITH"},{"data":"Defend_G","floor":32,"key":"SMITH"}],"neow_cost":"NONE","seed_source_timestamp":3172460244376370,"circlet_count":0,"master_deck":["AscendersBane","Defend_G","Defend_G","Defend_G","Defend_G","Defend_G+1","Strike_G","Strike_G","Strike_G","Strike_G","Survivor+1","Neutralize+1","Dagger Throw","Crippling Poison+1","Deadly Poison","All Out Attack+1","Sucker Punch","Quick Slash","Noxious Fumes+1","Burst+1","Well Laid Plans+1","Acrobatics+1","Acrobatics+1","Backflip+1"],"relics":["Coffee Dripper","Question Card","Dodecahedron","Bottled Lightning","Ectoplasm","OrangePellets","Gremlin Horn","Molten Egg 2"],"potions_floor_usage":[10,10,10,29,29,33],"damage_taken":[{"damage":0,"enemies":"2 Louse","floor":1,"turns":6},{"damage":1,"enemies":"Cultist","floor":2,"turns":6},{"damage":0,"enemies":"Small Slimes","floor":5,"turns":4},{"damage":2,"enemies":"Blue Slaver","floor":7,"turns":4},{"damage":6,"enemies":"3 Sentries","floor":10,"turns":7},{"damage":3,"enemies":"Looter","floor":11,"turns":3},{"damage":2,"enemies":"Lagavulin","floor":12,"turns":6},{"damage":0,"enemies":"Large Slime","floor":14,"turns":4},{"damage":35,"enemies":"Slime Boss","floor":16,"turns":8},{"damage":16,"enemies":"Spheric Guardian","floor":18,"turns":5},{"damage":4,"enemies":"Chosen","floor":19,"turns":4},{"damage":13,"enemies":"Snake Plant","floor":22,"turns":4},{"damage":0,"enemies":"3 Cultists","floor":24,"turns":3},{"damage":0,"enemies":"Snecko","floor":29,"turns":5},{"damage":17,"enemies":"Cultist and Chosen","floor":30,"turns":7},{"damage":13,"enemies":"Automaton","floor":33,"turns":6}],"seed_played":"-7287907412390234959","potions_obtained":[{"floor":7,"key":"GamblersBrew"},{"floor":10,"key":"Fruit Juice"},{"floor":18,"key":"GamblersBrew"},{"floor":22,"key":"Block Potion"},{"floor":24,"key":"Swift Potion"},{"floor":30,"key":"Fire Potion"}],"is_trial":false,"path_per_floor":["M","M","$","?","M","R","M","R","T","E","M","E","R","M","R","B",null,"M","M","$","?","M","R","M","R","T","R","$","M","M","$","R","B"],"character_chosen":"THE_SILENT","items_purchased":["Fire Potion","Deadly Poison","OrangePellets"],"campfire_rested":0,"item_purchase_floors":[3,3,20],"current_hp_per_floor":[59,58,58,58,58,58,56,56,56,55,52,50,50,50,50,15,57,41,37,37,37,24,24,24,24,24,24,24,24,7,7,7,0],"gold":7,"neow_bonus":"BOSS_RELIC","is_prod":false,"is_daily":false,"chose_seed":false,"campfire_upgraded":8,"win_rate":0,"timestamp":1556547663,"path_taken":["M","M","$","?","M","R","M","R","T","E","M","E","R","M","R","BOSS","M","?","$","?","M","R","M","R","T","R","$","M","M","?","R","BOSS"],"build_version":"2019-01-23","purchased_purges":0,"victory":false,"max_hp_per_floor":[66,66,66,66,66,66,66,66,66,71,71,71,71,71,71,71,71,71,71,71,71,71,71,71,71,71,71,71,71,71,71,71,71],"card_choices":[{"not_picked":["Terror","Prepared"],"picked":"Dagger Throw","floor":1},{"not_picked":["Outmaneuver","Acrobatics"],"picked":"Crippling Poison","floor":2},{"not_picked":["Bane","Deadly Poison"],"picked":"All Out Attack","floor":5},{"not_picked":["Flying Knee","Storm of Steel"],"picked":"Sucker Punch","floor":7},{"not_picked":["Deadly Poison","Blur","Crippling Poison"],"picked":"Quick Slash","floor":10},{"not_picked":["Dagger Throw","Expertise","Blur"],"picked":"Noxious Fumes","floor":11},{"not_picked":["Cloak And Dagger","Poisoned Stab","All Out Attack","Dagger Throw"],"picked":"SKIP","floor":12},{"not_picked":["Blade Dance","Masterful Stab","Deflect","Dagger Throw"],"picked":"SKIP","floor":14},{"not_picked":["Die Die Die","Doppelganger","Grand Finale"],"picked":"Burst","floor":16},{"not_picked":["Eviscerate+1","Cloak And Dagger+1","Reflex"],"picked":"Well Laid Plans","floor":18},{"not_picked":["Cloak And Dagger","Deflect","Calculated Gamble"],"picked":"Acrobatics+1","floor":19},{"not_picked":["Blade Dance","Quick Slash","Deadly Poison"],"picked":"Acrobatics+1","floor":22},{"not_picked":["Outmaneuver","Bane","Caltrops","Endless Agony"],"picked":"SKIP","floor":24},{"not_picked":["Tools of the Trade","Dagger Throw+1","Dodge and Roll"],"picked":"Backflip+1","floor":29},{"not_picked":["Setup+1","Dagger Spray+1","Skewer+1","Infinite Blades"],"picked":"SKIP","floor":30}],"player_experience":251660,"relics_obtained":[{"floor":9,"key":"Question Card"},{"floor":10,"key":"Dodecahedron"},{"floor":12,"key":"Bottled Lightning"},{"floor":26,"key":"Molten Egg 2"}],"event_choices":[{"cards_removed":["Strike_G"],"damage_healed":0,"gold_gain":0,"player_choice":"Purged","damage_taken":0,"max_hp_gain":0,"max_hp_loss":0,"event_name":"Purifier","floor":4,"gold_loss":0},{"damage_healed":0,"gold_gain":0,"player_choice":"Gave Potion","damage_taken":0,"relics_obtained":["Gremlin Horn"],"max_hp_gain":0,"max_hp_loss":0,"event_name":"WeMeetAgain","floor":21,"gold_loss":0}],"is_beta":false,"boss_relics":[{"not_picked":["HoveringKite","Eternal Feather"],"picked":"Ectoplasm"}],"items_purged_floors":[],"is_endless":false,"potions_floor_spawned":[7,10,18,22,24,30],"killed_by":"Automaton","ascension_level":20}