{"gold_per_floor":[114,114,130,153,153,153,194,194,194,228,228,228,105,144,144,268,268,284,284,284,309,328,362,362,403,464,476,488,513,525,537,549,660,672,701,713,739,651,667,667,285,285],"floor_reached":42,"playtime":2886,"items_purged":["Defend_B","Strike_B","Strike_B"],"score":585,"play_id":"cf1b47fe-1559-449d-b532-888ea407babf","local_time":"20190306183230","is_ascension_mode":true,"campfire_choices":[{"data":"Zap","floor":6,"key":"SMITH"},{"data":"Dualcast","floor":8,"key":"SMITH"},{"data":"Beam Cell","floor":11,"key":"SMITH"},{"floor":15,"key":"REST"},{"floor":24,"key":"REST"},{"data":"Static Discharge","floor":27,"key":"SMITH"},{"data":"FTL","floor":30,"key":"SMITH"},{"data":"Hologram","floor":32,"key":"SMITH"},{"data":"Seek","floor":40,"key":"SMITH"}],"neow_cost":"NONE","seed_source_timestamp":191764164736356,"circlet_count":0,"master_deck":["Defend_B","Defend_B","Defend_B","Zap+1","Dualcast+1","Sunder","Conserve Battery","Conserve Battery","Sweeping Beam","Steam","Beam Cell+1","Static Discharge+1","Hologram+1","Glacier","Chill+1","Compile Driver","Gash","Cold Snap","Seek+1","FTL+1","Gash","Biased Cognition","Rebound","Gash+1","FTL","Thinking Ahead"],"relics":["Cracked Core","Bloody Idol","Pear","Blue Candle","Juzu Bracelet","Mummified Hand","Philosopher\u0027s Stone","Mercury Hourglass","Bottled Lightning","MawBank","Potion Belt"],"potions_floor_usage":[7,21,23,33,33,42],"damage_taken":[{"damage":2,"enemies":"Jaw Worm","floor":1,"turns":3},{"damage":0,"enemies":"2 Louse","floor":3,"turns":2},{"damage":0,"enemies":"Cultist","floor":4,"turns":2},{"damage":24,"enemies":"Lagavulin","floor":7,"turns":7},{"damage":3,"enemies":"3 Sentries","floor":10,"turns":6},{"damage":12,"enemies":"Lagavulin","floor":14,"turns":5},{"damage":5,"enemies":"The Guardian","floor":16,"turns":11},{"damage":24,"enemies":"3 Byrds","floor":18,"turns":4},{"damage":0,"enemies":"Spheric Guardian","floor":21,"turns":3},{"damage":15,"enemies":"Snecko","floor":22,"turns":6},{"damage":8,"enemies":"Book of Stabbing","floor":23,"turns":5},{"damage":15,"enemies":"Gremlin Leader","floor":25,"turns":9},{"damage":3,"enemies":"Centurion and Healer","floor":29,"turns":4},{"damage":55,"enemies":"Champ","floor":33,"turns":11},{"damage":0,"enemies":"3 Shapes","floor":35,"turns":5},{"damage":9,"enemies":"3 Darklings","floor":37,"turns":7},{"damage":0,"enemies":"Sphere and 2 Shapes","floor":39,"turns":6},{"damage":105,"enemies":"Giant Head","floor":42,"turns":9}],"seed_played":"-3964959860294707615","potions_obtained":[{"floor":3,"key":"FearPotion"},{"floor":4,"key":"LiquidBronze"},{"floor":16,"key":"SkillPotion"},{"floor":21,"key":"Block Potion"},{"floor":23,"key":"Explosive Potion"},{"floor":37,"key":"SkillPotion"},{"floor":39,"key":"Explosive Potion"}],"is_trial":false,"path_per_floor":["M","?","M","M","?","R","E","R","T","E","R","?","$","E","R","B",null,"M","?","?","M","M","E","R","E","T","R","?","M","R","?","R","B",null,"M","?","M","$","M","R","$","E"],"character_chosen":"DEFECT","items_purchased":["Hologram","FTL","Thinking Ahead"],"campfire_rested":2,"item_purchase_floors":[13,41,41],"current_hp_per_floor":[66,48,48,48,48,48,34,34,34,31,31,31,31,19,44,39,74,50,50,50,50,35,27,52,37,37,37,37,44,49,54,59,14,69,79,81,77,81,81,81,81,0],"gold":285,"neow_bonus":"THREE_CARDS","is_prod":false,"is_daily":false,"chose_seed":false,"campfire_upgraded":7,"win_rate":0,"timestamp":1551918750,"path_taken":["M","?","M","M","?","R","E","R","T","E","R","?","$","E","R","BOSS","M","?","?","M","M","E","R","E","T","R","?","M","R","?","R","BOSS","M","?","M","$","M","R","$","E"],"build_version":"2019-01-23","purchased_purges":3,"victory":false,"max_hp_per_floor":[75,75,75,75,75,75,85,85,85,85,85,85,85,85,85,85,85,85,85,85,85,85,85,85,85,85,85,85,85,85,85,85,85,85,85,81,81,81,81,81,81,81],"card_choices":[{"not_picked":["Chaos","Gash"],"picked":"Sunder","floor":0},{"not_picked":["Leap","Reprogram"],"picked":"Conserve Battery","floor":1},{"not_picked":["Compile Driver","Rebound"],"picked":"Conserve Battery","floor":3},{"not_picked":["Conserve Battery","Redo"],"picked":"Sweeping Beam","floor":4},{"not_picked":["Meteor Strike","Steam Power"],"picked":"Steam","floor":7},{"not_picked":["Rip and Tear","Redo"],"picked":"Beam Cell","floor":10},{"not_picked":["Streamline","Stack"],"picked":"Glacier","floor":14},{"not_picked":["Melter","Static Discharge"],"picked":"Chill+1","floor":18},{"not_picked":["Self Repair","Streamline"],"picked":"Gash","floor":21},{"not_picked":["Leap","Turbo"],"picked":"Cold Snap","floor":22},{"not_picked":["Steam","Static Discharge"],"picked":"Seek","floor":23},{"not_picked":["Leap","Redo+1"],"picked":"FTL","floor":25},{"not_picked":["Turbo","Beam Cell"],"picked":"Gash","floor":29},{"not_picked":["Rainbow","Electrodynamics"],"picked":"Biased Cognition","floor":33},{"not_picked":["Hologram","Compile Driver"],"picked":"Rebound","floor":35},{"not_picked":["Cold Snap+1","Coolheaded","Barrage+1"],"picked":"SKIP","floor":37},{"not_picked":["Rip and Tear+1","Beam Cell+1"],"picked":"Gash+1","floor":39}],"player_experience":534535,"relics_obtained":[{"floor":7,"key":"Pear"},{"floor":9,"key":"Blue Candle"},{"floor":10,"key":"Juzu Bracelet"},{"floor":14,"key":"Mummified Hand"},{"floor":23,"key":"Bottled Lightning"},{"floor":25,"key":"MawBank"},{"floor":26,"key":"Potion Belt"}],"event_choices":[{"damage_healed":0,"gold_gain":0,"player_choice":"Take Damage","damage_taken":18,"relics_obtained":["Golden Idol"],"max_hp_gain":0,"max_hp_loss":0,"event_name":"Golden Idol","floor":2,"gold_loss":0},{"cards_removed":["Strike_B"],"damage_healed":0,"gold_gain":0,"player_choice":"Purged","damage_taken":0,"max_hp_gain":0,"max_hp_loss":0,"event_name":"Purifier","floor":5,"gold_loss":0},{"damage_healed":0,"gold_gain":0,"cards_transformed":["Strike_B"],"player_choice":"Change","damage_taken":0,"max_hp_gain":0,"max_hp_loss":0,"event_name":"Living Wall","floor":12,"gold_loss":0,"cards_obtained":["Static Discharge"]},{"damage_healed":0,"gold_gain":0,"player_choice":"Read","damage_taken":0,"max_hp_gain":0,"max_hp_loss":0,"event_name":"The Library","floor":19,"gold_loss":0,"cards_obtained":["Compile Driver"]},{"damage_healed":0,"gold_gain":0,"player_choice":"Opened","damage_taken":0,"relics_obtained":["Mercury Hourglass"],"max_hp_gain":0,"max_hp_loss":0,"event_name":"The Mausoleum","floor":20,"gold_loss":0},{"damage_healed":0,"gold_gain":0,"player_choice":"Gave Idol","damage_taken":0,"relics_obtained":["Bloody Idol"],"max_hp_gain":0,"max_hp_loss":0,"event_name":"Forgotten Altar","floor":28,"relics_lost":["Golden Idol"],"gold_loss":0},{"damage_healed":0,"gold_gain":0,"player_choice":"Ignored","damage_taken":0,"max_hp_gain":0,"max_hp_loss":0,"event_name":"Beggar","floor":31,"gold_loss":0},{"damage_healed":0,"gold_gain":0,"player_choice":"Max HP","damage_taken":0,"max_hp_gain":0,"max_hp_loss":4,"event_name":"Winding Halls","floor":36,"gold_loss":0}],"is_beta":false,"boss_relics":[{"not_picked":["Empty Cage","Black Star"],"picked":"Philosopher\u0027s Stone"},{"not_picked":["Fusion Hammer","Calling Bell","Runic Dome"]}],"items_purged_floors":[13,38,41],"is_endless":false,"potions_floor_spawned":[3,4,16,21,23,37,39],"killed_by":"Giant Head","ascension_level":6}