{"path_per_floor":["M","?","M","M","?","E","M","$","T","?","M","R","?","M","R"],"character_chosen":"THE_SILENT","items_purchased":["Paper Crane"],"gold_per_floor":[111,111,124,135,210,242,255,16,316,391,406,406,406,417,417],"floor_reached":16,"campfire_rested":2,"playtime":1160,"current_hp_per_floor":[70,70,59,57,46,32,32,32,32,32,13,34,34,25,46],"items_purged":[],"gold":417,"play_id":"d2af61f6-197a-4d59-a5b1-3f48005c5359","is_prod":false,"is_daily":false,"campfire_rituals":0,"campfire_upgraded":0,"is_hardmode":false,"path_taken":["M","?","M","?","?","E","M","?","T","?","M","R","?","?","R","BOSS"],"build_version":"2017-12-21-PROD1","purchased_purges":0,"victory":false,"master_deck":["Defend_G","Defend_G","Defend_G","Defend_G","Defend_G","Strike_G","Strike_G","Strike_G","Strike_G","Strike_G","Survivor","Neutralize","Flying Knee","Choke","Heel Hook","Unload","Blade Dance","Outmaneuver"],"max_hp_per_floor":[70,70,70,70,70,70,70,70,70,70,70,70,70,70,70],"relics":["Ring of the Snake","Tough Bandages","Paper Crane","Old Coin"],"campfire_meditates":0,"card_choices":[{"not_picked":["Dagger Spray","A Thousand Cuts"],"picked":"Bouncing Flask"},{"not_picked":["Footwork","Blur"],"picked":"Flying Knee"},{"not_picked":["Slice","Dagger Throw"],"picked":"Choke"},{"not_picked":["Leg Sweep","Dodge and Roll"],"picked":"Heel Hook"},{"not_picked":["Underhanded Strike","All Out Attack"],"picked":"Unload"},{"not_picked":["Dagger Throw","PiercingWail"],"picked":"Blade Dance"},{"not_picked":["Malaise","Dagger Spray"],"picked":"Outmaneuver"}],"player_experience":75530,"potions_floor_usage":[6,6,16],"damage_taken":[{"damage":0,"enemies":"Jaw Worm","floor":1,"turns":6},{"damage":11,"enemies":"Blue Slaver","floor":3,"turns":5},{"damage":2,"enemies":"Looter","floor":4,"turns":4},{"damage":14,"enemies":"Lagavulin","floor":6,"turns":6},{"damage":0,"enemies":"Large Slime","floor":7,"turns":4},{"damage":19,"enemies":"Gremlin Gang","floor":11,"turns":4},{"damage":9,"enemies":"Exordium Thugs","floor":14,"turns":5},{"damage":63,"enemies":"Hexaghost","floor":16,"turns":13}],"event_choices":[{"event_name":"Bonfire Elementals","player_choice":"SKILL","floor":2,"damage_taken":0},{"event_name":"World of Goop","player_choice":"Gather Gold","floor":5,"damage_taken":0},{"event_name":"Golden Wing","player_choice":"Gained Gold","floor":10,"damage_taken":0},{"event_name":"Living Wall","player_choice":"Grow","floor":13,"damage_taken":0}],"boss_relics":[],"potions_floor_spawned":[1,4,11,14],"seed_played":"-6681593199253099626","killed_by":"Hexaghost","is_trial":false}