{"path_per_floor":["M","?","M","M","$","R","M","E","T","R","$","R","E","?","R","B",null,"M","?","?","$","?","R","M","$","T","R","?","M","R","M","R","B",null,"M","?","M","M","T","R","M","?","T","M","T","R","$","M","R","B"],"character_chosen":"IRONCLAD","items_purchased":["Inflame","Lantern","Metallicize","Bag of Marbles","Shrug It Off","Meat on the Bone","Block Potion"],"gold_per_floor":[116,116,133,153,71,71,82,113,186,186,111,111,146,146,146,241,241,258,285,210,57,57,57,71,32,32,32,32,43,43,63,63,168,168,183,183,194,204,230,230,240,462,462,482,508,508,24,37,37,37],"floor_reached":51,"campfire_rested":4,"playtime":1823,"current_hp_per_floor":[80,64,70,67,67,67,72,72,72,72,72,72,62,62,62,24,80,76,78,78,78,78,78,74,74,74,74,74,63,63,56,80,56,80,80,80,53,26,26,50,40,40,40,10,10,34,34,29,53,53],"items_purged":["Strike_R"],"gold":37,"play_id":"91b4bfd7-f7d0-4192-86ad-42f7a57c8628","is_prod":false,"is_daily":false,"is_ascension_mode":false,"campfire_upgraded":7,"path_taken":["M","?","M","M","$","R","?","E","T","R","$","R","E","?","R","BOSS","M","?","?","$","?","R","M","?","T","R","?","M","R","M","R","BOSS","M","?","M","?","?","R","M","?","T","M","?","R","$","M","R","BOSS"],"build_version":"2018-01-25-BETA1","purchased_purges":1,"victory":true,"master_deck":["Strike_R+1","Defend_R+1","Defend_R+1","Defend_R+1","Defend_R+1","Bash","Flex+1","Whirlwind+1","Clash","Inflame+1","Headbutt+1","Limit Break+1","Limit Break+1","Heavy Blade+1","Shrug It Off+1","Metallicize","Headbutt","Headbutt+1","Seeing Red+1","Infernal Blade+1","Shrug It Off","Heavy Blade+1"],"max_hp_per_floor":[80,80,80,80,80,80,80,80,80,80,80,80,80,80,80,80,80,80,80,80,80,80,80,80,80,80,80,80,80,80,80,80,80,80,80,80,80,80,80,80,80,80,80,80,80,80,80,80,80,80],"relics":["Burning Blood","Molten Egg","Dodecahedron","Blue Candle","Runic Dome","Red Mask","Lantern","Matryoshka","Mark of Pain","Art of War","Bottled Lightning","Blood Vial","Mummified Hand","Dream Catcher","Bag of Marbles","Meat on the Bone"],"card_choices":[{"not_picked":["Clothesline","Corruption"],"picked":"Flex"},{"not_picked":["Twin Strike","True Grit"],"picked":"Whirlwind"},{"not_picked":["Rupture","Wild Strike"],"picked":"Clash"},{"not_picked":["Sever Soul","Havoc"],"picked":"Headbutt"},{"not_picked":["Twin Strike","Intimidate"],"picked":"Limit Break"},{"not_picked":["Exhume","Dark Embrace"],"picked":"Limit Break"},{"not_picked":["True Grit","Feel No Pain"],"picked":"Heavy Blade"},{"not_picked":["Flex","Evolve"],"picked":"Shrug It Off"},{"not_picked":["Iron Wave","Combust"],"picked":"Headbutt"},{"not_picked":["Juggernaut","Shrug It Off"],"picked":"Headbutt"},{"not_picked":["Feel No Pain","Burning Pact"],"picked":"Seeing Red"},{"not_picked":["Anger","Corruption"],"picked":"Infernal Blade"},{"not_picked":["Armaments","Flex"],"picked":"Heavy Blade"}],"player_experience":104345,"potions_floor_usage":[33,33,38,44,48,50],"damage_taken":[{"damage":6,"enemies":"Cultist","floor":1,"turns":3},{"damage":0,"enemies":"Small Slimes","floor":3,"turns":4},{"damage":9,"enemies":"Blue Slaver","floor":4,"turns":4},{"damage":1,"enemies":"2 Fungi Beasts","floor":7,"turns":4},{"damage":6,"enemies":"Gremlin Nob","floor":8,"turns":3},{"damage":16,"enemies":"3 Sentries","floor":13,"turns":3},{"damage":44,"enemies":"Hexaghost","floor":16,"turns":7},{"damage":10,"enemies":"2 Thieves","floor":18,"turns":3},{"damage":4,"enemies":"Masked Bandits","floor":19,"turns":2},{"damage":10,"enemies":"Chosen","floor":24,"turns":3},{"damage":17,"enemies":"Sentry and Sphere","floor":29,"turns":4},{"damage":13,"enemies":"Chosen and Byrds","floor":31,"turns":4},{"damage":30,"enemies":"Champ","floor":33,"turns":4},{"damage":5,"enemies":"Orb Walker","floor":35,"turns":3},{"damage":33,"enemies":"3 Darklings","floor":37,"turns":4},{"damage":33,"enemies":"Sphere and 2 Shapes","floor":38,"turns":4},{"damage":16,"enemies":"Spire Growth","floor":41,"turns":3},{"damage":38,"enemies":"Maw","floor":44,"turns":5},{"damage":25,"enemies":"Sphere and 2 Shapes","floor":48,"turns":4},{"damage":38,"enemies":"Time Eater","floor":50,"turns":6}],"event_choices":[{"event_name":"Shining Light","player_choice":"Entered Light","floor":2,"damage_taken":0},{"event_name":"Liars Game","player_choice":"disagreed","floor":14,"damage_taken":0},{"event_name":"Masked Bandits","player_choice":"Fought over 258 gold","floor":19,"damage_taken":0},{"event_name":"Beggar","player_choice":"Gave Gold","floor":20,"damage_taken":0},{"event_name":"Accursed Blacksmith","player_choice":"Ignore","floor":22,"damage_taken":0},{"event_name":"Back to Basics","player_choice":"Simplicity","floor":28,"damage_taken":0},{"event_name":"Tomb of Lord Red Mask","player_choice":"Wore Mask","floor":42,"damage_taken":0}],"boss_relics":[{"not_picked":["Philosopher\u0027s Stone","Pandora\u0027s Box"],"picked":"Runic Dome"},{"not_picked":["Cursed Key","Orrery"],"picked":"Mark of Pain"}],"potions_floor_spawned":[3,4,7,16,18,31,35,48],"seed_played":"6623742505120798725","ascension_level":0,"is_trial":false}