{"path_per_floor":["M","M","$","?","M","M","M","E","T","E","R","E","R","$","R","B",null,"M","?","M","$","M","R","E","R","T","?","R","M","?","E","R","B",null,"M","$","?","M","$","E","?","R","T","M","?","M","M","E","R","B"],"character_chosen":"IRONCLAD","items_purchased":["Clash","Flex"],"gold_per_floor":[112,129,54,54,71,87,105,137,137,163,163,195,195,47,47,143,143,157,157,172,47,67,67,92,92,163,113,113,133,133,164,164,266,266,286,260,260,272,122,150,201,201,201,216,0,18,38,66,66,66],"floor_reached":51,"campfire_rested":1,"playtime":2572,"current_hp_per_floor":[80,80,80,80,80,80,76,66,66,51,78,59,59,59,59,44,90,90,90,90,90,90,90,75,75,75,75,75,73,73,64,64,68,90,90,90,90,90,90,90,90,90,90,90,90,90,90,90,90,87],"items_purged":["Defend_R","Defend_R","Bash","Defend_R"],"gold":66,"play_id":"e040b8cf-5a58-45ed-a831-866509e90a4b","is_prod":false,"is_daily":false,"is_ascension_mode":false,"campfire_upgraded":8,"path_taken":["M","M","$","?","M","M","M","E","T","E","R","E","R","$","R","BOSS","M","?","?","$","M","R","E","R","T","?","R","?","?","E","R","BOSS","M","$","?","M","$","E","?","R","T","M","?","M","M","E","R","BOSS"],"build_version":"2018-01-30-BETA2","purchased_purges":4,"victory":true,"master_deck":["Defend_R+1","Disarm","Clash+1","Clash+1","Ghostly Armor","Inflame+1","Clash+1","Corruption+1","Havoc+1","Limit Break+1","Fire Breathing+1","Exhume+1","Shrug It Off+1","Flex","Rampage+1","Shockwave"],"max_hp_per_floor":[80,80,80,80,80,80,80,90,90,90,90,90,90,90,90,90,90,90,90,90,90,90,90,90,90,90,90,90,90,90,90,90,90,90,90,90,90,90,90,90,90,90,90,90,90,90,90,90,90,90],"relics":["Burning Blood","Pear","Unceasing Top","Bag of Preparation","Sozu","War Paint","Letter Opener","Gremlin Horn","Astrolabe","Meat on the Bone","Frozen Eye","Magic Flower","Red Mask","Prayer Wheel"],"card_choices":[{"not_picked":["Thunderclap","Flex"],"picked":"Clash"},{"not_picked":["Impervious","Shrug It Off"],"picked":"Clash"},{"not_picked":["Fire Breathing","Anger"],"picked":"Ghostly Armor"},{"not_picked":["Heavy Blade","Thunderclap"],"picked":"Cleave"},{"not_picked":["Infernal Blade","Double Tap"],"picked":"Inflame"},{"not_picked":["Heavy Blade","Searing Blow"],"picked":"Havoc"},{"not_picked":["Reaper","Brutality"],"picked":"Limit Break"},{"not_picked":["True Grit","Second Wind"],"picked":"Rampage"},{"not_picked":["Clothesline","Flame Barrier"],"picked":"Shockwave"}],"player_experience":120697,"potions_floor_usage":[10,10,12],"damage_taken":[{"damage":3,"enemies":"2 Louse","floor":1,"turns":4},{"damage":5,"enemies":"Blue Slaver","floor":2,"turns":5},{"damage":0,"enemies":"Cultist","floor":5,"turns":2},{"damage":2,"enemies":"2 Fungi Beasts","floor":6,"turns":3},{"damage":10,"enemies":"3 Louse","floor":7,"turns":3},{"damage":26,"enemies":"Gremlin Nob","floor":8,"turns":4},{"damage":36,"enemies":"3 Sentries","floor":10,"turns":8},{"damage":25,"enemies":"Lagavulin","floor":12,"turns":7},{"damage":21,"enemies":"The Guardian","floor":16,"turns":5},{"damage":0,"enemies":"Chosen","floor":18,"turns":2},{"damage":0,"enemies":"Spheric Guardian","floor":20,"turns":2},{"damage":0,"enemies":"3 Cultists","floor":22,"turns":3},{"damage":21,"enemies":"Gremlin Leader","floor":24,"turns":5},{"damage":8,"enemies":"Slaver and Parasite","floor":29,"turns":3},{"damage":15,"enemies":"Slavers","floor":31,"turns":3},{"damage":2,"enemies":"Collector","floor":33,"turns":3},{"damage":0,"enemies":"Orb Walker","floor":35,"turns":1},{"damage":0,"enemies":"3 Shapes","floor":38,"turns":2},{"damage":0,"enemies":"Giant Head","floor":40,"turns":3},{"damage":0,"enemies":"Mysterious Sphere","floor":41,"turns":1},{"damage":0,"enemies":"Flame Bruiser 2 Orb","floor":44,"turns":1},{"damage":0,"enemies":"Spire Growth","floor":46,"turns":2},{"damage":0,"enemies":"Sphere and 2 Shapes","floor":47,"turns":1},{"damage":6,"enemies":"2 Orb Walkers","floor":48,"turns":3},{"damage":12,"enemies":"Time Eater","floor":50,"turns":4}],"event_choices":[{"event_name":"Transmorgrifier","player_choice":"Transform","floor":4,"damage_taken":0},{"event_name":"The Library","player_choice":"Read","floor":19,"damage_taken":0},{"event_name":"The Joust","player_choice":"Bet on Murderer","floor":27,"damage_taken":0},{"event_name":"Purifier","player_choice":"One Purge","floor":30,"damage_taken":0},{"event_name":"Mysterious Sphere","player_choice":"Fight","floor":41,"damage_taken":0},{"event_name":"Tomb of Lord Red Mask","player_choice":"Paid","floor":45,"damage_taken":0}],"boss_relics":[{"not_picked":["Orrery","Philosopher\u0027s Stone"],"picked":"Sozu"},{"not_picked":["Question Card","Mark of Pain"],"picked":"Astrolabe"}],"potions_floor_spawned":[1,6,10,16,18,31,33,35,40,41],"seed_played":"-8878549218776553610","ascension_level":0,"is_trial":false}