{"gold_per_floor":[116,136,136,136,149,181,196,196,196,196,222,18,35,68,68,169,169,185,185],"floor_reached":19,"playtime":1626,"items_purged":["Strike_R"],"score":243,"play_id":"d6574fa9-55c6-46d8-814c-b24c0c1a6918","local_time":"20190421013346","is_ascension_mode":true,"campfire_choices":[{"data":"True Grit","floor":8,"key":"SMITH"},{"data":"Bash","floor":10,"key":"SMITH"},{"data":"Disarm","floor":15,"key":"SMITH"}],"neow_cost":"NONE","seed_source_timestamp":829747644206354,"circlet_count":0,"master_deck":["Strike_R","Strike_R","Strike_R","Strike_R","Defend_R","Defend_R","Defend_R","Defend_R","Bash+1","True Grit+1","Headbutt","Thunderclap","Twin Strike","Fiend Fire","Armaments","Combust","Disarm+1","Warcry+1"],"relics":["Burning Blood","NeowsBlessing","Shuriken","Pocketwatch","Art of War","Ornamental Fan","Blue Candle","Mercury Hourglass","Philosopher\u0027s Stone"],"potions_floor_usage":[6,14,16,19],"damage_taken":[{"damage":0,"enemies":"Cultist","floor":1,"turns":1},{"damage":0,"enemies":"2 Louse","floor":2,"turns":2},{"damage":0,"enemies":"Small Slimes","floor":5,"turns":1},{"damage":36,"enemies":"3 Sentries","floor":6,"turns":8},{"damage":13,"enemies":"Exordium Thugs","floor":7,"turns":5},{"damage":12,"enemies":"Lagavulin","floor":11,"turns":6},{"damage":0,"enemies":"Looter","floor":13,"turns":2},{"damage":11,"enemies":"3 Sentries","floor":14,"turns":5},{"damage":15,"enemies":"The Guardian","floor":16,"turns":8},{"damage":12,"enemies":"Shell Parasite","floor":18,"turns":3},{"damage":24,"enemies":"Colosseum Slavers","floor":19,"turns":3},{"damage":47,"enemies":"Colosseum Nobs","floor":19,"turns":3}],"seed_played":"187896379866996744","potions_obtained":[{"floor":5,"key":"Regen Potion"},{"floor":7,"key":"SkillPotion"},{"floor":13,"key":"AttackPotion"},{"floor":14,"key":"AttackPotion"}],"is_trial":false,"path_per_floor":["M","M","T","?","M","E","M","R","T","R","E","$","M","E","R","B",null,"M","?"],"character_chosen":"IRONCLAD","items_purchased":["Armaments","LiquidBronze"],"campfire_rested":0,"item_purchase_floors":[12,12],"current_hp_per_floor":[78,80,80,55,61,46,39,39,39,39,33,33,39,34,34,25,66,60,0],"gold":185,"neow_bonus":"THREE_ENEMY_KILL","is_prod":false,"is_daily":false,"chose_seed":false,"campfire_upgraded":3,"win_rate":0,"timestamp":1555828426,"path_taken":["M","M","?","?","M","E","M","R","T","R","E","$","M","E","R","BOSS","M","?"],"build_version":"2019-01-23","purchased_purges":1,"victory":false,"max_hp_per_floor":[80,80,80,80,80,80,80,80,80,80,80,80,80,80,80,80,80,80,80],"card_choices":[{"not_picked":["Intimidate","Body Slam"],"picked":"True Grit","floor":1},{"not_picked":["Sentinel","Twin Strike"],"picked":"Headbutt","floor":2},{"not_picked":["Heavy Blade","Body Slam"],"picked":"Thunderclap","floor":5},{"not_picked":["Evolve","Cleave","Flex"],"picked":"SKIP","floor":6},{"not_picked":["Shrug It Off","Clothesline"],"picked":"Twin Strike","floor":7},{"not_picked":["Clothesline","Uppercut"],"picked":"Fiend Fire","floor":11},{"not_picked":["Pommel Strike","Evolve"],"picked":"Combust","floor":13},{"not_picked":["Pommel Strike","Flame Barrier"],"picked":"Disarm","floor":14},{"not_picked":["Pommel Strike","True Grit"],"picked":"Warcry+1","floor":18}],"player_experience":638597,"relics_obtained":[{"floor":3,"key":"Shuriken"},{"floor":6,"key":"Art of War"},{"floor":9,"key":"Ornamental Fan"},{"floor":11,"key":"Blue Candle"},{"floor":14,"key":"Mercury Hourglass"}],"event_choices":[{"damage_healed":0,"gold_gain":0,"player_choice":"Success","damage_taken":25,"relics_obtained":["Pocketwatch"],"max_hp_gain":0,"max_hp_loss":0,"event_name":"Scrap Ooze","floor":4,"gold_loss":0},{"damage_healed":0,"gold_gain":0,"player_choice":"Fight","damage_taken":0,"max_hp_gain":0,"max_hp_loss":0,"event_name":"Colosseum","floor":19,"gold_loss":0},{"damage_healed":0,"gold_gain":0,"player_choice":"Fought Nobs","damage_taken":0,"max_hp_gain":0,"max_hp_loss":0,"event_name":"Colosseum","floor":19,"gold_loss":0}],"is_beta":false,"boss_relics":[{"not_picked":["Ectoplasm","Runic Cube"],"picked":"Philosopher\u0027s Stone"}],"items_purged_floors":[12],"is_endless":false,"potions_floor_spawned":[5,7,13,14],"killed_by":"Colosseum Nobs","ascension_level":6}