{"gold_per_floor":[213,193,208,16,62,93,93,268,268,10,29,47,47,57,57,57],"floor_reached":16,"playtime":215,"items_purged":[],"score":100,"play_id":"add01d5e-db82-46cc-bc3c-cde978df550c","local_time":"20190427125410","is_ascension_mode":false,"campfire_choices":[{"data":"Uppercut","floor":7,"key":"SMITH"},{"data":"Wild Strike","floor":13,"key":"SMITH"},{"data":"Thunderclap","floor":15,"key":"SMITH"}],"neow_cost":"NONE","seed_source_timestamp":3456575394985714,"circlet_count":0,"master_deck":["Strike_R","Strike_R","Strike_R","Strike_R","Strike_R","Defend_R","Defend_R","Defend_R","Defend_R","Bash","Thunderclap+1","Uppercut+1","Doubt","Headbutt","Wild Strike+1"],"relics":["Burning Blood","Brimstone","Red Skull","Ice Cream","Mummified Hand","Self Forming Clay"],"potions_floor_usage":[16,16],"damage_taken":[{"damage":6,"enemies":"Small Slimes","floor":1,"turns":3},{"damage":6,"enemies":"Cultist","floor":3,"turns":3},{"damage":41,"enemies":"Lagavulin","floor":6,"turns":4},{"damage":12,"enemies":"Jaw Worm","floor":11,"turns":2},{"damage":8,"enemies":"Looter","floor":12,"turns":2},{"damage":14,"enemies":"Red Slaver","floor":14,"turns":2},{"damage":31,"enemies":"The Guardian","floor":16,"turns":3}],"seed_played":"5640844775488263499","potions_obtained":[{"floor":2,"key":"SkillPotion"},{"floor":6,"key":"SteroidPotion"},{"floor":14,"key":"FearPotion"}],"is_trial":false,"path_per_floor":["M","?","M","$","T","E","R","?","T","$","M","M","R","M","R","B"],"character_chosen":"IRONCLAD","items_purchased":["Brimstone","Self Forming Clay"],"campfire_rested":0,"item_purchase_floors":[4,10],"current_hp_per_floor":[80,80,80,80,80,45,45,45,45,45,39,37,37,29,29,0],"gold":57,"neow_bonus":"HUNDRED_GOLD","is_prod":false,"is_daily":false,"chose_seed":false,"campfire_upgraded":3,"win_rate":0,"timestamp":1556366050,"path_taken":["M","?","M","$","?","E","R","?","T","$","M","M","R","M","R","BOSS"],"build_version":"2019-01-23","purchased_purges":0,"victory":false,"max_hp_per_floor":[80,80,80,80,80,80,80,80,80,80,80,80,80,80,80,80],"card_choices":[{"not_picked":["Sword Boomerang","Iron Wave"],"picked":"Thunderclap","floor":1},{"not_picked":["Heavy Blade","True Grit"],"picked":"Uppercut","floor":3},{"not_picked":["Warcry","Fire Breathing","Burning Pact"],"picked":"SKIP","floor":6},{"not_picked":["Havoc","Entrench"],"picked":"Headbutt","floor":11},{"not_picked":["Shrug It Off","Fiend Fire"],"picked":"Wild Strike","floor":12},{"not_picked":["Intimidate","Warcry","Blood for Blood"],"picked":"SKIP","floor":14}],"player_experience":695189,"relics_obtained":[{"floor":5,"key":"Red Skull"},{"floor":6,"key":"Ice Cream"},{"floor":9,"key":"Mummified Hand"}],"event_choices":[{"damage_healed":0,"gold_gain":0,"player_choice":"Bought 1 Potion","damage_taken":0,"max_hp_gain":0,"max_hp_loss":0,"event_name":"The Woman in Blue","floor":2,"gold_loss":0},{"damage_healed":0,"gold_gain":175,"player_choice":"AGREE","damage_taken":0,"max_hp_gain":0,"max_hp_loss":0,"event_name":"Liars Game","floor":8,"gold_loss":0,"cards_obtained":["Doubt"]}],"is_beta":false,"boss_relics":[],"items_purged_floors":[],"is_endless":false,"potions_floor_spawned":[6,14],"killed_by":"The Guardian","ascension_level":0}