{"path_per_floor":["M","?","?","M","M","R","M","R","T","$","R","M","M","M","R","B",null,"M","?","M","$","M","R","M","M","T","M","R","M","M"],"character_chosen":"THE_SILENT","items_purchased":["Footwork"],"gold_per_floor":[117,117,117,137,147,147,162,162,162,87,87,99,118,137,137,233,263,188,188,207,35,54,54,64,74,97,107,107,126,137],"floor_reached":31,"campfire_rested":1,"playtime":5976,"current_hp_per_floor":[59,59,64,64,64,64,64,64,64,64,64,63,63,63,63,53,80,68,68,61,61,57,57,29,11,11,10,34,21,15],"items_purged":["Strike_G","Strike_G"],"gold":137,"score":233,"play_id":"34c0b72d-f051-445d-9c57-43abf5e99300","is_prod":false,"is_daily":false,"is_ascension_mode":false,"campfire_upgraded":5,"path_taken":["M","?","?","?","M","R","M","R","T","$","R","M","M","M","R","BOSS","M","?","M","$","M","R","M","M","T","M","R","M","M","?"],"build_version":"2018-02-15-PROD1","purchased_purges":2,"victory":false,"master_deck":["Defend_G","Defend_G","Defend_G","Defend_G","Defend_G","Strike_G","Strike_G","Strike_G","Survivor","Neutralize+1","Blur+1","Calculated Gamble+1","PiercingWail+1","Burst+1","Deadly Poison","Acrobatics","Outmaneuver","PiercingWail","Bullet Time+1","PiercingWail","Deep Breath","Outmaneuver","Footwork","Deflect","Bouncing Flask+1","Acrobatics","Deflect"],"max_hp_per_floor":[70,70,75,75,75,75,75,75,75,75,75,75,75,75,75,75,80,80,80,80,80,80,80,80,80,80,80,80,80,80],"relics":["Lizard Tail","Bag of Marbles","Tiny House","Happy Flower"],"card_choices":[{"not_picked":["Malaise","Outmaneuver"],"picked":"Blur"},{"not_picked":["Eviscerate","All Out Attack"],"picked":"Calculated Gamble"},{"not_picked":["Quick Slash","Dagger Spray"],"picked":"PiercingWail"},{"not_picked":["Endless Agony","Flying Knee"],"picked":"Burst"},{"not_picked":["Terror","Sucker Punch"],"picked":"Deadly Poison"},{"not_picked":["Poisoned Stab","Dagger Throw"],"picked":"Acrobatics"},{"not_picked":["All Out Attack","Crippling Poison"],"picked":"Outmaneuver"},{"not_picked":["Slice","Deadly Poison"],"picked":"PiercingWail"},{"not_picked":["Heel Hook","Dagger Throw"],"picked":"Outmaneuver"},{"not_picked":["Masterful Stab","Dodge and Roll"],"picked":"Deflect"},{"not_picked":["Outmaneuver","Bane"],"picked":"Bouncing Flask"},{"not_picked":["Crippling Poison","Masterful Stab"],"picked":"Acrobatics"},{"not_picked":["Bouncing Flask","PiercingWail"],"picked":"Deflect"}],"player_experience":44086,"potions_floor_usage":[25,25,25,27],"damage_taken":[{"damage":11.0,"enemies":"Jaw Worm","floor":1.0,"turns":6.0},{"damage":0.0,"enemies":"Small Slimes","floor":4.0,"turns":4.0},{"damage":0.0,"enemies":"Cultist","floor":5.0,"turns":4.0},{"damage":0.0,"enemies":"Exordium Wildlife","floor":7.0,"turns":9.0},{"damage":1.0,"enemies":"Large Slime","floor":12.0,"turns":11.0},{"damage":0.0,"enemies":"Gremlin Gang","floor":13.0,"turns":10.0},{"damage":0.0,"enemies":"Lots of Slimes","floor":14.0,"turns":10.0},{"damage":25.0,"enemies":"The Guardian","floor":16.0,"turns":20.0},{"damage":12.0,"enemies":"2 Thieves","floor":18.0,"turns":5.0},{"damage":7.0,"enemies":"Spheric Guardian","floor":20.0,"turns":7.0},{"damage":4.0,"enemies":"Centurion and Healer","floor":22.0,"turns":26.0},{"damage":28,"enemies":"Sentry and Sphere","floor":24,"turns":11},{"damage":33,"enemies":"Slaver and Parasite","floor":25,"turns":15},{"damage":52,"enemies":"Cultist and Chosen","floor":27,"turns":11},{"damage":13,"enemies":"Snake Plant","floor":29,"turns":5},{"damage":6,"enemies":"Snecko","floor":30,"turns":9},{"damage":27,"enemies":"3 Cultists","floor":31,"turns":5}],"event_choices":[{"event_name":"Liars Game","player_choice":"disagreed","floor":2.0,"damage_taken":0.0},{"event_name":"Big Fish","player_choice":"Donut","floor":3.0,"damage_taken":0.0},{"event_name":"Match and Keep!","player_choice":"3 cards matched","floor":19.0,"damage_taken":0.0}],"boss_relics":[],"potions_floor_spawned":[1,4,12,13,20,24,25],"seed_played":"-4803123150815713937","killed_by":"3 Cultists","ascension_level":0,"is_trial":false}