{"gold_per_floor":[112,112,37,112,37,66,66,101,101,22,22,41,52,64,64,143,143,157,137,155,168,168],"floor_reached":22,"playtime":718,"items_purged":["Strike_R"],"score":488,"play_id":"2c0fff8f-416a-447d-b4a1-880a830f857d","local_time":"20190306172504","is_ascension_mode":true,"campfire_choices":[{"data":"Searing Blow","floor":7,"key":"SMITH"},{"data":"Whirlwind","floor":11,"key":"SMITH"},{"data":"Flame Barrier","floor":15,"key":"SMITH"}],"neow_cost":"NONE","seed_source_timestamp":64031079966500,"circlet_count":0,"master_deck":["AscendersBane","Strike_R","Strike_R","Strike_R","Strike_R","Defend_R","Defend_R","Bash","Metallicize","Searing Blow+1","Whirlwind+1","Flame Barrier+1","Juggernaut","Berserk","Hemokinesis","Metallicize+1"],"relics":["Burning Blood","NeowsBlessing","Kunai","Art of War","Boot","Cursed Key"],"potions_floor_usage":[16,18,20,21,21],"damage_taken":[{"damage":0,"enemies":"2 Louse","floor":1,"turns":1},{"damage":0,"enemies":"Lagavulin","floor":6,"turns":1},{"damage":0,"enemies":"3 Sentries","floor":8,"turns":2},{"damage":5,"enemies":"Small Slimes","floor":12,"turns":2},{"damage":7,"enemies":"Jaw Worm","floor":13,"turns":3},{"damage":6,"enemies":"2 Fungi Beasts","floor":14,"turns":3},{"damage":69,"enemies":"Hexaghost","floor":16,"turns":9},{"damage":15,"enemies":"3 Byrds","floor":18,"turns":2},{"damage":29,"enemies":"Shell Parasite","floor":20,"turns":4},{"damage":11,"enemies":"3 Cultists","floor":21,"turns":4},{"damage":22,"enemies":"Snake Plant","floor":22,"turns":4}],"seed_played":"7574108112388607130","potions_obtained":[{"floor":1,"key":"SkillPotion"},{"floor":6,"key":"Strength Potion"},{"floor":16,"key":"GamblersBrew"},{"floor":19,"key":"AttackPotion"},{"floor":20,"key":"SteroidPotion"}],"is_trial":false,"path_per_floor":["M","?","$","?","?","E","R","E","T","$","R","M","M","M","R","B",null,"M","?","M","M","M"],"character_chosen":"IRONCLAD","items_purchased":["Whirlwind"],"campfire_rested":0,"item_purchase_floors":[10],"current_hp_per_floor":[74,74,74,63,63,69,69,75,75,75,75,75,74,74,74,11,59,50,50,27,22,0],"gold":168,"neow_bonus":"THREE_ENEMY_KILL","is_prod":false,"is_daily":false,"chose_seed":false,"campfire_upgraded":3,"win_rate":0,"timestamp":1551893104,"path_taken":["M","?","$","?","?","E","R","E","T","?","R","M","M","M","R","BOSS","M","?","M","M","?"],"build_version":"2019-01-23","purchased_purges":1,"victory":false,"max_hp_per_floor":[75,75,75,75,75,75,75,75,75,75,75,75,75,75,75,75,75,75,75,75,75,75],"card_choices":[{"not_picked":["Wild Strike","Perfected Strike"],"picked":"Metallicize","floor":1},{"not_picked":["Pommel Strike","Sentinel"],"picked":"Searing Blow","floor":6},{"not_picked":["Havoc","Metallicize","Intimidate"],"picked":"SKIP","floor":8},{"not_picked":["Sword Boomerang","Warcry"],"picked":"Flame Barrier","floor":12},{"not_picked":["Twin Strike","Body Slam","Perfected Strike"],"picked":"SKIP","floor":13},{"not_picked":["Clash","Uppercut"],"picked":"Juggernaut","floor":14},{"not_picked":["Reaper","Brutality"],"picked":"Berserk","floor":16},{"not_picked":["Cleave","Sentinel","Havoc"],"picked":"SKIP","floor":18},{"not_picked":["Iron Wave+1","Burning Pact"],"picked":"Hemokinesis","floor":20},{"not_picked":["Havoc","Clash"],"picked":"Metallicize+1","floor":21}],"player_experience":397115,"relics_obtained":[{"floor":6,"key":"Kunai"},{"floor":8,"key":"Art of War"},{"floor":9,"key":"Boot"}],"event_choices":[{"cards_removed":["Defend_R"],"damage_healed":0,"gold_gain":0,"player_choice":"Forget","damage_taken":0,"max_hp_gain":0,"max_hp_loss":0,"event_name":"Living Wall","floor":2,"gold_loss":0},{"damage_healed":0,"gold_gain":75,"player_choice":"Gather Gold","damage_taken":11,"max_hp_gain":0,"max_hp_loss":0,"event_name":"World of Goop","floor":4,"gold_loss":0},{"cards_removed":["Defend_R"],"damage_healed":0,"gold_gain":0,"player_choice":"Card Removal","damage_taken":0,"max_hp_gain":0,"max_hp_loss":0,"event_name":"The Cleric","floor":5,"gold_loss":75},{"damage_healed":0,"gold_gain":0,"player_choice":"Bought 1 Potion","damage_taken":0,"max_hp_gain":0,"max_hp_loss":0,"event_name":"The Woman in Blue","floor":19,"gold_loss":0}],"is_beta":false,"boss_relics":[{"not_picked":["Pandora\u0027s Box","Lizard Tail"],"picked":"Cursed Key"}],"items_purged_floors":[3],"is_endless":false,"potions_floor_spawned":[1,6,12,16,20],"killed_by":"Snake Plant","ascension_level":20}