{"path_per_floor":["M","M","?","?","?","R","M","$","T","M","M","$","R","?","R","B",null,"M","M","?","M","$","R"],"character_chosen":"DEFECT","items_purchased":["Gash","Doom and Gloom","Scrape"],"gold_per_floor":[110,126,201,201,201,201,224,111,137,153,167,128,128,128,128,256,256,279,299,299,322,182,182,182],"floor_reached":24,"campfire_rested":3,"playtime":665,"current_hp_per_floor":[64,64,53,35,20,42,42,42,42,37,26,26,48,75,75,28,75,45,37,37,24,24,46,0],"items_purged":["Strike_B","Strike_B"],"gold":182,"score":186,"play_id":"ae0e9144-d6f5-413d-aa9f-fce73450d70f","local_time":"20180429080832","is_prod":false,"is_daily":false,"chose_seed":false,"is_ascension_mode":false,"campfire_upgraded":1,"timestamp":1525010912,"path_taken":["M","M","?","?","?","R","M","$","T","?","M","$","R","?","R","BOSS","M","M","?","M","$","R","E"],"build_version":"2018-04-27v3","seed_source_timestamp":303826989000057,"purchased_purges":2,"victory":false,"master_deck":["Strike_B","Strike_B+1","Defend_B","Defend_B","Defend_B","Defend_B","Zap+1","Dualcast","Cold Snap+1","Beam Cell","Beam Cell","Gash","Axe Kick","Skim","Doom and Gloom","Seek","Go for the Eyes","Rebound","Scrape"],"max_hp_per_floor":[75,75,75,75,75,75,75,75,75,75,75,75,75,75,75,75,75,75,75,75,75,75,75,75],"relics":["Cracked Core","Golden Idol","Art of War","Black Star"],"card_choices":[{"not_picked":["Heatsinks","Force Field"],"picked":"Cold Snap","floor":1},{"not_picked":["Sweeping Beam","Hello World"],"picked":"Beam Cell","floor":2},{"not_picked":["Reinforced Body","Leap"],"picked":"Beam Cell","floor":7},{"not_picked":["Reprogram","Stack"],"picked":"Axe Kick","floor":10},{"not_picked":["Axe Kick","Double Energy"],"picked":"Skim","floor":11},{"not_picked":["Echo Form","Amplify"],"picked":"Seek","floor":16},{"not_picked":["Barrage","Coolheaded"],"picked":"Go for the Eyes","floor":19},{"not_picked":["Steam Power","Undo"],"picked":"Rebound","floor":21}],"player_experience":359714,"potions_floor_usage":[16,16,16,21],"damage_taken":[{"damage":11,"enemies":"2 Louse","floor":1,"turns":2},{"damage":0,"enemies":"Jaw Worm","floor":2,"turns":3},{"damage":0,"enemies":"Small Slimes","floor":7,"turns":2},{"damage":5,"enemies":"Looter","floor":10,"turns":2},{"damage":11,"enemies":"Gremlin Gang","floor":11,"turns":4},{"damage":47,"enemies":"Hexaghost","floor":16,"turns":5},{"damage":30,"enemies":"2 Thieves","floor":18,"turns":3},{"damage":8,"enemies":"3 Byrds","floor":19,"turns":5},{"damage":13,"enemies":"Centurion and Healer","floor":21,"turns":5},{"damage":51,"enemies":"Book of Stabbing","floor":24,"turns":4}],"event_choices":[{"event_name":"World of Goop","player_choice":"Gather Gold","floor":3,"damage_taken":0},{"event_name":"Golden Idol","player_choice":"Take Damage","floor":4,"damage_taken":0},{"event_name":"Shining Light","player_choice":"Entered Light","floor":5,"damage_taken":0},{"event_name":"Wheel of Change","player_choice":"Full Heal","floor":14,"damage_taken":0},{"event_name":"Drug Dealer","player_choice":"Ignored","floor":20,"damage_taken":0}],"boss_relics":[{"not_picked":["Calling Bell","Tiny House"],"picked":"Black Star"}],"potions_floor_spawned":[1,2,10,18,21],"seed_played":"3540258716182807924","killed_by":"Book of Stabbing","ascension_level":0,"is_trial":false}