{"gold_per_floor":[113,125,125,275,255,255,95,95,143,143,170,186,196,196,196,273,273,273],"floor_reached":18,"playtime":519,"items_purged":["Doubt"],"score":316,"play_id":"4230d505-6fd1-4911-8e29-27b25266d9a6","local_time":"20180920195817","is_ascension_mode":true,"campfire_choices":[{"data":"Combust","floor":6,"key":"SMITH"},{"data":"Feed","floor":8,"key":"SMITH"},{"data":"Bash","floor":10,"key":"SMITH"},{"floor":15,"key":"REST"}],"neow_cost":"TEN_PERCENT_HP_LOSS","seed_source_timestamp":542306986181495,"circlet_count":0,"master_deck":["Strike_R","Strike_R","Strike_R","Strike_R","Defend_R","Defend_R","Bash+1","AscendersBane","Combust+1","Feed+1","Disarm","Flex","Demon Form"],"relics":["Burning Blood","Happy Flower","Boot","Lantern","Philosopher\u0027s Stone"],"potions_floor_usage":[11,16,16,18],"damage_taken":[{"damage":14,"enemies":"Jaw Worm","floor":1,"turns":3},{"damage":4,"enemies":"Small Slimes","floor":2,"turns":4},{"damage":34,"enemies":"Lagavulin","floor":11,"turns":6},{"damage":8,"enemies":"Cultist","floor":12,"turns":3},{"damage":13,"enemies":"Looter","floor":13,"turns":3},{"damage":46,"enemies":"The Guardian","floor":16,"turns":9},{"damage":65,"enemies":"3 Byrds","floor":18,"turns":3}],"seed_played":"5364419401662199779","potions_obtained":[{"floor":2,"key":"FearPotion"},{"floor":5,"key":"FearPotion"},{"floor":11,"key":"Strength Potion"},{"floor":16,"key":"PowerPotion"}],"is_trial":false,"path_per_floor":["M","M","?","?","?","R","$","R","T","R","E","M","M","?","R","B",null],"character_chosen":"IRONCLAD","items_purchased":["Feed"],"campfire_rested":1,"item_purchase_floors":[7],"current_hp_per_floor":[60,62,62,62,62,62,62,62,62,62,38,40,37,32,56,16,64,0],"gold":273,"neow_bonus":"REMOVE_TWO","is_prod":false,"is_daily":false,"chose_seed":false,"campfire_upgraded":3,"win_rate":0,"timestamp":1537469897,"path_taken":["M","M","?","?","?","R","?","R","T","R","E","M","?","?","R","BOSS","M"],"build_version":"2018-09-06","purchased_purges":1,"victory":false,"max_hp_per_floor":[68,68,68,68,68,68,68,68,68,68,72,76,80,80,80,80,80,80],"card_choices":[{"not_picked":["Iron Wave","Anger"],"picked":"Combust","floor":1},{"not_picked":["Corruption","Twin Strike","Headbutt"],"picked":"SKIP","floor":2},{"not_picked":["Searing Blow","Body Slam"],"picked":"Disarm","floor":11},{"not_picked":["Thunderclap","Headbutt"],"picked":"Flex","floor":12},{"not_picked":["Armaments","Heavy Blade","Sword Boomerang"],"picked":"SKIP","floor":13},{"not_picked":["Impervious","Juggernaut"],"picked":"Demon Form","floor":16}],"player_experience":387539,"relics_obtained":[{"floor":9,"key":"Happy Flower"},{"floor":11,"key":"Boot"}],"event_choices":[{"event_name":"Living Wall","player_choice":"Forget","floor":3,"damage_taken":0},{"event_name":"Liars Game","player_choice":"agreed","floor":4,"damage_taken":0},{"event_name":"The Woman in Blue","player_choice":"Bought 1 Potion","floor":5,"damage_taken":0},{"event_name":"Scrap Ooze","player_choice":"success","floor":14,"damage_taken":5}],"is_beta":false,"boss_relics":[{"not_picked":["Fusion Hammer","Empty Cage"],"picked":"Philosopher\u0027s Stone"}],"items_purged_floors":[7],"is_endless":false,"potions_floor_spawned":[2,11,16],"killed_by":"3 Byrds","ascension_level":20}