{"gold_per_floor":[10,24,41,61,61,61,95,110,135,150,162,190,54,70,70,169,169,186,198,208,108,108,137,153,153,203,203,219,254,254,266,266,266],"floor_reached":33,"playtime":3792,"items_purged":["Strike_B","Defend_B"],"score":364,"play_id":"f0bcab3e-9e7a-4248-9934-8b0a81bc85d0","local_time":"20180801183735","is_ascension_mode":true,"campfire_choices":[{"data":"Dualcast","floor":6,"key":"SMITH"},{"floor":15,"key":"REST"},{"floor":25,"key":"REST"},{"data":"Zap","floor":27,"key":"SMITH"},{"floor":30,"key":"REST"},{"floor":32,"key":"REST"}],"neow_cost":"NO_GOLD","seed_source_timestamp":422326065431545,"circlet_count":0,"master_deck":["Strike_B+1","Defend_B+1","Defend_B+1","Zap+1","Dualcast+1","Echo Form+1","Auto Shields","Capacitor","Ball Lightning","Storm","Chill","Loop","Force Field","Heatsinks","Amplify","Double Energy+1","Glacier+1","Buffer+1","FTL","Loop","Loop+1","Self Repair"],"relics":["Cracked Core","Dead Branch","War Paint","MawBank","Astrolabe","Pen Nib","Oddly Smooth Stone","StoneCalendar"],"potions_floor_usage":[7,12,16,20,23,28,28,29],"damage_taken":[{"damage":0,"enemies":"Cultist","floor":1,"turns":4},{"damage":7,"enemies":"Jaw Worm","floor":2,"turns":3},{"damage":0,"enemies":"2 Louse","floor":3,"turns":2},{"damage":10,"enemies":"Looter","floor":4,"turns":4},{"damage":4,"enemies":"Lagavulin","floor":7,"turns":6},{"damage":2,"enemies":"Blue Slaver","floor":8,"turns":3},{"damage":3,"enemies":"3 Louse","floor":10,"turns":6},{"damage":1,"enemies":"Looter","floor":11,"turns":3},{"damage":18,"enemies":"Gremlin Nob","floor":12,"turns":4},{"damage":3,"enemies":"Exordium Wildlife","floor":14,"turns":6},{"damage":18,"enemies":"Hexaghost","floor":16,"turns":10},{"damage":0,"enemies":"Chosen","floor":18,"turns":5},{"damage":10,"enemies":"2 Thieves","floor":19,"turns":4},{"damage":9,"enemies":"Snake Plant","floor":20,"turns":5},{"damage":50,"enemies":"Slavers","floor":23,"turns":7},{"damage":0,"enemies":"Centurion and Healer","floor":24,"turns":5},{"damage":4,"enemies":"Snecko","floor":28,"turns":4},{"damage":23,"enemies":"Book of Stabbing","floor":29,"turns":6},{"damage":27,"enemies":"3 Cultists","floor":31,"turns":7},{"damage":49,"enemies":"Collector","floor":33,"turns":6}],"seed_played":"7282521483238274565","potions_obtained":[{"floor":2,"key":"Block Potion"},{"floor":3,"key":"Ancient Potion"},{"floor":8,"key":"Regen Potion"},{"floor":12,"key":"EssenceOfSteel"},{"floor":16,"key":"Poison Potion"},{"floor":18,"key":"SkillPotion"},{"floor":20,"key":"Regen Potion"},{"floor":23,"key":"FearPotion"}],"is_trial":false,"path_per_floor":["M","M","M","M","?","R","E","M","T","M","M","E","$","M","R","B",null,"M","M","M","$","?","E","M","R","T","R","M","E","R","M","R"],"character_chosen":"DEFECT","items_purchased":["Heatsinks"],"campfire_rested":4,"item_purchase_floors":[13],"current_hp_per_floor":[75,68,68,58,43,43,39,37,37,34,33,24,24,21,43,25,75,75,65,56,56,42,7,7,31,31,31,27,4,28,1,25,0],"gold":266,"neow_bonus":"THREE_RARE_CARDS","is_prod":false,"is_daily":false,"chose_seed":false,"campfire_upgraded":2,"win_rate":0,"timestamp":1533119855,"path_taken":["M","?","M","M","?","R","E","M","T","M","M","E","$","M","R","BOSS","M","M","M","$","?","E","M","R","T","R","M","E","R","M","R","BOSS"],"build_version":"2018-07-26","purchased_purges":2,"victory":false,"max_hp_per_floor":[75,75,75,75,75,75,75,75,75,75,75,75,75,75,75,75,75,75,75,75,75,80,80,80,80,80,80,80,80,80,80,80,80],"card_choices":[{"not_picked":["Electrodynamics","Multi-Cast"],"picked":"Echo Form","floor":0},{"not_picked":["Compile Driver","Heatsinks"],"picked":"Auto Shields","floor":1},{"not_picked":["Coolheaded","Hologram"],"picked":"Capacitor","floor":2},{"not_picked":["Redo","Streamline"],"picked":"Ball Lightning","floor":3},{"not_picked":["Sweeping Beam","Streamline","Fusion"],"picked":"SKIP","floor":4},{"not_picked":["Capacitor","Stack"],"picked":"Storm","floor":7},{"not_picked":["Ball Lightning","Streamline"],"picked":"Chill","floor":8},{"not_picked":["Amplify","Gash"],"picked":"Loop","floor":10},{"not_picked":["Stack","Leap"],"picked":"Force Field","floor":11},{"not_picked":["Compile Driver","Ball Lightning","Go for the Eyes"],"picked":"SKIP","floor":12},{"not_picked":["Lockon","Auto Shields","Coolheaded"],"picked":"SKIP","floor":14},{"not_picked":["Rainbow","Electrodynamics"],"picked":"Amplify","floor":16},{"not_picked":["Lockon","Steam","Coolheaded"],"picked":"SKIP","floor":18},{"not_picked":["Hologram","Tempest"],"picked":"FTL","floor":19},{"not_picked":["Cold Snap","Aggregate","Leap"],"picked":"SKIP","floor":20},{"not_picked":["Redo","Go for the Eyes+1"],"picked":"Loop","floor":23},{"not_picked":["Stack","Self Repair"],"picked":"Loop+1","floor":24},{"not_picked":["Sweeping Beam","Ball Lightning","Cold Snap"],"picked":"SKIP","floor":28},{"not_picked":["Leap","Chill","Compile Driver"],"picked":"SKIP","floor":29},{"not_picked":["Coolheaded","Doom and Gloom"],"picked":"Self Repair","floor":31}],"player_experience":234022,"relics_obtained":[{"floor":7,"key":"Dead Branch"},{"floor":9,"key":"War Paint"},{"floor":12,"key":"MawBank"},{"floor":23,"key":"Pen Nib"},{"floor":26,"key":"Oddly Smooth Stone"},{"floor":29,"key":"StoneCalendar"}],"event_choices":[{"event_name":"Shining Light","player_choice":"Entered Light","floor":5,"damage_taken":0},{"event_name":"Forgotten Altar","player_choice":"Shed Blood","floor":22,"damage_taken":0}],"is_beta":false,"boss_relics":[{"not_picked":["Lizard Tail","Inserter"],"picked":"Astrolabe"}],"items_purged_floors":[13,21],"is_endless":false,"potions_floor_spawned":[2,3,8,12,16,18,19,20,23],"killed_by":"Collector","ascension_level":4}