{"gold_per_floor":[116,41,41,60,60,94,110,110,137,137,164,164,177,190,190,267,267,285,300,300,300,310,310,337,350,350,350],"floor_reached":27,"playtime":1038,"items_purged":[],"score":523,"play_id":"158bb6c4-48a0-413f-8c70-69c44993ee3c","local_time":"20180912233637","is_ascension_mode":true,"campfire_choices":[{"data":"Rampage","floor":8,"key":"SMITH"},{"floor":15,"key":"REST"},{"floor":23,"key":"REST"}],"neow_cost":"NONE","seed_source_timestamp":2451839652603247,"circlet_count":0,"master_deck":["Strike_R","Strike_R","Strike_R","Strike_R","Defend_R+1","Defend_R","Defend_R+1","Bash","AscendersBane","Cleave","Rampage+1","Offering","True Grit+1","Ghostly Armor"],"relics":["Burning Blood","NeowsBlessing","Ancient Tea Set","Boot","WarpedTongs","War Paint","Sozu","Smiling Mask","Matryoshka"],"potions_floor_usage":[16,18,19],"damage_taken":[{"damage":0,"enemies":"2 Louse","floor":1,"turns":1},{"damage":0,"enemies":"Jaw Worm","floor":4,"turns":1},{"damage":0,"enemies":"Gremlin Nob","floor":6,"turns":1},{"damage":24,"enemies":"Small Slimes","floor":7,"turns":4},{"damage":33,"enemies":"3 Sentries","floor":11,"turns":8},{"damage":13,"enemies":"Exordium Thugs","floor":13,"turns":3},{"damage":13,"enemies":"Blue Slaver","floor":14,"turns":3},{"damage":31,"enemies":"Hexaghost","floor":16,"turns":7},{"damage":10,"enemies":"Chosen","floor":18,"turns":3},{"damage":9,"enemies":"Spheric Guardian","floor":19,"turns":3},{"damage":7,"enemies":"Snecko","floor":22,"turns":4},{"damage":35,"enemies":"Gremlin Leader","floor":24,"turns":6},{"damage":37,"enemies":"Sentry and Sphere","floor":25,"turns":6},{"damage":14,"enemies":"Snake Plant","floor":27,"turns":2}],"seed_played":"4555190924446385520","potions_obtained":[{"floor":6,"key":"GamblersBrew"},{"floor":11,"key":"Fire Potion"},{"floor":14,"key":"FearPotion"},{"floor":16,"key":"Swift Potion"}],"is_trial":false,"path_per_floor":["M","?","?","M","?","E","M","R","T","?","E","?","M","M","R","B",null,"M","M","?","?","M","R","E","M","T"],"character_chosen":"IRONCLAD","items_purchased":[],"campfire_rested":2,"item_purchase_floors":[],"current_hp_per_floor":[74,74,75,75,75,75,57,57,57,57,30,30,23,16,38,13,60,56,53,53,53,52,74,45,14,14,0],"gold":350,"neow_bonus":"THREE_ENEMY_KILL","is_prod":false,"is_daily":false,"chose_seed":false,"campfire_upgraded":1,"win_rate":0,"timestamp":1536791797,"path_taken":["M","?","?","M","?","E","M","R","T","?","E","?","?","M","R","BOSS","M","M","?","?","M","R","E","?","T","M"],"build_version":"2018-09-06","purchased_purges":0,"victory":false,"max_hp_per_floor":[75,75,75,75,75,75,75,75,75,75,75,75,75,75,75,75,75,75,75,75,75,75,75,75,75,75,75],"card_choices":[{"not_picked":["Clash","Rage"],"picked":"Cleave","floor":1},{"not_picked":["Body Slam","Perfected Strike","Corruption"],"picked":"SKIP","floor":4},{"not_picked":["Combust","Cleave"],"picked":"Rampage","floor":6},{"not_picked":["Body Slam","Corruption","Twin Strike"],"picked":"SKIP","floor":7},{"not_picked":["Havoc","Dropkick","Dark Embrace"],"picked":"SKIP","floor":11},{"not_picked":["Headbutt","Twin Strike","Seeing Red"],"picked":"SKIP","floor":13},{"not_picked":["Havoc","Heavy Blade","Clash"],"picked":"SKIP","floor":14},{"not_picked":["Limit Break","Impervious"],"picked":"Offering","floor":16},{"not_picked":["Dual Wield","Reckless Charge","Disarm"],"picked":"SKIP","floor":18},{"not_picked":["Burning Pact","Clash"],"picked":"True Grit+1","floor":19},{"not_picked":["Headbutt","Dual Wield","True Grit"],"picked":"SKIP","floor":22},{"not_picked":["Reckless Charge","Sever Soul"],"picked":"Ghostly Armor","floor":24},{"not_picked":["Heavy Blade","Dropkick","Clash+1"],"picked":"SKIP","floor":25}],"player_experience":346585,"relics_obtained":[{"floor":6,"key":"Ancient Tea Set"},{"floor":9,"key":"Boot"},{"floor":11,"key":"War Paint"},{"floor":24,"key":"Smiling Mask"},{"floor":26,"key":"Matryoshka"}],"event_choices":[{"event_name":"The Cleric","player_choice":"Card Removal","floor":2,"damage_taken":0},{"event_name":"Wheel of Change","player_choice":"Full Heal","floor":3,"damage_taken":0},{"event_name":"Living Wall","player_choice":"Forget","floor":5,"damage_taken":0},{"event_name":"Accursed Blacksmith","player_choice":"Rummage","floor":10,"damage_taken":0},{"event_name":"Purifier","player_choice":"One Purge","floor":12,"damage_taken":0},{"event_name":"Match and Keep!","player_choice":"0 cards matched","floor":20,"damage_taken":0},{"event_name":"Vampires","player_choice":"Ignored","floor":21,"damage_taken":0}],"is_beta":false,"boss_relics":[{"not_picked":["Astrolabe","Busted Crown"],"picked":"Sozu"}],"items_purged_floors":[],"is_endless":false,"potions_floor_spawned":[6,11,14,16,25],"killed_by":"Snake Plant","ascension_level":19}