{"gold_per_floor":[114,114,127,127,139,169,169,204,204,204,204,225,261,281,281,412,412,436,436,436,455,469,508,508,543,543,566,263,286,286,300,300,421,421,435,448,466,490,504,538,538,278,278,298,298,298,312,336,336,336,336,336,43,76,76],"floor_reached":56,"playtime":6892,"items_purged":["Doom and Gloom"],"score":1535,"play_id":"76dee63d-ca72-44d0-b376-72236b37fe9f","local_time":"20190418141304","is_ascension_mode":true,"campfire_choices":[{"data":"Zap","floor":7.0,"key":"SMITH"},{"floor":10.0,"key":"REST"},{"data":"Consume","floor":15.0,"key":"SMITH"},{"floor":24,"key":"REST"},{"data":"Capacitor","floor":30,"key":"SMITH"},{"data":"Creative AI","floor":32,"key":"SMITH"},{"data":"Chill","floor":41,"key":"SMITH"},{"floor":46,"key":"RECALL"},{"floor":49,"key":"REST"},{"data":"Consume","floor":52,"key":"SMITH"}],"neow_cost":"NONE","seed_source_timestamp":0,"circlet_count":0,"master_deck":["Zap+1","Dualcast","Cold Snap","Cold Snap","Consume+1","Compile Driver","Sweeping Beam","Undo","Ball Lightning","Creative AI+1","Leap","Hologram+1","Chill+1","Consume+1","Machine Learning","Self Repair","Capacitor+1","Gash","Turbo","Conserve Battery","Hologram","Gash","Storm","Fission+1","Steam Power","Coolheaded+1","Skim+1","Heatsinks","Reprogram+1"],"special_seed":0,"relics":["Cracked Core","Pantograph","Sundial","Matryoshka","Golden Idol","Centennial Puzzle","Pandora\u0027s Box","Bag of Marbles","Lantern","Ancient Tea Set","DataDisk","Happy Flower","Inserter","Strawberry","War Paint","Pen Nib","Bronze Scales","Vajra"],"potions_floor_usage":[23,25,25,40,47,55,55,55],"damage_taken":[{"damage":2.0,"enemies":"Jaw Worm","floor":1.0,"turns":4.0},{"damage":5.0,"enemies":"Small Slimes","floor":3.0,"turns":4.0},{"damage":0.0,"enemies":"2 Louse","floor":5.0,"turns":2.0},{"damage":29.0,"enemies":"Lagavulin","floor":6.0,"turns":8.0},{"damage":24.0,"enemies":"Gremlin Nob","floor":8.0,"turns":5.0},{"damage":6.0,"enemies":"Large Slime","floor":12.0,"turns":6.0},{"damage":14.0,"enemies":"3 Sentries","floor":13.0,"turns":8.0},{"damage":1.0,"enemies":"2 Fungi Beasts","floor":14.0,"turns":4.0},{"damage":15.0,"enemies":"Hexaghost","floor":16.0,"turns":13.0},{"damage":14.0,"enemies":"Shell Parasite","floor":18.0,"turns":5.0},{"damage":6.0,"enemies":"Spheric Guardian","floor":21.0,"turns":3.0},{"damage":6,"enemies":"Centurion and Healer","floor":22,"turns":8},{"damage":42,"enemies":"Slavers","floor":23,"turns":8},{"damage":16,"enemies":"Book of Stabbing","floor":25,"turns":6},{"damage":4,"enemies":"Cultist and Chosen","floor":27,"turns":6},{"damage":5,"enemies":"Sentry and Sphere","floor":29,"turns":8},{"damage":9,"enemies":"Centurion and Healer","floor":31,"turns":5},{"damage":5,"enemies":"Champ","floor":33,"turns":11},{"damage":21,"enemies":"3 Darklings","floor":35,"turns":7},{"damage":11,"enemies":"3 Shapes","floor":36,"turns":4},{"damage":10,"enemies":"Maw","floor":37,"turns":7},{"damage":18,"enemies":"Jaw Worm Horde","floor":38,"turns":5},{"damage":14,"enemies":"Spire Growth","floor":39,"turns":6},{"damage":25,"enemies":"Nemesis","floor":40,"turns":7},{"damage":0,"enemies":"Maw","floor":44,"turns":8},{"damage":6,"enemies":"Sphere and 2 Shapes","floor":47,"turns":6},{"damage":14,"enemies":"Jaw Worm Horde","floor":48,"turns":7},{"damage":45,"enemies":"Time Eater","floor":50,"turns":9},{"damage":21,"enemies":"Shield and Spear","floor":54,"turns":5},{"damage":71,"enemies":"The Heart","floor":55,"turns":11}],"seed_played":"3080086809311380607","potions_obtained":[{"floor":3.0,"key":"LiquidBronze"},{"floor":8.0,"key":"SkillPotion"},{"floor":12.0,"key":"Weak Potion"},{"floor":25,"key":"EssenceOfSteel"},{"floor":27,"key":"FairyPotion"},{"floor":36,"key":"Ancient Potion"},{"floor":44,"key":"SkillPotion"},{"floor":54,"key":"GamblersBrew"}],"is_trial":false,"path_per_floor":["M","?","M","?","M","E","R","E","T","R","?","M","E","M","R","B",null,"M","?","?","M","M","E","R","E","T","M","$","M","R","M","R","B",null,"M","M","M","M","M","E","R","$","T","M","?","R","M","M","R","B",null,"R","$","E","B",null],"character_chosen":"DEFECT","items_purchased":["Doom and Gloom","PowerPotion","Happy Flower","Hologram","Steam Power","War Paint","FocusPotion","Bronze Scales","Heatsinks"],"campfire_rested":3,"item_purchase_floors":[28,28,28,28,42,42,53,53,53],"current_hp_per_floor":[66,71,66,59,59,30,30,6,6,30,30,24,10,9,9,19,60,53,53,53,47,48,13,35,19,19,22,22,24,24,15,15,49,68,54,50,47,29,22,21,21,21,21,28,28,28,29,22,46,26,67,67,67,53,7],"gold":76,"neow_bonus":"THREE_CARDS","is_prod":false,"is_daily":false,"chose_seed":false,"campfire_upgraded":6,"win_rate":0,"timestamp":1555614784,"path_taken":["M","?","M","?","M","E","R","E","T","R","?","M","E","M","R","BOSS","M","?","?","M","M","E","R","E","T","M","$","M","R","M","R","BOSS","M","M","M","M","M","E","R","$","T","M","?","R","M","M","R","BOSS","R","$","E","BOSS"],"build_version":"2019-01-23","purchased_purges":1,"victory":true,"max_hp_per_floor":[75,80,80,80,80,80,80,80,80,80,74,74,74,74,74,74,74,74,74,74,74,74,74,74,74,74,74,74,74,74,74,74,74,74,74,74,74,74,74,81,81,81,81,81,81,81,81,81,81,81,81,81,81,81,81],"card_choices":[{"not_picked":["Leap","Redo"],"picked":"Cold Snap","floor":0.0},{"not_picked":["Go for the Eyes","Stack","Gash"],"picked":"SKIP","floor":1.0},{"not_picked":["Static Discharge","Fusion","White Noise"],"picked":"SKIP","floor":3.0},{"not_picked":["Steam","Redo"],"picked":"Cold Snap","floor":5.0},{"not_picked":["Blizzard","Stack"],"picked":"Consume","floor":6.0},{"not_picked":["Melter","Go for the Eyes"],"picked":"Compile Driver","floor":8.0},{"not_picked":["Beam Cell","Barrage"],"picked":"Sweeping Beam","floor":12.0},{"not_picked":["Melter","Darkness"],"picked":"Undo","floor":13.0},{"not_picked":["Sweeping Beam","Cold Snap"],"picked":"Ball Lightning","floor":14.0},{"not_picked":["Reboot","All For One"],"picked":"Creative AI","floor":16.0},{"not_picked":["Cold Snap","Streamline","Skim+1"],"picked":"SKIP","floor":18.0},{"not_picked":["Rebound","Blizzard","Heatsinks"],"picked":"SKIP","floor":21.0},{"not_picked":["Steam","Hello World","Leap"],"picked":"SKIP","floor":22},{"not_picked":["Steam","Hello World","Leap"],"picked":"SKIP","floor":22},{"not_picked":["Tempest","Barrage+1"],"picked":"Gash","floor":23},{"not_picked":["Rebound","Stack+1"],"picked":"Turbo","floor":25},{"not_picked":["Ball Lightning","Barrage"],"picked":"Conserve Battery","floor":27},{"not_picked":["Go for the Eyes","Aggregate"],"picked":"Gash","floor":29},{"not_picked":["Streamline+1","Doom and Gloom","Recycle"],"picked":"SKIP","floor":31},{"not_picked":["Gash+1","Steam+1"],"picked":"Storm","floor":35},{"not_picked":["Streamline","Cold Snap+1","Turbo"],"picked":"SKIP","floor":36},{"not_picked":["Hologram","Hello World","Seek"],"picked":"SKIP","floor":37},{"not_picked":["Hologram","Hello World","Seek"],"picked":"SKIP","floor":37},{"not_picked":["Auto Shields","Redo+1","Rebound"],"picked":"SKIP","floor":38},{"not_picked":["Leap+1","Hologram","Streamline"],"picked":"SKIP","floor":39},{"not_picked":["Blizzard","Hologram+1"],"picked":"Fission","floor":40},{"not_picked":["Rebound","Force Field"],"picked":"Coolheaded+1","floor":44},{"not_picked":["Steam+1","Redo"],"picked":"Skim+1","floor":47},{"not_picked":["Undo+1","Compile Driver","Chill"],"picked":"SKIP","floor":48},{"not_picked":["Reinforced Body","Storm+1"],"picked":"Reprogram+1","floor":54}],"player_experience":606663,"relics_obtained":[{"floor":6.0,"key":"Pantograph"},{"floor":8.0,"key":"Sundial"},{"floor":9.0,"key":"Matryoshka"},{"floor":13.0,"key":"Centennial Puzzle"},{"floor":23,"key":"Bag of Marbles"},{"floor":25,"key":"Lantern"},{"floor":26,"key":"Ancient Tea Set"},{"floor":26,"key":"DataDisk"},{"floor":40,"key":"Strawberry"},{"floor":43,"key":"Pen Nib"},{"floor":54,"key":"Vajra"}],"event_choices":[{"damage_healed":0.0,"max_hp_gain":5.0,"max_hp_loss":0.0,"gold_gain":0.0,"event_name":"Big Fish","player_choice":"Donut","floor":2.0,"gold_loss":0.0,"damage_taken":0.0},{"cards_removed":["Strike_B"],"damage_healed":0.0,"max_hp_gain":0.0,"max_hp_loss":0.0,"gold_gain":0.0,"event_name":"Golden Wing","player_choice":"Card Removal","floor":4.0,"gold_loss":0.0,"damage_taken":7.0},{"damage_healed":0.0,"max_hp_gain":0.0,"max_hp_loss":6.0,"gold_gain":0.0,"event_name":"Golden Idol","player_choice":"Lose Max HP","floor":11.0,"gold_loss":0.0,"damage_taken":0.0,"relics_obtained":["Golden Idol"]},{"cards_removed":["Turbo"],"damage_healed":0.0,"max_hp_gain":0.0,"max_hp_loss":0.0,"gold_gain":0.0,"event_name":"Back to Basics","player_choice":"Elegance","floor":19.0,"gold_loss":0.0,"damage_taken":0.0},{"damage_healed":0.0,"max_hp_gain":0.0,"max_hp_loss":0.0,"gold_gain":0.0,"event_name":"The Library","player_choice":"Read","floor":20.0,"gold_loss":0.0,"damage_taken":0.0,"cards_obtained":["Capacitor"]},{"damage_healed":0,"gold_gain":0,"player_choice":"Ignored","damage_taken":0,"max_hp_gain":0,"max_hp_loss":0,"event_name":"Transmorgrifier","floor":45,"gold_loss":0}],"is_beta":false,"boss_relics":[{"not_picked":["FrozenCore","Busted Crown"],"picked":"Pandora\u0027s Box"},{"not_picked":["Empty Cage","Snecko Eye"],"picked":"Inserter"}],"items_purged_floors":[42],"is_endless":false,"potions_floor_spawned":[3,8,12,13,22,25,27,31,36,37,39,44,54],"ascension_level":8}