{"gold_per_floor":[369,28,44,56,29,29,55,55,55,85,85,85,99,130,130,225,225,235,255,273,22,22,22,47,47,70,70,87,0,0,25,25,122,122,141,0,0,19,35,35,35,65,90,100,120,120,120,133,133,133],"floor_reached":51,"playtime":2826,"items_purged":[],"score":938,"play_id":"09e409e5-0884-4c8a-9833-adbba8ab3f85","local_time":"20190112202610","is_ascension_mode":true,"campfire_choices":[{"floor":6,"key":"REST"},{"floor":12,"key":"REST"},{"floor":15,"key":"REST"},{"floor":23,"key":"REST"},{"floor":27,"key":"REST"},{"floor":30,"key":"REST"},{"floor":32,"key":"REST"},{"floor":40,"key":"REST"},{"floor":47,"key":"REST"},{"floor":49,"key":"REST"}],"neow_cost":"PERCENT_DAMAGE","seed_source_timestamp":1564226125275811,"circlet_count":0,"master_deck":["Strike_B+1","Strike_B+1","Strike_B+1","Strike_B+1","Defend_B+1","Defend_B+1","Defend_B+1","Defend_B+1","Zap","Dualcast","Rebound","Cold Snap+1","Leap","Flash of Steel","Compile Driver","Reprogram+1","BootSequence","Machine Learning+1","Melter","Conserve Battery","Barrage","Glacier","Rainbow","Reprogram+1","Cold Snap","Doom and Gloom","Gash+1","Glacier+1","Cold Snap+1","Biased Cognition+1","Leap","Finesse","Go for the Eyes+1","Redo+1","Doubt","Conserve Battery+1","Gash+1","Conserve Battery+1","Writhe","Capacitor+1"],"relics":["Cracked Core","Art of War","Mercury Hourglass","Dodecahedron","Frozen Egg 2","Vajra","Black Star","Molten Egg 2","Shuriken","Pen Nib","Ancient Tea Set","DataDisk","Bottled Flame","Inserter","Red Mask","Peace Pipe","PreservedInsect","Bag of Preparation"],"potions_floor_usage":[7,10,16,20,31,33,33,42],"damage_taken":[{"damage":2,"enemies":"Jaw Worm","floor":1,"turns":3},{"damage":1,"enemies":"Small Slimes","floor":3,"turns":3},{"damage":0,"enemies":"2 Louse","floor":4,"turns":2},{"damage":31,"enemies":"Lagavulin","floor":7,"turns":7},{"damage":8,"enemies":"3 Sentries","floor":10,"turns":4},{"damage":0,"enemies":"Gremlin Gang","floor":13,"turns":2},{"damage":22,"enemies":"Lagavulin","floor":14,"turns":5},{"damage":18,"enemies":"Slime Boss","floor":16,"turns":10},{"damage":0,"enemies":"Chosen","floor":18,"turns":4},{"damage":17,"enemies":"Shell Parasite","floor":19,"turns":5},{"damage":24,"enemies":"Snake Plant","floor":20,"turns":5},{"damage":40,"enemies":"Gremlin Leader","floor":24,"turns":8},{"damage":0,"enemies":"Sentry and Sphere","floor":28,"turns":3},{"damage":21,"enemies":"Book of Stabbing","floor":31,"turns":4},{"damage":46,"enemies":"Champ","floor":33,"turns":12},{"damage":0,"enemies":"Orb Walker","floor":35,"turns":5},{"damage":20,"enemies":"3 Darklings","floor":38,"turns":6},{"damage":12,"enemies":"Transient","floor":39,"turns":5},{"damage":63,"enemies":"Giant Head","floor":42,"turns":11},{"damage":11,"enemies":"Jaw Worm Horde","floor":44,"turns":5},{"damage":0,"enemies":"Spire Growth","floor":45,"turns":8},{"damage":6,"enemies":"Transient","floor":48,"turns":5},{"damage":18,"enemies":"Awakened One","floor":50,"turns":24}],"seed_played":"-5780544590763704586","potions_obtained":[{"floor":4,"key":"SkillPotion"},{"floor":7,"key":"AttackPotion"},{"floor":10,"key":"Block Potion"},{"floor":19,"key":"Energy Potion"},{"floor":24,"key":"SteroidPotion"},{"floor":28,"key":"Swift Potion"},{"floor":31,"key":"SpeedPotion"},{"floor":33,"key":"LiquidBronze"},{"floor":38,"key":"Regen Potion"},{"floor":39,"key":"FocusPotion"},{"floor":42,"key":"PowerPotion"},{"floor":45,"key":"AttackPotion"}],"is_trial":false,"path_per_floor":["M","$","M","M","?","R","E","?","T","E","?","R","M","E","R","B",null,"M","M","M","$","?","R","E","?","T","R","M","?","R","E","R","B",null,"M","?","?","M","M","R","?","E","T","M","M","?","R","M","R","B",null],"character_chosen":"DEFECT","items_purchased":["Cold Snap","Leap","Flash of Steel","Art of War","Molten Egg 2"],"campfire_rested":10,"item_purchase_floors":[2,2,2,2,21],"current_hp_per_floor":[48,48,47,47,47,69,38,23,23,15,15,37,37,15,37,19,61,61,44,20,20,20,42,2,2,2,24,24,24,46,25,47,1,57,57,57,57,37,25,47,75,12,12,1,1,20,42,36,58,40],"gold":133,"neow_bonus":"TWO_FIFTY_GOLD","is_prod":false,"is_daily":false,"chose_seed":false,"campfire_upgraded":0,"win_rate":0,"timestamp":1547324770,"path_taken":["M","$","M","M","?","R","E","?","T","E","?","R","?","E","R","BOSS","M","M","M","$","?","R","E","?","T","R","M","?","R","E","R","BOSS","M","?","?","M","M","R","?","E","T","M","M","?","R","M","R","BOSS"],"build_version":"2019-01-10","purchased_purges":0,"victory":true,"max_hp_per_floor":[75,75,75,75,75,75,75,75,75,75,75,75,75,75,75,75,75,75,75,75,75,75,75,75,75,75,75,75,75,75,75,75,75,75,75,75,75,75,75,75,75,75,75,75,75,75,75,75,75,75],"card_choices":[{"not_picked":["Coolheaded","Streamline"],"picked":"Rebound","floor":1},{"not_picked":["Undo","All For One"],"picked":"Compile Driver","floor":3},{"not_picked":["Rebound","Stack"],"picked":"Reprogram","floor":4},{"not_picked":["Sweeping Beam","Rebound"],"picked":"BootSequence","floor":7},{"not_picked":["Cold Snap","Leap"],"picked":"Machine Learning","floor":10},{"not_picked":["Blizzard","Recycle"],"picked":"Barrage","floor":13},{"not_picked":["BootSequence","Scrape"],"picked":"Glacier","floor":14},{"not_picked":["Amplify","Thunder Strike"],"picked":"Rainbow","floor":16},{"not_picked":["Go for the Eyes","Genetic Algorithm"],"picked":"Reprogram+1","floor":18},{"not_picked":["Leap+1","Fusion"],"picked":"Cold Snap","floor":19},{"not_picked":["Glacier","Scrape"],"picked":"Doom and Gloom","floor":20},{"not_picked":["Compile Driver+1","Steam"],"picked":"Gash+1","floor":24},{"not_picked":["Reprogram","Turbo"],"picked":"Glacier+1","floor":28},{"not_picked":["Steam","Sweeping Beam+1"],"picked":"Cold Snap+1","floor":31},{"not_picked":["All For One+1","Creative AI+1"],"picked":"Biased Cognition+1","floor":33},{"not_picked":["Barrage+1","Stack"],"picked":"Leap","floor":35},{"not_picked":["Jack Of All Trades","Chrysalis"],"picked":"Finesse","floor":37},{"not_picked":["Streamline+1","Stack"],"picked":"Go for the Eyes+1","floor":38},{"not_picked":["Steam+1","Rebound+1"],"picked":"Redo+1","floor":39},{"not_picked":["Beam Cell+1","Barrage+1"],"picked":"Conserve Battery+1","floor":42},{"not_picked":["Ball Lightning+1","Fusion"],"picked":"Gash+1","floor":44},{"not_picked":["Steam","Streamline+1"],"picked":"Conserve Battery+1","floor":45},{"not_picked":["Rainbow","Sunder+1"],"picked":"Capacitor+1","floor":48}],"player_experience":223254,"relics_obtained":[{"floor":7,"key":"Mercury Hourglass"},{"floor":9,"key":"Dodecahedron"},{"floor":10,"key":"Frozen Egg 2"},{"floor":14,"key":"Vajra"},{"floor":24,"key":"Shuriken"},{"floor":24,"key":"Pen Nib"},{"floor":26,"key":"Ancient Tea Set"},{"floor":31,"key":"DataDisk"},{"floor":31,"key":"Bottled Flame"},{"floor":42,"key":"Peace Pipe"},{"floor":42,"key":"PreservedInsect"},{"floor":43,"key":"Bag of Preparation"}],"event_choices":[{"damage_healed":0,"gold_gain":0,"player_choice":"Left Gold","damage_taken":0,"max_hp_gain":0,"max_hp_loss":0,"event_name":"World of Goop","floor":5,"gold_loss":27},{"damage_healed":0,"gold_gain":0,"player_choice":"Entered Light","damage_taken":15,"max_hp_gain":0,"max_hp_loss":0,"event_name":"Shining Light","floor":8,"gold_loss":0,"cards_upgraded":["Reprogram","Cold Snap"]},{"damage_healed":0,"gold_gain":0,"player_choice":"2 cards matched","damage_taken":0,"max_hp_gain":0,"max_hp_loss":0,"event_name":"Match and Keep!","floor":11,"gold_loss":0,"cards_obtained":["Melter","Conserve Battery"]},{"damage_healed":0,"gold_gain":0,"player_choice":"Ignored","damage_taken":0,"max_hp_gain":0,"max_hp_loss":0,"event_name":"Beggar","floor":22,"gold_loss":0},{"damage_healed":0,"gold_gain":0,"player_choice":"Simplicity","damage_taken":0,"max_hp_gain":0,"max_hp_loss":0,"event_name":"Back to Basics","floor":25,"gold_loss":0,"cards_upgraded":["Strike_B","Strike_B","Strike_B","Strike_B","Defend_B","Defend_B","Defend_B","Defend_B"]},{"damage_healed":0,"gold_gain":0,"player_choice":"Paid Fearfully","damage_taken":0,"max_hp_gain":0,"max_hp_loss":0,"event_name":"Masked Bandits","floor":29,"gold_loss":87},{"damage_healed":0,"gold_gain":0,"player_choice":"Paid","damage_taken":0,"relics_obtained":["Red Mask"],"max_hp_gain":0,"max_hp_loss":0,"event_name":"Tomb of Lord Red Mask","floor":36,"gold_loss":141},{"damage_healed":0,"gold_gain":0,"player_choice":"Memory 1","damage_taken":0,"max_hp_gain":0,"max_hp_loss":0,"event_name":"SensoryStone","floor":37,"gold_loss":0},{"damage_healed":28,"gold_gain":0,"player_choice":"Heal","damage_taken":0,"max_hp_gain":0,"max_hp_loss":0,"event_name":"MindBloom","floor":41,"gold_loss":0,"cards_obtained":["Doubt"]},{"damage_healed":19,"gold_gain":0,"player_choice":"Writhe","damage_taken":0,"max_hp_gain":0,"max_hp_loss":0,"event_name":"Winding Halls","floor":46,"gold_loss":0,"cards_obtained":["Writhe"]}],"is_beta":false,"boss_relics":[{"not_picked":["Empty Cage","Velvet Choker"],"picked":"Black Star"},{"not_picked":["Coffee Dripper","Orrery"],"picked":"Inserter"}],"items_purged_floors":[],"is_endless":false,"potions_floor_spawned":[4,7,10,19,24,28,31,33,38,39,42,45,48],"ascension_level":6}