{"gold_per_floor":[119,119,119,137,84,114,126,156,241,288,300,312,355,386,398,481,493,518,546,205,205],"floor_reached":21,"playtime":550,"items_purged":["Pain"],"score":384,"play_id":"66d26d71-b720-4cb1-b9f3-398442591aa0","local_time":"20190427202147","is_ascension_mode":true,"campfire_choices":[{"data":"Immolate","floor":7,"key":"SMITH"},{"data":"Disarm","floor":11,"key":"SMITH"},{"data":"Demon Form","floor":15,"key":"SMITH"}],"neow_cost":"NONE","seed_source_timestamp":3018473023673971,"circlet_count":0,"master_deck":["AscendersBane","Strike_R","Strike_R+1","Strike_R","Strike_R","Defend_R","Defend_R+1","Defend_R","Defend_R","Bash","Pommel Strike","Immolate+1","Demon Form+1","Disarm+1","Headbutt","Impervious","Shrug It Off"],"relics":["Burning Blood","Lantern","MawBank","Kunai","Oddly Smooth Stone","WarpedTongs","Torii","Black Star","Potion Belt"],"potions_floor_usage":[],"damage_taken":[{"damage":1,"enemies":"Small Slimes","floor":1,"turns":4},{"damage":7,"enemies":"Jaw Worm","floor":4,"turns":2},{"damage":8,"enemies":"Gremlin Nob","floor":6,"turns":3},{"damage":0,"enemies":"Cultist","floor":8,"turns":2},{"damage":16,"enemies":"3 Sentries","floor":10,"turns":4},{"damage":10,"enemies":"Gremlin Nob","floor":13,"turns":3},{"damage":11,"enemies":"Looter","floor":14,"turns":3},{"damage":12,"enemies":"Hexaghost","floor":16,"turns":6},{"damage":20,"enemies":"2 Thieves","floor":18,"turns":4},{"damage":33,"enemies":"3 Byrds","floor":19,"turns":6},{"damage":30,"enemies":"Snecko","floor":21,"turns":5}],"seed_played":"-5328513118709667129","potions_obtained":[{"floor":1,"key":"SteroidPotion"},{"floor":6,"key":"SteroidPotion"}],"is_trial":false,"path_per_floor":["M","?","?","M","?","E","R","M","T","E","R","?","E","M","R","B",null,"M","M","$","M"],"character_chosen":"IRONCLAD","items_purchased":["Potion Belt","Fire Potion","Shrug It Off"],"campfire_rested":0,"item_purchase_floors":[20,20,20],"current_hp_per_floor":[73,50,50,49,49,47,47,53,53,43,43,43,39,34,34,28,63,49,22,22,0],"gold":205,"neow_bonus":"RANDOM_COMMON_RELIC","is_prod":false,"is_daily":false,"chose_seed":false,"campfire_upgraded":3,"win_rate":0,"timestamp":1556392907,"path_taken":["M","?","?","M","?","E","R","M","T","E","R","?","E","?","R","BOSS","M","M","$","M"],"build_version":"2019-01-23","purchased_purges":1,"victory":false,"max_hp_per_floor":[75,75,75,75,75,75,75,75,75,75,75,75,75,75,75,75,75,75,75,75,75],"card_choices":[{"not_picked":["Rage","Perfected Strike"],"picked":"Pommel Strike","floor":1},{"not_picked":["Intimidate","Flex","Heavy Blade"],"picked":"SKIP","floor":4},{"not_picked":["Bloodletting","Entrench"],"picked":"Demon Form","floor":6},{"not_picked":["Warcry","Pommel Strike","Anger"],"picked":"SKIP","floor":8},{"not_picked":["Shockwave","Sever Soul"],"picked":"Disarm","floor":10},{"not_picked":["Armaments","Spot Weakness","Wild Strike"],"picked":"SKIP","floor":13},{"not_picked":["Sword Boomerang","Havoc"],"picked":"Headbutt","floor":14},{"not_picked":["Demon Form","Dark Embrace"],"picked":"Impervious","floor":16},{"not_picked":["Anger","Havoc","Spot Weakness"],"picked":"SKIP","floor":18},{"not_picked":["Sword Boomerang","Headbutt","Inflame"],"picked":"SKIP","floor":19}],"player_experience":230404,"relics_obtained":[{"floor":6,"key":"MawBank"},{"floor":9,"key":"Kunai"},{"floor":10,"key":"Oddly Smooth Stone"},{"floor":13,"key":"Torii"}],"event_choices":[{"damage_healed":0,"gold_gain":0,"player_choice":"Entered Light","damage_taken":23,"max_hp_gain":0,"max_hp_loss":0,"event_name":"Shining Light","floor":2,"gold_loss":0,"cards_upgraded":["Defend_R","Strike_R"]},{"damage_healed":0,"gold_gain":0,"cards_transformed":["Strike_R"],"player_choice":"Change","damage_taken":0,"max_hp_gain":0,"max_hp_loss":0,"event_name":"Living Wall","floor":3,"gold_loss":0,"cards_obtained":["Immolate"]},{"damage_healed":0,"gold_gain":0,"player_choice":"Left Gold","damage_taken":0,"max_hp_gain":0,"max_hp_loss":0,"event_name":"World of Goop","floor":5,"gold_loss":53},{"damage_healed":0,"gold_gain":0,"player_choice":"Rummage","damage_taken":0,"relics_obtained":["WarpedTongs"],"max_hp_gain":0,"max_hp_loss":0,"event_name":"Accursed Blacksmith","floor":12,"gold_loss":0,"cards_obtained":["Pain"]}],"is_beta":false,"boss_relics":[{"not_picked":["Lizard Tail","Sozu"],"picked":"Black Star"}],"items_purged_floors":[20],"is_endless":false,"potions_floor_spawned":[1,6,10,19],"killed_by":"Snecko","ascension_level":19}