{"path_per_floor":["M","M","?","M","?","R","M","M","T","$","?","R","M","M","R","B",null,"M","$","M","$","M","R","?","M","T","R","M","R","?","E","R","B",null,"M","?","$","M","M","R","?","M","T","M","R","M","M","?","R"],"character_chosen":"IRONCLAD","items_purchased":["Flex","Happy Flower","Iron Wave","Bottled Tornado","Bag of Marbles"],"gold_per_floor":[142,161,161,181,181,181,197,217,217,97,97,97,118,142,142,266,266,286,186,211,37,50,50,50,68,68,68,88,88,88,131,131,257,257,273,606,88,101,112,112,112,124,124,143,143,157,171,171,171],"floor_reached":50,"campfire_rested":2,"playtime":3969,"current_hp_per_floor":[84,84,67,67,60,60,60,60,60,60,39,39,44,44,44,23,85,75,75,75,75,67,67,59,58,58,58,55,55,55,56,56,18,59,59,59,59,54,20,20,35,21,21,13,30,27,1,1,18],"items_purged":["Defend_R","Defend_R","Corruption"],"gold":171,"score":436,"play_id":"79e398ae-a399-4313-8f5d-f9617d205c7a","is_prod":false,"is_daily":false,"is_ascension_mode":false,"campfire_upgraded":8,"path_taken":["M","M","?","?","?","R","M","?","T","$","?","R","M","M","R","BOSS","M","$","M","$","M","R","?","?","T","R","M","R","?","E","R","BOSS","M","?","$","M","M","R","?","M","T","M","R","M","M","?","R","BOSS"],"build_version":"2018-02-15-PROD1","purchased_purges":3,"victory":false,"master_deck":["Bash+1","Perfected Strike+1","Perfected Strike+1","Pommel Strike+1","Pommel Strike+1","Dropkick+1","Flex+1","Iron Wave+1","Perfected Strike+1","Double Tap+1","Flex+1","Spot Weakness+1","Iron Wave+1","Bite+1","Bite+1","Bite+1","Bite+1","Bite+1","Perfected Strike+1","Thunderclap+1","Seeing Red","Fire Breathing","Demon Form+1","Rage+1","Sever Soul+1","Bloodletting","Pommel Strike+1","Writhe","Perfected Strike+1","Seeing Red+1","Pommel Strike+1","Double Tap+1"],"max_hp_per_floor":[85,85,85,85,85,85,85,85,85,85,85,85,85,85,85,85,85,85,85,85,85,85,85,59,59,59,59,59,59,59,59,59,59,59,59,59,59,59,59,59,59,59,59,59,59,59,59,59,59],"relics":["Tiny House","Molten Egg 2","Vajra","Sozu","Happy Flower","Champion Belt","Unceasing Top","Astrolabe","Bottled Tornado","Bag of Marbles","Gremlin Horn"],"card_choices":[{"not_picked":["Feel No Pain","Cleave"],"picked":"Twin Strike"},{"not_picked":["Feel No Pain","Cleave"],"picked":"Perfected Strike"},{"not_picked":["Combust","Clothesline"],"picked":"Perfected Strike"},{"not_picked":["Warcry","Clash"],"picked":"Pommel Strike"},{"not_picked":["Thunderclap","Heavy Blade"],"picked":"Pommel Strike"},{"not_picked":["Thunderclap","Disarm"],"picked":"Dropkick"},{"not_picked":["Heavy Blade","Searing Blow"],"picked":"Iron Wave"},{"not_picked":["Sword Boomerang","Infernal Blade"],"picked":"Perfected Strike"},{"not_picked":["Juggernaut","Fiend Fire"],"picked":"Double Tap"},{"not_picked":["Headbutt","Corruption"],"picked":"Flex"},{"not_picked":["Dropkick","Uppercut"],"picked":"Spot Weakness"},{"not_picked":["Flame Barrier","Thunderclap"],"picked":"Perfected Strike"},{"not_picked":["Iron Wave","Armaments"],"picked":"Fire Breathing"},{"not_picked":["Bludgeon","Berserk"],"picked":"Demon Form"},{"not_picked":["Armaments","Shrug It Off"],"picked":"Bloodletting"},{"not_picked":["Twin Strike","Cleave"],"picked":"Pommel Strike"},{"not_picked":["Sword Boomerang","Armaments"],"picked":"Perfected Strike"},{"not_picked":["Shrug It Off","Searing Blow"],"picked":"Seeing Red"},{"not_picked":["Twin Strike","Perfected Strike"],"picked":"Pommel Strike"}],"player_experience":57353,"potions_floor_usage":[13,16],"damage_taken":[{"damage":1,"enemies":"Jaw Worm","floor":1,"turns":4},{"damage":0,"enemies":"Small Slimes","floor":2,"turns":3},{"damage":0,"enemies":"Cultist","floor":4,"turns":2},{"damage":0,"enemies":"2 Fungi Beasts","floor":7,"turns":2},{"damage":0,"enemies":"3 Louse","floor":8,"turns":3},{"damage":10,"enemies":"Lots of Slimes","floor":13,"turns":6},{"damage":0,"enemies":"Exordium Thugs","floor":14,"turns":3},{"damage":21,"enemies":"Hexaghost","floor":16,"turns":7},{"damage":10,"enemies":"2 Thieves","floor":18,"turns":2},{"damage":0,"enemies":"Spheric Guardian","floor":20,"turns":1},{"damage":8,"enemies":"Centurion and Healer","floor":22,"turns":3},{"damage":1,"enemies":"3 Cultists","floor":25,"turns":4},{"damage":13,"enemies":"Slaver and Parasite","floor":28,"turns":4},{"damage":8,"enemies":"Book of Stabbing","floor":31,"turns":3},{"damage":59,"enemies":"Champ","floor":33,"turns":7},{"damage":0,"enemies":"Orb Walker","floor":35,"turns":2},{"damage":14,"enemies":"3 Darklings","floor":38,"turns":3},{"damage":46,"enemies":"4 Shapes","floor":39,"turns":4},{"damage":29,"enemies":"Maw","floor":42,"turns":5},{"damage":20,"enemies":"3 Darklings","floor":44,"turns":4},{"damage":9,"enemies":"Sphere and 2 Shapes","floor":46,"turns":3},{"damage":29,"enemies":"4 Shapes","floor":47,"turns":4},{"damage":29,"enemies":"Donu and Deca","floor":50,"turns":2}],"event_choices":[{"event_name":"Shining Light","player_choice":"Entered Light","floor":3,"damage_taken":0},{"event_name":"Scrap Ooze","player_choice":"success","floor":5,"damage_taken":7},{"event_name":"Golden Idol","player_choice":"Take Damage","floor":11,"damage_taken":0},{"event_name":"Vampires","player_choice":"Became a vampire","floor":24,"damage_taken":0},{"event_name":"Match and Keep!","player_choice":"2 cards matched","floor":30,"damage_taken":0},{"event_name":"The Moai Head","player_choice":"Gave Idol","floor":36,"damage_taken":0},{"event_name":"Winding Halls","player_choice":"Writhe","floor":41,"damage_taken":0},{"event_name":"Duplicator","player_choice":"One dupe","floor":48,"damage_taken":0}],"boss_relics":[{"not_picked":["Runic Pyramid","Calling Bell"],"picked":"Sozu"},{"not_picked":["Orrery","Black Star"],"picked":"Astrolabe"}],"potions_floor_spawned":[1,8,14,18,25,28,38,46,47],"seed_played":"5351994489913712010","killed_by":"Donu and Deca","ascension_level":0,"is_trial":false}