{"gold_per_floor":[117,117,130,55,75,75,75,90,115,125,125,25,25,35,35,130,130,150,166,16,16],"floor_reached":21,"playtime":722,"items_purged":["Rupture","Shockwave"],"score":299,"play_id":"56937f3a-ea63-4845-8871-53cfc0177898","local_time":"20190117212622","is_ascension_mode":true,"campfire_choices":[{"data":"Berserk","floor":6,"key":"SMITH"},{"floor":11,"key":"REST"},{"data":"Dual Wield","floor":15,"key":"SMITH"}],"neow_cost":"NONE","seed_source_timestamp":2001972917913163,"circlet_count":0,"master_deck":["AscendersBane","Bash","Carnage","Feed","Whirlwind","Shockwave","Dual Wield+1","Shrug It Off","Metallicize","Perfected Strike+1","Spot Weakness+1","Heavy Blade+1","Iron Wave","Dual Wield","Shrug It Off","Body Slam"],"relics":["Pandora\u0027s Box","Oddly Smooth Stone","Astrolabe"],"potions_floor_usage":[8,16,16],"damage_taken":[{"damage":0,"enemies":"2 Louse","floor":1,"turns":2},{"damage":4,"enemies":"Cultist","floor":3,"turns":3},{"damage":10,"enemies":"Jaw Worm","floor":5,"turns":2},{"damage":26,"enemies":"Exordium Thugs","floor":8,"turns":4},{"damage":13,"enemies":"Blue Slaver","floor":10,"turns":3},{"damage":4,"enemies":"Looter","floor":14,"turns":3},{"damage":57,"enemies":"Hexaghost","floor":16,"turns":11},{"damage":25,"enemies":"Spheric Guardian","floor":18,"turns":6},{"damage":7,"enemies":"3 Byrds","floor":19,"turns":4},{"damage":51,"enemies":"3 Cultists","floor":21,"turns":4}],"seed_played":"524704431569602018","potions_obtained":[{"floor":3,"key":"Explosive Potion"},{"floor":5,"key":"LiquidBronze"},{"floor":10,"key":"Poison Potion"},{"floor":19,"key":"Swift Potion"}],"is_trial":false,"path_per_floor":["M","?","M","$","M","R","?","M","T","M","R","$","$","M","R","B",null,"M","M","$","M"],"character_chosen":"IRONCLAD","items_purchased":["Dual Wield","Shrug It Off","Body Slam"],"campfire_rested":1,"item_purchase_floors":[20,20,20],"current_hp_per_floor":[75,75,71,71,64,64,69,46,46,33,61,61,61,60,60,3,74,52,45,45,0],"gold":16,"neow_bonus":"BOSS_RELIC","is_prod":false,"is_daily":false,"chose_seed":false,"campfire_upgraded":2,"win_rate":0,"timestamp":1547760382,"path_taken":["M","?","?","$","M","R","?","M","T","M","R","?","$","M","R","BOSS","M","M","$","M"],"build_version":"2019-01-10","purchased_purges":2,"victory":false,"max_hp_per_floor":[83,83,83,83,86,86,91,94,94,94,94,94,94,97,97,97,97,100,100,100,100],"card_choices":[{"not_picked":["Clash","Fire Breathing"],"picked":"Dual Wield","floor":1},{"not_picked":["Cleave","Clothesline"],"picked":"Shrug It Off","floor":3},{"not_picked":["Evolve","Sever Soul","Flex"],"picked":"SKIP","floor":5},{"not_picked":["Havoc","Searing Blow","Pommel Strike"],"picked":"SKIP","floor":8},{"not_picked":["Clothesline","Wild Strike","Reckless Charge"],"picked":"SKIP","floor":10},{"not_picked":["Anger","Clash"],"picked":"Metallicize","floor":14},{"not_picked":["Bludgeon","Juggernaut"],"picked":"Demon Form","floor":16},{"not_picked":["Warcry","Sword Boomerang"],"picked":"Iron Wave","floor":18},{"not_picked":["Clothesline","Havoc+1","Seeing Red"],"picked":"SKIP","floor":19}],"player_experience":402031,"relics_obtained":[{"floor":9,"key":"Oddly Smooth Stone"}],"event_choices":[{"cards_removed":["Entrench"],"damage_healed":0,"gold_gain":0,"player_choice":"Purged","damage_taken":0,"max_hp_gain":0,"max_hp_loss":0,"event_name":"Purifier","floor":2,"gold_loss":0},{"damage_healed":0,"gold_gain":0,"player_choice":"Donut","damage_taken":0,"max_hp_gain":5,"max_hp_loss":0,"event_name":"Big Fish","floor":7,"gold_loss":0}],"is_beta":false,"boss_relics":[{"not_picked":["Runic Dome","Empty Cage"],"picked":"Astrolabe"}],"items_purged_floors":[4,12],"is_endless":false,"potions_floor_spawned":[3,5,10,19],"killed_by":"3 Cultists","ascension_level":12}