{"path_per_floor":["M","?","M","M","$","E","M","$","T","T","M","M","M","M","R","B",null,"M","?","$","$","M","E","R"],"character_chosen":"IRONCLAD","items_purchased":["Clash","Kunai"],"gold_per_floor":[116,116,129,141,66,96,110,86,86,86,99,110,121,141,141,241,241,254,254,9,9,20,48,48],"floor_reached":25,"campfire_rested":2,"playtime":1854,"current_hp_per_floor":[66,66,58,59,59,27,10,10,10,17,20,17,25,9,37,43,95,92,92,92,92,93,51,80],"items_purged":["Normality"],"gold":48,"score":381,"play_id":"3b537b3e-7c42-46f2-8167-994d477577e2","local_time":"20180317133235","is_prod":false,"is_daily":false,"is_ascension_mode":true,"campfire_upgraded":0,"timestamp":1521315155,"path_taken":["M","?","?","M","$","E","M","$","T","?","M","M","?","M","R","BOSS","M","?","?","$","?","E","R","E"],"build_version":"2018-03-16","purchased_purges":1,"victory":false,"master_deck":["Strike_R","Strike_R","Strike_R","Strike_R","Defend_R","Defend_R","Defend_R","Defend_R","Bash","Havoc","Heavy Blade","Headbutt","Clash","Shrug It Off","Clash","Twin Strike","Double Tap","Clash","Clash"],"max_hp_per_floor":[80,80,82,84,84,86,86,86,86,93,93,93,95,95,95,95,95,97,97,97,97,97,99,99],"relics":["Burning Blood","Singing Bowl","Lantern","Pen Nib","Strawberry","Question Card","Kunai","The Courier"],"card_choices":[{"not_picked":["Evolve","Thunderclap"],"picked":"Heavy Blade"},{"not_picked":["Shrug It Off","Heavy Blade"],"picked":"Headbutt"},{"not_picked":["Searing Blow","Feel No Pain"],"picked":"Shrug It Off"},{"not_picked":["Havoc","Twin Strike"],"picked":"Clash"},{"not_picked":["Reckless Charge","True Grit"],"picked":"Twin Strike"},{"not_picked":["Fiend Fire","Barricade"],"picked":"Double Tap"},{"not_picked":["True Grit","Flame Barrier","Cleave"],"picked":"Clash"}],"player_experience":222223,"potions_floor_usage":[12,13,16,18,18,25],"damage_taken":[{"damage":20.0,"enemies":"Jaw Worm","floor":1.0,"turns":6.0},{"damage":16.0,"enemies":"Cultist","floor":3.0,"turns":4.0},{"damage":7.0,"enemies":"2 Louse","floor":4.0,"turns":3.0},{"damage":40.0,"enemies":"Lagavulin","floor":6.0,"turns":6.0},{"damage":23.0,"enemies":"Gremlin Gang","floor":7.0,"turns":6.0},{"damage":3,"enemies":"Blue Slaver","floor":11,"turns":2},{"damage":18,"enemies":"Large Slime","floor":12,"turns":4},{"damage":0,"enemies":"2 Fungi Beasts","floor":13,"turns":1},{"damage":22,"enemies":"Exordium Thugs","floor":14,"turns":6},{"damage":0,"enemies":"Slime Boss","floor":16,"turns":8},{"damage":11,"enemies":"Chosen","floor":18,"turns":4},{"damage":5,"enemies":"Spheric Guardian","floor":22,"turns":3},{"damage":50,"enemies":"Slavers","floor":23,"turns":8},{"damage":91,"enemies":"Gremlin Leader","floor":25,"turns":6}],"event_choices":[{"event_name":"Accursed Blacksmith","player_choice":"Rummage","floor":2.0,"damage_taken":0.0},{"event_name":"The Library","player_choice":"Read","floor":19,"damage_taken":0}],"boss_relics":[{"not_picked":["Snecko Eye","Velvet Choker"],"picked":"Question Card"}],"potions_floor_spawned":[1,7,11,12,13,16,23],"seed_played":"9058533464627679027","killed_by":"Gremlin Leader","ascension_level":4,"is_trial":false}