{"gold_per_floor":[116,66,66,66,86,86,15,15,39,39,80,105,105,128,128,258,258,273,188,113,136,157,157,157],"floor_reached":24,"playtime":1922,"items_purged":["Strike_G"],"score":243,"play_id":"cb9dcb65-7452-4e34-ae1a-edab10a71c4b","local_time":"20190423231543","is_ascension_mode":true,"campfire_choices":[{"data":"Burst","floor":6,"key":"SMITH"},{"data":"Noxious Fumes","floor":8,"key":"SMITH"},{"floor":13,"key":"REST"},{"data":"Neutralize","floor":15,"key":"SMITH"},{"floor":23,"key":"REST"}],"neow_cost":"NONE","seed_source_timestamp":274382686368857,"circlet_count":0,"master_deck":["Defend_G","Defend_G","Defend_G","Defend_G","Defend_G","Strike_G","Strike_G","Strike_G","Survivor","Neutralize+1","Burst+1","Caltrops","Dagger Throw","Noxious Fumes+1","Catalyst","Noxious Fumes","After Image","Backflip","Backflip"],"relics":["Ring of the Serpent","Golden Idol","Orichalcum","Centennial Puzzle","Bottled Tornado","Dodecahedron"],"potions_floor_usage":[11,11,18],"damage_taken":[{"damage":4,"enemies":"Cultist","floor":1,"turns":5},{"damage":2,"enemies":"Jaw Worm","floor":5,"turns":6},{"damage":11,"enemies":"3 Sentries","floor":11,"turns":7},{"damage":2,"enemies":"2 Louse","floor":12,"turns":2},{"damage":0,"enemies":"Exordium Wildlife","floor":14,"turns":4},{"damage":19,"enemies":"The Guardian","floor":16,"turns":8},{"damage":12,"enemies":"Chosen","floor":18,"turns":5},{"damage":13,"enemies":"Spheric Guardian","floor":21,"turns":4},{"damage":9,"enemies":"Centurion and Healer","floor":22,"turns":8},{"damage":55,"enemies":"Gremlin Leader","floor":24,"turns":5}],"seed_played":"3355868378185694756","potions_obtained":[{"floor":1,"key":"Swift Potion"},{"floor":5,"key":"PowerPotion"},{"floor":12,"key":"SneckoOil"},{"floor":18,"key":"EssenceOfSteel"}],"is_trial":false,"path_per_floor":["M","?","?","?","M","R","$","R","T","$","E","M","R","M","R","B",null,"M","?","$","M","M","R","E"],"character_chosen":"THE_SILENT","items_purchased":["Noxious Fumes"],"campfire_rested":2,"item_purchase_floors":[7],"current_hp_per_floor":[66,66,49,42,40,40,40,40,40,40,29,27,48,48,48,29,60,48,48,48,35,26,47,0],"gold":157,"neow_bonus":"ONE_RANDOM_RARE_CARD","is_prod":false,"is_daily":false,"chose_seed":false,"campfire_upgraded":3,"win_rate":0,"timestamp":1556082943,"path_taken":["M","?","?","?","?","R","$","R","T","$","E","M","R","M","R","BOSS","M","?","$","M","M","R","E"],"build_version":"2019-01-23","purchased_purges":1,"victory":false,"max_hp_per_floor":[70,70,70,70,70,70,70,70,70,70,70,70,70,70,70,70,70,70,70,70,70,70,70,70],"card_choices":[{"not_picked":["Finisher","Infinite Blades"],"picked":"Caltrops","floor":1},{"not_picked":["Deflect","Flying Knee"],"picked":"Dagger Throw","floor":5},{"not_picked":["All Out Attack","Crippling Poison"],"picked":"Catalyst","floor":11},{"not_picked":["Sucker Punch","Riddle With Holes"],"picked":"Noxious Fumes","floor":12},{"not_picked":["Cloak And Dagger","Flying Knee","Setup"],"picked":"SKIP","floor":14},{"not_picked":["Burst","Phantasmal Killer"],"picked":"After Image","floor":16},{"not_picked":["Leg Sweep","Prepared"],"picked":"Backflip","floor":18},{"not_picked":["Deflect","Deadly Poison+1","Poisoned Stab"],"picked":"SKIP","floor":21},{"not_picked":["Deflect","Choke+1"],"picked":"Backflip","floor":22}],"player_experience":454853,"relics_obtained":[{"floor":9,"key":"Centennial Puzzle"},{"floor":11,"key":"Bottled Tornado"}],"event_choices":[{"cards_removed":["Strike_G"],"damage_healed":0,"gold_gain":0,"player_choice":"Card Removal","damage_taken":0,"max_hp_gain":0,"max_hp_loss":0,"event_name":"The Cleric","floor":2,"gold_loss":50},{"damage_healed":0,"gold_gain":0,"player_choice":"Take Damage","damage_taken":17,"relics_obtained":["Golden Idol"],"max_hp_gain":0,"max_hp_loss":0,"event_name":"Golden Idol","floor":3,"gold_loss":0},{"damage_healed":0,"gold_gain":0,"player_choice":"Success","damage_taken":7,"relics_obtained":["Orichalcum"],"max_hp_gain":0,"max_hp_loss":0,"event_name":"Scrap Ooze","floor":4,"gold_loss":0},{"damage_healed":0,"gold_gain":0,"player_choice":"Obtained Relic","damage_taken":0,"relics_obtained":["Dodecahedron"],"max_hp_gain":0,"max_hp_loss":0,"event_name":"Addict","floor":19,"gold_loss":85}],"is_beta":false,"boss_relics":[{"not_picked":["Fusion Hammer","Lizard Tail"],"picked":"Ring of the Serpent"}],"items_purged_floors":[20],"is_endless":false,"potions_floor_spawned":[1,5,12,18],"killed_by":"Gremlin Leader","ascension_level":5}