{"gold_per_floor":[363,380,395,24,124,124,154,167,167,186,213,213,229,23,23,100,100,40,54,1,13,30,30,30,44,95,95,113,123,10,26,26,99,99,114,126,136,136,0,0,15,15,42,42,42,75,4,4,4,4],"floor_reached":51,"playtime":2717,"items_purged":["Regret"],"score":1179,"play_id":"d4acefec-9a74-4e61-a6c8-df9505a99911","local_time":"20190119001146","is_ascension_mode":true,"campfire_choices":[{"data":"Defragment","floor":6,"key":"SMITH"},{"floor":15,"key":"REST"},{"floor":23,"key":"REST"},{"data":"Capacitor","floor":27,"key":"SMITH"},{"floor":32,"key":"REST"},{"floor":40,"key":"REST"},{"floor":42,"key":"REST"},{"floor":44,"key":"REST"},{"floor":49,"key":"REST"}],"neow_cost":"CURSE","seed_source_timestamp":2096294406080479,"circlet_count":0,"master_deck":["AscendersBane","Strike_B","Strike_B+1","Strike_B","Strike_B+1","Defend_B","Defend_B","Defend_B","Defend_B","Conserve Battery","Cold Snap","Defragment+1","Sweeping Beam","Melter","Conserve Battery","Hologram","Defragment+1","Glacier","Hologram","Barrage+1","Capacitor+1","Skim","Coolheaded+1","Skim+1","Compile Driver+1","Gash","Double Energy","Coolheaded","Coolheaded","Turbo","Barrage","Cold Snap","Coolheaded","Cold Snap","Flash of Steel"],"relics":["Cracked Core","Membership Card","Vajra","PreservedInsect","Centennial Puzzle","Meat on the Bone","Singing Bowl","Empty Cage","Whetstone","Runic Capacitor","Fusion Hammer","Red Mask","Happy Flower","Anchor"],"potions_floor_usage":[10,16,21,29,33,41,50],"damage_taken":[{"damage":8,"enemies":"Cultist","floor":1,"turns":3},{"damage":2,"enemies":"Small Slimes","floor":2,"turns":3},{"damage":0,"enemies":"2 Louse","floor":3,"turns":2},{"damage":18,"enemies":"Lagavulin","floor":7,"turns":9},{"damage":7,"enemies":"Gremlin Gang","floor":8,"turns":5},{"damage":22,"enemies":"Exordium Thugs","floor":10,"turns":4},{"damage":7,"enemies":"3 Sentries","floor":11,"turns":4},{"damage":9,"enemies":"Looter","floor":13,"turns":2},{"damage":22,"enemies":"Slime Boss","floor":16,"turns":13},{"damage":12,"enemies":"2 Thieves","floor":18,"turns":4},{"damage":0,"enemies":"Spheric Guardian","floor":19,"turns":1},{"damage":29,"enemies":"Centurion and Healer","floor":21,"turns":11},{"damage":12,"enemies":"Snecko","floor":22,"turns":8},{"damage":30,"enemies":"Cultist and Chosen","floor":25,"turns":11},{"damage":11,"enemies":"Snake Plant","floor":28,"turns":7},{"damage":19,"enemies":"3 Cultists","floor":29,"turns":6},{"damage":6,"enemies":"Sentry and Sphere","floor":31,"turns":6},{"damage":7,"enemies":"Champ","floor":33,"turns":16},{"damage":0,"enemies":"Orb Walker","floor":35,"turns":5},{"damage":2,"enemies":"3 Darklings","floor":36,"turns":9},{"damage":0,"enemies":"Maw","floor":37,"turns":11},{"damage":50,"enemies":"4 Shapes","floor":41,"turns":7},{"damage":7,"enemies":"Giant Head","floor":46,"turns":6},{"damage":15,"enemies":"Awakened One","floor":50,"turns":17}],"seed_played":"-1359010466488295601","potions_obtained":[{"floor":7,"key":"Regen Potion"},{"floor":10,"key":"PowerPotion"},{"floor":16,"key":"AttackPotion"},{"floor":19,"key":"GamblersBrew"},{"floor":21,"key":"Fruit Juice"},{"floor":22,"key":"SkillPotion"},{"floor":33,"key":"LiquidBronze"},{"floor":35,"key":"Ancient Potion"},{"floor":37,"key":"SkillPotion"}],"is_trial":false,"path_per_floor":["M","M","M","$","?","R","E","M","T","M","E","?","M","$","R","B",null,"M","M","$","M","M","R","?","M","T","R","M","M","$","M","R","B",null,"M","M","M","?","?","R","M","R","T","R","?","E","$","$","R","B",null],"character_chosen":"DEFECT","items_purchased":["Membership Card","Vajra","Rebound","Defragment","Defragment","Glacier","Hologram","Singing Bowl","Capacitor","Skim","Runic Capacitor","Coolheaded","Cold Snap","Flash of Steel"],"campfire_rested":7,"item_purchase_floors":[4,4,4,4,14,14,14,14,20,20,30,30,47,47],"current_hp_per_floor":[60,58,58,58,58,58,40,33,33,20,13,13,16,16,38,30,65,53,55,55,43,43,68,68,50,50,50,51,44,44,50,75,70,82,82,80,82,82,82,84,46,71,71,84,84,77,77,77,84,69],"gold":4,"neow_bonus":"TWO_FIFTY_GOLD","is_prod":false,"is_daily":false,"chose_seed":false,"campfire_upgraded":2,"win_rate":0,"timestamp":1547856706,"path_taken":["M","M","M","$","?","R","E","M","T","?","E","?","M","$","R","BOSS","M","M","$","M","M","R","?","M","T","R","M","M","$","M","R","BOSS","M","?","M","?","?","R","M","R","T","R","?","E","?","$","R","BOSS"],"build_version":"2019-01-17v2","purchased_purges":1,"victory":true,"max_hp_per_floor":[75,75,75,75,75,75,75,75,75,75,75,75,75,75,75,77,77,77,79,79,84,84,84,84,84,84,84,84,84,84,84,84,86,86,86,86,88,84,84,84,84,84,84,84,84,84,84,84,84,84],"card_choices":[{"not_picked":["Go for the Eyes","Redo","Recycle"],"picked":"SKIP","floor":1},{"not_picked":["Auto Shields","Streamline"],"picked":"Conserve Battery","floor":2},{"not_picked":["Sweeping Beam","Rebound"],"picked":"Cold Snap","floor":3},{"not_picked":["Recycle","Chaos"],"picked":"Sweeping Beam","floor":7},{"not_picked":["Ball Lightning","Static Discharge","Go for the Eyes"],"picked":"SKIP","floor":8},{"not_picked":["Doom and Gloom","Reboot"],"picked":"Melter","floor":10},{"not_picked":["White Noise","Lockon"],"picked":"Conserve Battery","floor":11},{"not_picked":["Go for the Eyes","Storm"],"picked":"Hologram","floor":13},{"not_picked":["Buffer","Thunder Strike","Core Surge"],"picked":"Singing Bowl","floor":16},{"not_picked":["Leap+1","Compile Driver+1"],"picked":"Barrage+1","floor":18},{"not_picked":["White Noise","Ball Lightning","Scrape"],"picked":"Singing Bowl","floor":19},{"not_picked":["Hologram","Ball Lightning"],"picked":"Coolheaded+1","floor":21},{"not_picked":["Stack","Leap"],"picked":"Skim+1","floor":22},{"not_picked":["Storm","Rebound"],"picked":"Compile Driver+1","floor":25},{"not_picked":["Compile Driver+1","Storm+1"],"picked":"Gash","floor":28},{"not_picked":["BootSequence","Skim"],"picked":"Double Energy","floor":29},{"not_picked":["Doom and Gloom","Rebound"],"picked":"Coolheaded","floor":31},{"not_picked":["Core Surge","Buffer","Creative AI"],"picked":"Singing Bowl","floor":33},{"not_picked":["Melter","FTL"],"picked":"Turbo","floor":35},{"not_picked":["Chaos","Rip and Tear+1"],"picked":"Barrage","floor":36},{"not_picked":["FTL","Conserve Battery","Self Repair"],"picked":"Singing Bowl","floor":37},{"not_picked":["Rebound+1","Compile Driver"],"picked":"Cold Snap","floor":41},{"not_picked":["Leap","Fusion"],"picked":"Coolheaded","floor":46}],"player_experience":426432,"relics_obtained":[{"floor":7,"key":"PreservedInsect"},{"floor":9,"key":"Centennial Puzzle"},{"floor":11,"key":"Meat on the Bone"},{"floor":26,"key":"Whetstone"},{"floor":43,"key":"Happy Flower"},{"floor":46,"key":"Anchor"}],"event_choices":[{"damage_healed":0,"gold_gain":100,"player_choice":"Gold","damage_taken":0,"max_hp_gain":0,"max_hp_loss":0,"event_name":"Wheel of Change","floor":5,"gold_loss":0},{"damage_healed":0,"gold_gain":0,"player_choice":"Ignored","damage_taken":0,"max_hp_gain":0,"max_hp_loss":0,"event_name":"Golden Idol","floor":12,"gold_loss":0},{"damage_healed":0,"gold_gain":0,"player_choice":"Forge","damage_taken":0,"max_hp_gain":0,"max_hp_loss":0,"event_name":"Accursed Blacksmith","floor":24,"gold_loss":0,"cards_upgraded":["Defragment"]},{"damage_healed":0,"gold_gain":0,"player_choice":"Max HP","damage_taken":0,"max_hp_gain":0,"max_hp_loss":4,"event_name":"Winding Halls","floor":38,"gold_loss":0},{"damage_healed":0,"gold_gain":0,"player_choice":"Paid","damage_taken":0,"relics_obtained":["Red Mask"],"max_hp_gain":0,"max_hp_loss":0,"event_name":"Tomb of Lord Red Mask","floor":39,"gold_loss":136},{"cards_removed":["Rebound"],"damage_healed":0,"gold_gain":0,"player_choice":"Removed Attack","damage_taken":0,"max_hp_gain":0,"max_hp_loss":0,"event_name":"Falling","floor":45,"gold_loss":0}],"is_beta":false,"boss_relics":[{"not_picked":["Coffee Dripper","Lizard Tail"],"picked":"Empty Cage"},{"not_picked":["Pandora\u0027s Box","Tiny House"],"picked":"Fusion Hammer"}],"items_purged_floors":[4],"is_endless":false,"potions_floor_spawned":[7,10,16,19,21,22,25,33,35,37],"ascension_level":13}