{"gold_per_floor":[116,116,116,19,19,19,45,45,45,45,60,60,70,88,88,160,160,171,171,185,185,31,31,49,67,121,121],"floor_reached":27,"playtime":900,"items_purged":[],"score":440,"play_id":"90db5e76-dae2-4bd4-8e4a-342fa897b61b","local_time":"20190202181939","is_ascension_mode":true,"campfire_choices":[{"data":"FTL","floor":6,"key":"SMITH"},{"data":"Rip and Tear","floor":8,"key":"SMITH"},{"data":"Dualcast","floor":10,"key":"SMITH"},{"data":"Beam Cell","floor":15,"key":"SMITH"},{"data":"Machine Learning","floor":23,"key":"SMITH"}],"neow_cost":"CURSE","seed_source_timestamp":173016389150483,"circlet_count":0,"master_deck":["AscendersBane","Strike_B","Strike_B","Strike_B","Strike_B","Defend_B","Defend_B","Defend_B","Defend_B","Zap","Dualcast+1","Doubt","Steam","Regret","FTL+1","Rip and Tear+1","Reprogram","Glacier","Auto Shields","Beam Cell+1","Coolheaded","Coolheaded","Machine Learning+1","Gash","Coolheaded","Barrage","Stack","Stack","Glacier+1","Gash","Coolheaded","Flash of Steel","Conserve Battery","Coolheaded","Gash","Compile Driver"],"relics":["Cracked Core","Du-Vu Doll","Prayer Wheel","Kunai","Bottled Lightning","Mummified Hand","Orrery","MutagenicStrength","Nloth\u0027s Gift","Strawberry"],"potions_floor_usage":[7,7,16,25],"damage_taken":[{"damage":0,"enemies":"Small Slimes","floor":1,"turns":2},{"damage":13,"enemies":"Gremlin Nob","floor":7,"turns":3},{"damage":2,"enemies":"Jaw Worm","floor":11,"turns":2},{"damage":0,"enemies":"Cultist","floor":13,"turns":2},{"damage":0,"enemies":"Looter","floor":14,"turns":1},{"damage":10,"enemies":"Slime Boss","floor":16,"turns":6},{"damage":0,"enemies":"Spheric Guardian","floor":18,"turns":1},{"damage":7,"enemies":"Shell Parasite","floor":20,"turns":6},{"damage":19,"enemies":"Centurion and Healer","floor":24,"turns":7},{"damage":6,"enemies":"Cultist and Chosen","floor":25,"turns":7},{"damage":34,"enemies":"Book of Stabbing","floor":27,"turns":6}],"seed_played":"282794273374912105","potions_obtained":[{"floor":1,"key":"FearPotion"},{"floor":11,"key":"Dexterity Potion"},{"floor":13,"key":"AttackPotion"},{"floor":24,"key":"Swift Potion"}],"is_trial":false,"path_per_floor":["M","?","?","$","T","R","E","R","T","R","M","?","M","M","R","B",null,"M","?","M","?","$","R","M","M","T","E"],"character_chosen":"DEFECT","items_purchased":["FTL","Fire Potion","Flash of Steel","Fire Potion"],"campfire_rested":0,"item_purchase_floors":[4,4,22,22],"current_hp_per_floor":[64,64,64,64,64,64,51,51,51,51,49,31,31,31,31,21,59,59,59,52,52,52,52,33,27,34,0],"gold":121,"neow_bonus":"ONE_RARE_RELIC","is_prod":false,"is_daily":false,"chose_seed":false,"campfire_upgraded":5,"win_rate":0,"timestamp":1549131579,"path_taken":["M","?","?","$","?","R","E","R","T","R","?","?","M","M","R","BOSS","M","?","M","?","$","R","M","?","T","E"],"build_version":"2019-01-23","purchased_purges":0,"victory":false,"max_hp_per_floor":[71,71,71,71,71,71,71,71,71,71,71,71,71,71,71,71,71,71,71,71,71,71,71,71,71,78,78],"card_choices":[{"not_picked":["Go for the Eyes","Rebound"],"picked":"Steam","floor":1},{"not_picked":["Steam","Redo"],"picked":"Rip and Tear","floor":7},{"not_picked":["Genetic Algorithm","Defragment"],"picked":"Reprogram","floor":11},{"not_picked":["Steam Power","Consume"],"picked":"Glacier","floor":11},{"not_picked":["Stack","Aggregate"],"picked":"Auto Shields","floor":13},{"not_picked":["Self Repair","Fusion"],"picked":"Beam Cell","floor":13},{"not_picked":["Double Energy","Sweeping Beam"],"picked":"Coolheaded","floor":14},{"not_picked":["Steam","Genetic Algorithm"],"picked":"Coolheaded","floor":14},{"not_picked":["Hyperbeam","Meteor Strike"],"picked":"Machine Learning","floor":16},{"not_picked":["Storm","Hologram"],"picked":"Gash","floor":17},{"not_picked":["Sweeping Beam","Barrage"],"picked":"Coolheaded","floor":17},{"not_picked":["Redo","Genetic Algorithm"],"picked":"Barrage","floor":17},{"not_picked":["Sweeping Beam","Multi-Cast"],"picked":"Stack","floor":17},{"not_picked":["Streamline","Lockon"],"picked":"Stack","floor":17},{"not_picked":["Cold Snap+1","Conserve Battery"],"picked":"Glacier+1","floor":18},{"not_picked":["Chaos","Consume"],"picked":"Gash","floor":18},{"not_picked":["Hologram","Streamline"],"picked":"Coolheaded","floor":20},{"not_picked":["Consume","Ball Lightning","Storm"],"picked":"SKIP","floor":20},{"not_picked":["BootSequence","Fusion"],"picked":"Conserve Battery","floor":24},{"not_picked":["Force Field","Turbo"],"picked":"Coolheaded","floor":24},{"not_picked":["Reprogram","Go for the Eyes"],"picked":"Gash","floor":25},{"not_picked":["Recycle","Barrage"],"picked":"Compile Driver","floor":25}],"player_experience":531100,"relics_obtained":[{"floor":5,"key":"Kunai"},{"floor":7,"key":"Bottled Lightning"},{"floor":9,"key":"Mummified Hand"},{"floor":26,"key":"Strawberry"}],"event_choices":[{"damage_healed":0,"gold_gain":0,"player_choice":"Box","damage_taken":0,"relics_obtained":["Prayer Wheel"],"max_hp_gain":0,"max_hp_loss":0,"event_name":"Big Fish","floor":2,"gold_loss":0,"cards_obtained":["Regret"]},{"damage_healed":0,"gold_gain":0,"player_choice":"Leave","damage_taken":0,"max_hp_gain":0,"max_hp_loss":0,"event_name":"The Cleric","floor":3,"gold_loss":0},{"damage_healed":0,"gold_gain":0,"player_choice":"Success","damage_taken":18,"relics_obtained":["Cables"],"max_hp_gain":0,"max_hp_loss":0,"event_name":"Scrap Ooze","floor":12,"gold_loss":0},{"damage_healed":0,"gold_gain":0,"player_choice":"Inject Mutagens","damage_taken":0,"relics_obtained":["MutagenicStrength"],"max_hp_gain":0,"max_hp_loss":0,"event_name":"Drug Dealer","floor":19,"gold_loss":0},{"damage_healed":0,"gold_gain":0,"player_choice":"Traded Relic","damage_taken":0,"relics_obtained":["Nloth\u0027s Gift"],"max_hp_gain":0,"max_hp_loss":0,"event_name":"N\u0027loth","floor":21,"relics_lost":["Cables"],"gold_loss":0}],"is_beta":false,"boss_relics":[{"not_picked":["Busted Crown","Lizard Tail"],"picked":"Orrery"}],"items_purged_floors":[],"is_endless":false,"potions_floor_spawned":[1,11,13,24],"killed_by":"Book of Stabbing","ascension_level":17}