{"gold_per_floor":[362,12,28,41,51,51,82,82,82,82,95,127,89,89,89,167,167,179,199,199,213,213,213,229,239,293,293,313,328,328],"floor_reached":30,"playtime":1250,"items_purged":["Injury"],"score":415,"play_id":"309636fd-141c-4395-bd79-cc30a7873e1f","local_time":"20190120002159","is_ascension_mode":true,"campfire_choices":[{"data":"Apotheosis","floor":6,"key":"SMITH"},{"data":"Caltrops","floor":8,"key":"SMITH"},{"data":"Neutralize","floor":10,"key":"SMITH"},{"data":"Blade Dance","floor":15,"key":"SMITH"},{"floor":23,"key":"REST"},{"floor":27,"key":"REST"}],"neow_cost":"CURSE","seed_source_timestamp":1225134840662381,"circlet_count":0,"master_deck":["AscendersBane","Defend_G","Defend_G","Defend_G","Defend_G","Defend_G","Strike_G","Strike_G","Strike_G","Strike_G+1","Survivor","Neutralize+1","Caltrops+1","Apotheosis+1","Well Laid Plans","PiercingWail","Deadly Poison","Well Laid Plans","Deadly Poison","Blade Dance+1","Footwork","Bullet Time","Finisher+1","Dodge and Roll","Setup","Blade Dance","Finisher","Blade Dance"],"special_seed":0,"relics":["Ring of the Serpent","Vajra","Smiling Mask","Kunai","Matryoshka","Regal Pillow","Whetstone"],"potions_floor_usage":[5,5,12,16,21,21,28,29],"damage_taken":[{"damage":6.0,"enemies":"Cultist","floor":1.0,"turns":5.0},{"damage":1.0,"enemies":"Small Slimes","floor":3.0,"turns":5.0},{"damage":1,"enemies":"Jaw Worm","floor":4,"turns":3},{"damage":9,"enemies":"Gremlin Gang","floor":5,"turns":5},{"damage":16,"enemies":"3 Sentries","floor":7,"turns":7},{"damage":0,"enemies":"Red Slaver","floor":11,"turns":4},{"damage":15,"enemies":"Gremlin Nob","floor":12,"turns":4},{"damage":8,"enemies":"Hexaghost","floor":16,"turns":7},{"damage":15,"enemies":"3 Byrds","floor":18,"turns":6},{"damage":14,"enemies":"Shell Parasite","floor":19,"turns":4},{"damage":3,"enemies":"3 Cultists","floor":21,"turns":6},{"damage":7,"enemies":"Centurion and Healer","floor":24,"turns":6},{"damage":18,"enemies":"Snake Plant","floor":25,"turns":3},{"damage":14,"enemies":"Snecko","floor":28,"turns":5},{"damage":16,"enemies":"Centurion and Healer","floor":29,"turns":5},{"damage":32,"enemies":"Book of Stabbing","floor":30,"turns":3}],"seed_played":"-4707861175040613115","potions_obtained":[{"floor":1.0,"key":"AttackPotion"},{"floor":3.0,"key":"GamblersBrew"},{"floor":7,"key":"Energy Potion"},{"floor":12,"key":"Poison Potion"},{"floor":18,"key":"Energy Potion"},{"floor":19,"key":"SteroidPotion"},{"floor":25,"key":"SkillPotion"},{"floor":28,"key":"AttackPotion"}],"is_trial":false,"path_per_floor":["M","$","M","M","M","R","E","R","T","R","M","E","$","?","R","B",null,"M","M","?","M","T","R","M","M","T","R","M","M","E"],"character_chosen":"THE_SILENT","items_purchased":["Apotheosis","Well Laid Plans","PiercingWail","Footwork"],"campfire_rested":2,"item_purchase_floors":[2,2,2,13],"current_hp_per_floor":[53,53,52,51,42,42,26,26,26,26,26,11,11,11,11,3,50,35,21,21,18,18,37,30,12,12,46,32,16,0],"gold":328,"neow_bonus":"TWO_FIFTY_GOLD","is_prod":false,"is_daily":false,"chose_seed":false,"campfire_upgraded":4,"win_rate":0,"timestamp":1547943719,"path_taken":["M","$","M","M","M","R","E","R","T","R","M","E","$","?","R","BOSS","M","M","?","?","?","R","?","M","T","R","M","M","E"],"build_version":"2019-01-17v2","purchased_purges":1,"victory":false,"max_hp_per_floor":[66,66,66,66,66,66,66,66,66,66,66,66,66,66,66,66,66,66,66,66,66,66,66,66,66,66,66,66,66,66],"card_choices":[{"not_picked":["Concentrate","Dagger Spray"],"picked":"Caltrops","floor":1.0},{"not_picked":["Endless Agony","Riddle With Holes"],"picked":"Deadly Poison","floor":3.0},{"not_picked":["Deflect","Endless Agony"],"picked":"Well Laid Plans","floor":4},{"not_picked":["Outmaneuver","Tools of the Trade","Blade Dance"],"picked":"SKIP","floor":5},{"not_picked":["Reflex","Finisher","Cloak And Dagger"],"picked":"SKIP","floor":7},{"not_picked":["Flying Knee","Setup"],"picked":"Deadly Poison","floor":11},{"not_picked":["Choke","Concentrate"],"picked":"Blade Dance","floor":12},{"not_picked":["Tools of the Trade","Night Terror"],"picked":"Bullet Time","floor":16},{"not_picked":["Sucker Punch","Flying Knee"],"picked":"Finisher","floor":18},{"not_picked":["Dodge and Roll","Prepared","Sucker Punch"],"picked":"SKIP","floor":19},{"not_picked":["Prepared","Sucker Punch"],"picked":"Dodge and Roll","floor":19},{"not_picked":["Poisoned Stab","Endless Agony"],"picked":"Blade Dance","floor":21},{"not_picked":["Dagger Spray","Dagger Throw+1","Setup"],"picked":"SKIP","floor":24},{"not_picked":["Infinite Blades+1","Flying Knee"],"picked":"Finisher","floor":25},{"not_picked":["Reflex","Prepared"],"picked":"Blade Dance","floor":28},{"not_picked":["Reflex","Riddle With Holes","Corpse Explosion"],"picked":"SKIP","floor":29}],"player_experience":149761,"relics_obtained":[{"floor":7,"key":"Vajra"},{"floor":9,"key":"Smiling Mask"},{"floor":12,"key":"Kunai"},{"floor":22,"key":"Matryoshka"},{"floor":26,"key":"Regal Pillow"},{"floor":26,"key":"Whetstone"}],"event_choices":[{"damage_healed":0,"gold_gain":0,"player_choice":"Ignored","damage_taken":0,"max_hp_gain":0,"max_hp_loss":0,"event_name":"Golden Idol","floor":14,"gold_loss":0},{"damage_healed":0,"gold_gain":0,"cards_transformed":["Strike_G"],"player_choice":"Transformed","damage_taken":0,"max_hp_gain":0,"max_hp_loss":0,"event_name":"Transmorgrifier","floor":20,"gold_loss":0,"cards_obtained":["Setup"]}],"is_beta":false,"boss_relics":[{"not_picked":["Runic Pyramid","Pandora\u0027s Box"],"picked":"Ring of the Serpent"}],"items_purged_floors":[2],"is_endless":false,"potions_floor_spawned":[1,3,7,12,18,19,25,28],"killed_by":"Book of Stabbing","ascension_level":14}