{"gold_per_floor":[211,221,221,221,146,146,156,486,486,486,498,203,203,278,278,356,356,375,390,390,36,51,51,71,71,98,123,123,136,149,24,24,24],"floor_reached":33,"playtime":1167,"items_purged":["Defend_R","Strike_R","Defend_R"],"score":459,"play_id":"97852612-8597-40d9-887c-018b0f7388c8","local_time":"20180905180605","is_ascension_mode":true,"campfire_choices":[{"data":"Searing Blow","floor":6,"key":"SMITH"},{"data":"Searing Blow+1","floor":10,"key":"SMITH"},{"data":"Searing Blow+2","floor":13,"key":"SMITH"},{"floor":15,"key":"REST"},{"data":"Searing Blow+3","floor":23,"key":"SMITH"},{"floor":25,"key":"REST"},{"data":"Searing Blow+4","floor":28,"key":"SMITH"},{"data":"Searing Blow+5","floor":32,"key":"SMITH"}],"neow_cost":"NONE","seed_source_timestamp":1827007379214081,"circlet_count":0,"master_deck":["Strike_R","Strike_R","Strike_R","Defend_R+1","Defend_R+1","Bash","AscendersBane","Searing Blow+6","Dropkick","Thunderclap","Reaper","Double Tap","Flex+1","Immolate"],"relics":["Burning Blood","Old Coin","Darkstone Periapt","Tiny Chest","Philosopher\u0027s Stone","Paper Frog","Happy Flower","Charon\u0027s Ashes"],"potions_floor_usage":[22,22,33,33],"damage_taken":[{"damage":1,"enemies":"Cultist","floor":1,"turns":4},{"damage":5,"enemies":"2 Louse","floor":2,"turns":4},{"damage":7,"enemies":"Jaw Worm","floor":7,"turns":3},{"damage":4,"enemies":"2 Fungi Beasts","floor":11,"turns":3},{"damage":45,"enemies":"The Guardian","floor":16,"turns":9},{"damage":34,"enemies":"2 Thieves","floor":18,"turns":3},{"damage":21,"enemies":"Shell Parasite","floor":19,"turns":4},{"damage":22,"enemies":"Snake Plant","floor":22,"turns":2},{"damage":20,"enemies":"Cultist and Chosen","floor":24,"turns":4},{"damage":16,"enemies":"Gremlin Leader","floor":27,"turns":5},{"damage":0,"enemies":"Snecko","floor":29,"turns":2},{"damage":6,"enemies":"Centurion and Healer","floor":30,"turns":3},{"damage":88,"enemies":"Automaton","floor":33,"turns":6}],"seed_played":"8183948297371578810","potions_obtained":[{"floor":2,"key":"FearPotion"},{"floor":16,"key":"FearPotion"},{"floor":18,"key":"Strength Potion"},{"floor":27,"key":"Fire Potion"},{"floor":29,"key":"SteroidPotion"}],"is_trial":false,"path_per_floor":["M","M","?","?","$","R","M","?","T","R","M","$","R","?","R","B",null,"M","M","?","$","M","R","M","R","T","E","R","M","M","$","R"],"character_chosen":"IRONCLAD","items_purchased":["Tiny Chest","Thunderclap","Paper Frog","Double Tap"],"campfire_rested":2,"item_purchase_floors":[12,12,21,21],"current_hp_per_floor":[73,74,67,44,44,44,43,43,43,43,45,45,45,34,56,17,61,43,29,44,44,31,31,24,46,46,62,62,68,68,68,68,0],"gold":24,"neow_bonus":"HUNDRED_GOLD","is_prod":false,"is_daily":false,"chose_seed":false,"campfire_upgraded":6,"win_rate":0,"timestamp":1536167165,"path_taken":["M","M","?","?","$","R","?","?","T","R","M","?","R","?","R","BOSS","M","M","?","$","?","R","M","R","T","E","R","?","M","?","R","BOSS"],"build_version":"2018-08-30","purchased_purges":3,"victory":false,"max_hp_per_floor":[75,75,75,75,75,75,75,75,75,75,75,75,75,75,75,75,75,75,75,75,75,75,75,75,75,75,75,75,75,75,75,75,75],"card_choices":[{"not_picked":["Havoc","Sword Boomerang"],"picked":"Searing Blow","floor":1},{"not_picked":["Pommel Strike","Cleave"],"picked":"Dropkick","floor":2},{"not_picked":["Second Wind","Headbutt","Armaments"],"picked":"SKIP","floor":7},{"not_picked":["Headbutt","Anger","Warcry"],"picked":"SKIP","floor":11},{"not_picked":["Exhume","Impervious"],"picked":"Reaper","floor":16},{"not_picked":["Wild Strike","Bloodletting+1","Infernal Blade"],"picked":"SKIP","floor":18},{"not_picked":["Sword Boomerang","Body Slam","Havoc"],"picked":"SKIP","floor":19},{"not_picked":["Iron Wave","Shockwave","Uppercut"],"picked":"SKIP","floor":22},{"not_picked":["Thunderclap+1","Warcry+1"],"picked":"Flex+1","floor":24},{"not_picked":["Havoc","Clothesline"],"picked":"Immolate","floor":27},{"not_picked":["Warcry","Clash","Rupture"],"picked":"SKIP","floor":29},{"not_picked":["Anger","Evolve","Perfected Strike"],"picked":"SKIP","floor":30}],"player_experience":314979,"relics_obtained":[{"floor":9,"key":"Darkstone Periapt"},{"floor":26,"key":"Happy Flower"},{"floor":27,"key":"Charon\u0027s Ashes"}],"event_choices":[{"event_name":"Golden Wing","player_choice":"Card Removal","floor":3,"damage_taken":0},{"event_name":"Shining Light","player_choice":"Entered Light","floor":4,"damage_taken":0},{"event_name":"Dead Adventurer","player_choice":"Searched \u00272\u0027 times","floor":8,"damage_taken":0},{"event_name":"World of Goop","player_choice":"Gather Gold","floor":14,"damage_taken":0},{"event_name":"The Library","player_choice":"Heal","floor":20,"damage_taken":0}],"is_beta":false,"boss_relics":[{"not_picked":["Orrery","Astrolabe"],"picked":"Philosopher\u0027s Stone"}],"items_purged_floors":[5,12,31],"is_endless":false,"potions_floor_spawned":[2,16,18,27,29],"killed_by":"Automaton","ascension_level":16}