{"path_per_floor":["M","M","M","?","?","E","$","E","T","R","M","$","?","M","R","B",null,"M","M","?","M","?","R","?","R","T","M","M","$","?","$","R"],"character_chosen":"DEFECT","items_purchased":["Reboot","Happy Flower"],"gold_per_floor":[112,128,142,92,92,122,122,156,156,156,169,19,19,39,39,142,142,159,143,66,80,80,80,106,106,156,170,181,38,38,38,38,38],"floor_reached":33,"campfire_rested":3,"playtime":1877,"item_purchase_floors":[12,29],"current_hp_per_floor":[74,62,63,63,70,57,57,21,21,47,54,54,36,41,41,38,76,83,75,75,42,42,42,31,57,57,45,40,40,40,40,81,0],"items_purged":[],"gold":38,"score":319,"play_id":"5582f2b4-a3ae-4eb3-b3c7-f64cac23b569","local_time":"20180610193242","is_prod":false,"is_daily":false,"chose_seed":false,"is_ascension_mode":true,"campfire_upgraded":2,"win_rate":0,"timestamp":1528655562,"campfire_choices":[{"floor":10,"key":"REST"},{"data":"Sunder","floor":15,"key":"SMITH"},{"data":"Recycle","floor":23,"key":"SMITH"},{"floor":25,"key":"REST"},{"floor":32,"key":"REST"}],"path_taken":["M","M","M","?","?","E","$","E","T","R","?","$","?","?","R","BOSS","M","M","?","M","?","R","?","R","T","M","M","$","?","?","R","BOSS"],"build_version":"2018-06-07v3","seed_source_timestamp":260510442966990,"purchased_purges":0,"victory":false,"master_deck":["Strike_B","Strike_B","Strike_B","Defend_B+1","Defend_B","Defend_B","Defend_B","Zap","Dualcast","FTL","Self Repair","Sunder+1","Conserve Battery","Static Discharge","Turbo","Reboot","Chill","Meteor Strike","Recycle+1","J.A.X.","Rainbow+1","Steam Power","Compile Driver","Beam Cell","Streamline","RitualDagger"],"max_hp_per_floor":[75,75,75,75,89,89,89,89,89,89,89,89,89,89,89,89,89,89,89,89,89,89,89,89,89,89,89,89,89,89,89,89,89],"relics":["Cracked Core","Mango","Sundial","Dream Catcher","Ice Cream","Nuclear Battery","Red Mask","Regal Pillow","Happy Flower"],"card_choices":[{"not_picked":["Storm","Redo"],"picked":"FTL","floor":0},{"not_picked":["Hologram","Conserve Battery"],"picked":"Streamline","floor":1},{"not_picked":["Redo","Ball Lightning"],"picked":"Self Repair","floor":2},{"not_picked":["Reprogram","Lockon","Streamline"],"picked":"SKIP","floor":3},{"not_picked":["Redo","Double Energy"],"picked":"Sunder","floor":6},{"not_picked":["Force Field","Stack"],"picked":"Conserve Battery","floor":8},{"not_picked":["Coolheaded","Blizzard"],"picked":"Static Discharge","floor":10},{"not_picked":["Coolheaded","Cold Snap"],"picked":"Turbo","floor":11},{"not_picked":["Turbo","Static Discharge"],"picked":"Chill","floor":14},{"not_picked":["Seek","Biased Cognition"],"picked":"Meteor Strike","floor":16},{"not_picked":["Ball Lightning+1","Rebound+1"],"picked":"Recycle","floor":18},{"not_picked":["Storm+1","Steam+1","Redo"],"picked":"SKIP","floor":19},{"not_picked":["Cold Snap","Conserve Battery+1"],"picked":"Rainbow","floor":21},{"not_picked":["Compile Driver","Cold Snap"],"picked":"Steam Power","floor":24},{"not_picked":["Go for the Eyes","Barrage"],"picked":"Compile Driver","floor":27},{"not_picked":["Hologram","Turbo+1"],"picked":"Beam Cell","floor":28}],"player_experience":294956,"potions_floor_usage":[6,21,24,24,28],"damage_taken":[{"damage":1,"enemies":"Cultist","floor":1,"turns":3},{"damage":12,"enemies":"Jaw Worm","floor":2,"turns":2},{"damage":6,"enemies":"2 Louse","floor":3,"turns":2},{"damage":20,"enemies":"3 Sentries","floor":6,"turns":8},{"damage":43,"enemies":"Lagavulin","floor":8,"turns":6},{"damage":0,"enemies":"Gremlin Gang","floor":11,"turns":3},{"damage":2,"enemies":"3 Louse","floor":14,"turns":3},{"damage":10,"enemies":"Slime Boss","floor":16,"turns":8},{"damage":0,"enemies":"Spheric Guardian","floor":18,"turns":2},{"damage":15,"enemies":"2 Thieves","floor":19,"turns":4},{"damage":40,"enemies":"Slaver and Parasite","floor":21,"turns":6},{"damage":11,"floor":24,"turns":4},{"damage":19,"enemies":"Snake Plant","floor":27,"turns":3},{"damage":12,"enemies":"Chosen and Byrds","floor":28,"turns":4},{"damage":108,"enemies":"Collector","floor":33,"turns":7}],"relics_obtained":[{"floor":6,"key":"Sundial"},{"floor":8,"key":"Dream Catcher"},{"floor":9,"key":"Ice Cream"},{"floor":24,"key":"Red Mask"},{"floor":26,"key":"Regal Pillow"}],"event_choices":[{"event_name":"The Cleric","player_choice":"Card Removal","floor":4,"damage_taken":0},{"event_name":"Scrap Ooze","player_choice":"success","floor":5,"damage_taken":7},{"event_name":"Shining Light","player_choice":"Entered Light","floor":13,"damage_taken":0},{"event_name":"Drug Dealer","player_choice":"Got JAXXED","floor":20,"damage_taken":0},{"event_name":"Accursed Blacksmith","player_choice":"Forge","floor":22,"damage_taken":0},{"event_name":"Masked Bandits","player_choice":"Fought over 80 gold","floor":24,"damage_taken":0},{"event_name":"Nest","player_choice":"Joined the Cult","floor":30,"damage_taken":0}],"boss_relics":[{"not_picked":["Velvet Choker","Runic Dome"],"picked":"Nuclear Battery"}],"items_purged_floors":[],"potions_floor_spawned":[3,8,11,14,21,24],"seed_played":"-4887093483232234100","killed_by":"Collector","ascension_level":5,"potions_obtained":[{"floor":3,"key":"EssenceOfSteel"},{"floor":8,"key":"LiquidBronze"},{"floor":11,"key":"SpeedPotion"},{"floor":14,"key":"PowerPotion"},{"floor":21,"key":"Weak Potion"},{"floor":24,"key":"GamblersBrew"}],"is_trial":false}