{"gold_per_floor":[117,41,41,41,52,77,77,102,102,102,116,116,116,38,38,38],"floor_reached":16,"playtime":408,"items_purged":[],"score":212,"play_id":"ed42aec7-5b69-481a-8ffb-8ea3801cc7d1","local_time":"20190201160024","is_ascension_mode":true,"campfire_choices":[{"data":"Sucker Punch","floor":7,"key":"SMITH"},{"data":"Neutralize","floor":10,"key":"SMITH"},{"data":"Survivor","floor":12,"key":"SMITH"},{"data":"Defend_G","floor":15,"key":"SMITH"}],"neow_cost":"NONE","seed_source_timestamp":78749363659123,"circlet_count":0,"master_deck":["AscendersBane","Defend_G","Defend_G","Defend_G+1","Defend_G","Defend_G","Strike_G","Strike_G","Strike_G","Strike_G","Strike_G","Survivor+1","Neutralize+1","Dodge and Roll","Predator","Sucker Punch+1","PiercingWail","Backstab"],"relics":["Ring of the Snake","NeowsBlessing","Ornamental Fan","Odd Mushroom","Bottled Flame"],"potions_floor_usage":[8,16],"damage_taken":[{"damage":0,"enemies":"2 Louse","floor":1,"turns":1},{"damage":0,"enemies":"Jaw Worm","floor":5,"turns":1},{"damage":0,"enemies":"Lagavulin","floor":6,"turns":1},{"damage":6,"enemies":"The Mushroom Lair","floor":8,"turns":5},{"damage":0,"enemies":"Small Slimes","floor":11,"turns":2},{"damage":61,"enemies":"Slime Boss","floor":16,"turns":12}],"seed_played":"423170004864184344","potions_obtained":[{"floor":5,"key":"LiquidBronze"},{"floor":11,"key":"GamblersBrew"}],"is_trial":false,"path_per_floor":["M","$","?","$","M","E","R","?","T","R","M","R","?","$","R","B"],"character_chosen":"THE_SILENT","items_purchased":["Fire Potion","Dodge and Roll","Backstab"],"campfire_rested":0,"item_purchase_floors":[2,2,14],"current_hp_per_floor":[59,59,59,59,59,59,59,53,53,53,53,53,53,53,53,0],"gold":38,"neow_bonus":"THREE_ENEMY_KILL","is_prod":false,"is_daily":false,"chose_seed":false,"campfire_upgraded":4,"win_rate":0,"timestamp":1549036824,"path_taken":["M","$","?","$","M","E","R","?","T","R","M","R","?","?","R","BOSS"],"build_version":"2019-01-23","purchased_purges":0,"victory":false,"max_hp_per_floor":[66,66,66,66,66,66,66,66,66,66,66,66,66,66,66,66],"card_choices":[{"not_picked":["Deflect","Prepared","Underhanded Strike"],"picked":"SKIP","floor":1},{"not_picked":["Heel Hook","Reflex"],"picked":"Predator","floor":5},{"not_picked":["Dash","Dodge and Roll"],"picked":"Sucker Punch","floor":6},{"not_picked":["Quick Slash","Cloak And Dagger"],"picked":"PiercingWail","floor":8},{"not_picked":["Flechettes","Bouncing Flask","Accuracy"],"picked":"SKIP","floor":11}],"player_experience":498966,"relics_obtained":[{"floor":6,"key":"Ornamental Fan"},{"floor":8,"key":"Odd Mushroom"},{"floor":9,"key":"Bottled Flame"}],"event_choices":[{"damage_healed":0,"gold_gain":0,"player_choice":"Ignored","damage_taken":0,"max_hp_gain":0,"max_hp_loss":0,"event_name":"Golden Wing","floor":3,"gold_loss":0},{"damage_healed":0,"gold_gain":0,"player_choice":"Fought Mushrooms","damage_taken":0,"max_hp_gain":0,"max_hp_loss":0,"event_name":"Mushrooms","floor":8,"gold_loss":0},{"damage_healed":0,"gold_gain":0,"player_choice":"Ignored","damage_taken":0,"max_hp_gain":0,"max_hp_loss":0,"event_name":"Liars Game","floor":13,"gold_loss":0}],"is_beta":false,"boss_relics":[],"items_purged_floors":[],"is_endless":false,"potions_floor_spawned":[5,11],"killed_by":"Slime Boss","ascension_level":15}