{"path_per_floor":["M","?","T","$","?","E","R","E","T","R","M","R","E","M","R","B",null,"M","$","?","M","M","E","R","M","T","?","R","M","R","?","R"],"character_chosen":"THE_SILENT","items_purchased":["Noxious Fumes","Heel Hook"],"gold_per_floor":[115,115,115,2,2,34,34,68,68,68,86,86,121,134,134,231,231,216,135,135,147,165,198,198,218,218,218,218,233,233,233,233],"floor_reached":33,"campfire_rested":2,"playtime":1417,"current_hp_per_floor":[63,63,63,63,63,63,63,77,77,77,75,75,75,75,75,68,80,65,65,71,71,71,58,58,52,52,52,52,37,64,48,75],"items_purged":["Strike_G"],"gold":233,"score":506,"play_id":"ba41daf8-28d9-4a0e-8b0c-841c1ba909c5","is_prod":false,"is_daily":false,"is_ascension_mode":true,"campfire_upgraded":1,"path_taken":["M","?","?","$","?","E","R","E","T","R","?","R","E","M","R","BOSS","M","$","?","M","M","E","R","M","T","?","R","M","R","?","R","BOSS"],"build_version":"2018-02-23-BETA1","purchased_purges":1,"victory":false,"master_deck":["Defend_G+1","Defend_G+1","Defend_G","Defend_G","Strike_G","Strike_G","Strike_G","Survivor","Neutralize","Dagger Spray","Deadly Poison","Noxious Fumes+1","Sucker Punch","Poisoned Stab","Burst","Backflip+1","Heel Hook","Writhe","Poisoned Stab","Bane","Terror+1","Deadly Poison+1"],"max_hp_per_floor":[70,70,70,70,70,70,70,84,84,84,84,84,84,84,84,84,84,84,84,90,90,90,90,90,90,90,90,90,90,90,90,90],"relics":["Ring of the Snake","NeowsBlessing","Gremlin Horn","Ninja Scroll","Mango","Shovel","Calipers","War Paint","Oddly Smooth Stone","Paper Crane","Sozu","Darkstone Periapt","Snake Skull","Anchor","Frozen Eye","Bronze Scales","Enchiridion"],"card_choices":[{"not_picked":["Underhanded Strike","Poisoned Stab"],"picked":"Dagger Spray"},{"not_picked":["Wraith Form","Crippling Poison"],"picked":"Sucker Punch"},{"not_picked":["Outmaneuver","Expertise"],"picked":"Poisoned Stab"},{"not_picked":["Bullet Time","Die Die Die"],"picked":"Burst"},{"not_picked":["Underhanded Strike","Dodge and Roll"],"picked":"Backflip"},{"not_picked":["Expertise","Acrobatics"],"picked":"Poisoned Stab"},{"not_picked":["Underhanded Strike","Tools of the Trade"],"picked":"Bane"},{"not_picked":["Quick Slash","Bane"],"picked":"Terror"},{"not_picked":["Flechettes","Outmaneuver"],"picked":"Deadly Poison"}],"player_experience":194005,"potions_floor_usage":[33,33],"damage_taken":[{"damage":0,"enemies":"Cultist","floor":1,"turns":1},{"damage":0,"enemies":"Lagavulin","floor":6,"turns":1},{"damage":0,"enemies":"3 Sentries","floor":8,"turns":1},{"damage":2,"enemies":"Jaw Worm","floor":11,"turns":4},{"damage":0,"enemies":"Gremlin Nob","floor":13,"turns":3},{"damage":0,"enemies":"2 Louse","floor":14,"turns":1},{"damage":7,"enemies":"The Guardian","floor":16,"turns":9},{"damage":15,"enemies":"2 Thieves","floor":18,"turns":4},{"damage":0,"enemies":"Chosen","floor":21,"turns":4},{"damage":0,"enemies":"Centurion and Healer","floor":22,"turns":7},{"damage":13,"enemies":"Book of Stabbing","floor":23,"turns":6},{"damage":6,"enemies":"Snake Plant","floor":25,"turns":4},{"damage":15,"enemies":"Chosen and Byrds","floor":29,"turns":5},{"damage":83,"enemies":"Champ","floor":33,"turns":10}],"event_choices":[{"event_name":"Living Wall","player_choice":"Change","floor":2,"damage_taken":0},{"event_name":"Purifier","player_choice":"One Purge","floor":5,"damage_taken":0},{"event_name":"The Mausoleum","player_choice":"Yes","floor":20,"damage_taken":0},{"event_name":"Match and Keep!","player_choice":"0 cards matched","floor":27,"damage_taken":0},{"event_name":"Cursed Tome","player_choice":"Obtained Book","floor":31,"damage_taken":0}],"boss_relics":[{"not_picked":["Astrolabe","Ectoplasm"],"picked":"Sozu"}],"potions_floor_spawned":[14,16,18,25,29],"seed_played":"-2424060105425341205","killed_by":"Champ","ascension_level":7,"is_trial":false}