{"path_per_floor":["M","?","$","M","?","R","M","E","T","T","M","?","R","$","R","B",null,"M","?","?","M","?","R","M","R","T","M","$","R","M","?","R"],"character_chosen":"THE_SILENT","items_purchased":[],"gold_per_floor":[109,109,34,50,50,50,64,89,114,137,149,149,149,49,49,145,145,145,145,145,85,85,85,85,85,85,85,85,85,85,85,85],"floor_reached":33,"campfire_rested":3,"playtime":2055,"current_hp_per_floor":[57,50,50,47,47,47,56,26,26,26,19,19,40,40,61,52,67,66,66,66,57,50,50,39,39,39,36,36,58,37,37,37],"items_purged":["Strike_G","Strike_G"],"gold":85,"score":313,"play_id":"cfce27f6-3607-4cad-b1b5-12e46011c046","is_prod":false,"is_daily":false,"is_ascension_mode":true,"campfire_upgraded":0,"path_taken":["M","?","?","M","?","R","?","E","T","?","?","?","R","$","R","BOSS","M","?","?","M","?","R","?","R","T","M","$","R","M","?","R","BOSS"],"build_version":"2018-02-22-PROD2","purchased_purges":2,"victory":false,"master_deck":["Defend_G","Defend_G","Defend_G","Defend_G","Defend_G","Strike_G","Strike_G","Survivor","Neutralize+1","Noxious Fumes+1","Escape Plan","Acrobatics","A Thousand Cuts","Deflect","Backflip","Writhe"],"max_hp_per_floor":[70,70,70,70,70,70,70,70,70,70,72,72,72,72,72,72,72,72,72,72,74,74,74,76,76,76,76,76,76,78,78,78],"relics":["Lizard Tail","Shovel","Torii","Dead Branch","Singing Bowl","Oddly Smooth Stone","Ectoplasm","Pantograph","Orichalcum","Bird Faced Urn","Blood Vial","Frozen Eye"],"card_choices":[{"not_picked":["PiercingWail","Concentrate"],"picked":"Noxious Fumes"},{"not_picked":["Flechettes","Prepared"],"picked":"Escape Plan"},{"not_picked":["Quick Slash","Storm of Steel"],"picked":"Acrobatics"},{"not_picked":["Envenom","Grand Finale"],"picked":"A Thousand Cuts"},{"not_picked":["Slice","Acrobatics"],"picked":"Deflect"},{"not_picked":["Finisher","PiercingWail"],"picked":"Backflip"}],"player_experience":154314,"potions_floor_usage":[33],"damage_taken":[{"damage":6.0,"enemies":"Small Slimes","floor":1.0,"turns":5.0},{"damage":3.0,"enemies":"Cultist","floor":4.0,"turns":6.0},{"damage":0.0,"enemies":"2 Louse","floor":7.0,"turns":4.0},{"damage":30.0,"enemies":"Lagavulin","floor":8.0,"turns":10.0},{"damage":9.0,"enemies":"Lots of Slimes","floor":11.0,"turns":5.0},{"damage":9.0,"enemies":"The Guardian","floor":16.0,"turns":18.0},{"damage":1.0,"enemies":"Spheric Guardian","floor":18.0,"turns":9.0},{"damage":11.0,"enemies":"2 Thieves","floor":21.0,"turns":4.0},{"damage":13,"enemies":"Snake Plant","floor":24,"turns":7},{"damage":7,"enemies":"Centurion and Healer","floor":27,"turns":10},{"damage":27,"enemies":"Cultist and Chosen","floor":30,"turns":7},{"damage":139,"enemies":"Champ","floor":33,"turns":18}],"event_choices":[{"event_name":"Scrap Ooze","player_choice":"success","floor":2.0,"damage_taken":7.0},{"event_name":"Accursed Blacksmith","player_choice":"Forge","floor":5.0,"damage_taken":0.0},{"event_name":"Living Wall","player_choice":"Forget","floor":12.0,"damage_taken":0.0},{"event_name":"Upgrade Shrine","player_choice":"Upgraded","floor":19.0,"damage_taken":0.0},{"event_name":"Purifier","player_choice":"One Purge","floor":20.0,"damage_taken":0.0},{"event_name":"Wheel of Change","player_choice":"Damage","floor":22,"damage_taken":0},{"event_name":"The Mausoleum","player_choice":"Yes","floor":31,"damage_taken":0}],"boss_relics":[],"potions_floor_spawned":[1,16,27],"seed_played":"1115066149749640780","killed_by":"Champ","ascension_level":6,"is_trial":false}