{"path_per_floor":["M","?","$","M","T","E","M","?","T","R","M","M","M","E","R","B",null,"M","$","M","M","?","R","?","M","T","M","R","M","M","M","R","B",null,"M","M"],"character_chosen":"IRONCLAD","items_purchased":["Rampage","Apotheosis","Bandage Up"],"gold_per_floor":[116,116,40,50,50,79,89,89,135,135,153,171,187,212,212,308,308,322,7,23,43,43,43,43,54,54,73,73,84,96,109,109,213,213,226,240],"floor_reached":37,"campfire_rested":2,"playtime":2791,"current_hp_per_floor":[80,80,80,70,70,42,42,35,42,42,55,61,62,62,62,28,87,63,63,53,20,20,46,46,43,43,37,63,70,75,64,64,81,87,61,28],"items_purged":[],"gold":240,"play_id":"ffc845ac-8bcb-46b3-a23d-c228832ca913","is_prod":false,"is_daily":false,"campfire_rituals":0,"campfire_upgraded":3,"is_hardmode":false,"path_taken":["M","?","?","M","?","E","?","?","T","R","M","M","M","E","R","BOSS","M","$","M","M","?","R","?","M","T","M","R","?","M","M","R","BOSS","M","M","M"],"build_version":"2017-12-21-PROD1","purchased_purges":0,"victory":false,"master_deck":["Strike_R","Strike_R","Strike_R","Strike_R","Strike_R","Defend_R","Defend_R","Defend_R","Bash","Clash","Rampage","Reaper","Spot Weakness","Rupture","Pommel Strike","Bloodletting","Inflame","Reaper","Apotheosis","Bandage Up","Spot Weakness","Spot Weakness","Clash","Infernal Blade","Inflame","Offering","Wild Strike","Spot Weakness"],"max_hp_per_floor":[80,80,80,80,80,80,80,80,87,87,87,87,87,87,87,87,87,87,87,87,87,87,87,87,87,87,87,87,87,87,87,87,87,87,87,87],"relics":["Burning Blood","Ginger","Matryoshka","Unceasing Top","Strawberry","Anchor","Bottled Lightning","Mark of Pain","Oddly Smooth Stone","Pantograph","Question Card"],"campfire_meditates":0,"card_choices":[{"not_picked":["Pommel Strike","Wild Strike"],"picked":"Clash"},{"not_picked":["Heavy Blade","Body Slam"],"picked":"Reaper"},{"not_picked":["Headbutt","Combust"],"picked":"Spot Weakness"},{"not_picked":["Clothesline","Iron Wave"],"picked":"Rupture"},{"not_picked":["Corruption","Searing Blow"],"picked":"Pommel Strike"},{"not_picked":["Evolve","Thunderclap"],"picked":"Bloodletting"},{"not_picked":["Rupture","Fire Breathing"],"picked":"Inflame"},{"not_picked":["Immolate","Brutality"],"picked":"Reaper"},{"not_picked":["Iron Wave","Heavy Blade"],"picked":"Spot Weakness"},{"not_picked":["Rage","Flame Barrier"],"picked":"Spot Weakness"},{"not_picked":["Dropkick","Seeing Red"],"picked":"Clash"},{"not_picked":["Intimidate","Disarm"],"picked":"Infernal Blade"},{"not_picked":["Fiend Fire","Clash"],"picked":"Inflame"},{"not_picked":["Impervious","Brutality"],"picked":"Offering"},{"not_picked":["Clothesline","Uppercut","Anger"],"picked":"Wild Strike"},{"not_picked":["Dropkick","Twin Strike","Heavy Blade"],"picked":"Spot Weakness"}],"player_experience":66746,"potions_floor_usage":[14,16,20,20,30,33],"damage_taken":[{"damage":6,"enemies":"Jaw Worm","floor":1,"turns":4},{"damage":16,"enemies":"Blue Slaver","floor":4,"turns":4},{"damage":34,"enemies":"Lagavulin","floor":6,"turns":6},{"damage":6,"enemies":"Cultist","floor":7,"turns":3},{"damage":13,"enemies":"Lots of Slimes","floor":11,"turns":4},{"damage":0,"enemies":"2 Fungi Beasts","floor":12,"turns":2},{"damage":9,"enemies":"Exordium Thugs","floor":13,"turns":4},{"damage":14,"enemies":"3 Sentries","floor":14,"turns":4},{"damage":44,"enemies":"The Guardian","floor":16,"turns":8},{"damage":49,"enemies":"3 Byrds","floor":18,"turns":6},{"damage":20,"enemies":"Chosen","floor":20,"turns":5},{"damage":88,"enemies":"3 Cultists","floor":21,"turns":7},{"damage":21,"enemies":"Snake Plant","floor":25,"turns":4},{"damage":32,"enemies":"Snecko","floor":27,"turns":5},{"damage":27,"enemies":"Centurion and Healer","floor":29,"turns":5},{"damage":14,"enemies":"Snake Plant","floor":30,"turns":2},{"damage":37,"enemies":"Snecko","floor":31,"turns":5},{"damage":42,"enemies":"Collector","floor":33,"turns":5},{"damage":39,"enemies":"3 Shapes","floor":35,"turns":6},{"damage":43,"enemies":"3 Darklings","floor":36,"turns":4},{"damage":37,"enemies":"4 Shapes","floor":37,"turns":4}],"event_choices":[{"event_name":"Purifier","player_choice":"One Purge","floor":2,"damage_taken":0},{"event_name":"Scrap Ooze","player_choice":"success","floor":8,"damage_taken":7},{"event_name":"Drug Dealer","player_choice":"Ignored","floor":22,"damage_taken":0},{"event_name":"Vampires","player_choice":"Ignored","floor":24,"damage_taken":0}],"boss_relics":[{"not_picked":["Runic Cube","Runic Dome"],"picked":"Mark of Pain"},{"not_picked":["Astrolabe","Calling Bell"],"picked":"Question Card"}],"potions_floor_spawned":[7,11,12,14,16,18,25,29,31,35],"seed_played":"-1307661251464339982","killed_by":"4 Shapes","is_trial":false}