{"path_per_floor":["M","M","?","?","M","E","M","$","T","M","$","R","?","$","R","B",null,"M","$","M","?"],"character_chosen":"IRONCLAD","items_purchased":["Strength Potion","Disarm","Pommel Strike"],"gold_per_floor":[115,134,134,134,152,185,201,153,176,186,41,41,41,41,41,140,140,153,1,13,13],"floor_reached":22,"campfire_rested":1,"playtime":1576,"current_hp_per_floor":[76,80,80,80,77,52,48,48,48,40,40,40,40,40,64,17,80,55,55,36,36],"items_purged":["Decay","Regret"],"gold":13,"play_id":"549797f9-c837-4f15-9689-b76f8fd4efad","is_prod":false,"is_daily":false,"campfire_rituals":0,"campfire_upgraded":1,"is_hardmode":false,"path_taken":["M","M","?","?","M","E","M","$","T","M","$","R","?","$","R","BOSS","M","$","M","?","?"],"build_version":"2017-12-21-PROD1","purchased_purges":2,"victory":false,"master_deck":["Strike_R","Strike_R","Strike_R","Strike_R","Strike_R","Defend_R","Defend_R","Defend_R","Defend_R","Bash","Rampage","Heavy Blade","Carnage","Flex","Warcry","Shrug It Off","Clash","Disarm","Barricade","Pommel Strike","Shrug It Off","Cleave","Headbutt","Iron Wave","Bloodletting","Pommel Strike","Heavy Blade"],"max_hp_per_floor":[80,80,80,80,80,80,80,80,80,80,80,80,80,80,80,80,80,80,80,80,80],"relics":["Burning Blood","Prayer Wheel","Dodecahedron","Orichalcum","Nloth\u0027s Gift"],"campfire_meditates":0,"card_choices":[{"not_picked":["Uppercut","Sword Boomerang"],"picked":"Rampage"},{"not_picked":["Second Wind","Sword Boomerang"],"picked":"Heavy Blade"},{"not_picked":["Dual Wield","Clothesline"],"picked":"Carnage"},{"not_picked":["Warcry","Disarm"],"picked":"Flex"},{"not_picked":["Dark Embrace","Wild Strike"],"picked":"Warcry"},{"not_picked":["Hemokinesis","Body Slam"],"picked":"Shrug It Off"},{"not_picked":["Reckless Charge","Corruption"],"picked":"Clash"},{"not_picked":["Brutality","Fiend Fire"],"picked":"Barricade"},{"not_picked":["Blood for Blood","Searing Blow"],"picked":"Pommel Strike"},{"not_picked":["Iron Wave","Sword Boomerang"],"picked":"Shrug It Off"},{"not_picked":["Seeing Red","Searing Blow"],"picked":"Cleave"},{"not_picked":["Searing Blow","Perfected Strike"],"picked":"Headbutt"},{"not_picked":["Combust","Carnage"],"picked":"Iron Wave"},{"not_picked":["True Grit","Reckless Charge"],"picked":"Bloodletting"},{"not_picked":["Cleave","Power Through"],"picked":"Heavy Blade"}],"player_experience":86759,"potions_floor_usage":[7,16,16,20],"damage_taken":[{"damage":10,"enemies":"Blue Slaver","floor":1,"turns":6},{"damage":1,"enemies":"Cultist","floor":2,"turns":3},{"damage":9,"enemies":"Jaw Worm","floor":5,"turns":4},{"damage":31,"enemies":"Gremlin Nob","floor":6,"turns":5},{"damage":10,"enemies":"Large Slime","floor":7,"turns":5},{"damage":14,"enemies":"Red Slaver","floor":10,"turns":5},{"damage":53,"enemies":"Slime Boss","floor":16,"turns":13},{"damage":31,"enemies":"Shell Parasite","floor":18,"turns":6},{"damage":25,"enemies":"2 Thieves","floor":20,"turns":4},{"damage":38,"enemies":"Centurion and Healer","floor":22,"turns":7}],"event_choices":[{"event_name":"Wheel of Change","player_choice":"Curse","floor":3,"damage_taken":0},{"event_name":"Big Fish","player_choice":"Box","floor":4,"damage_taken":0},{"event_name":"Liars Game","player_choice":"disagreed","floor":13,"damage_taken":0},{"event_name":"N\u0027loth","player_choice":"Traded a Orrery","floor":21,"damage_taken":0}],"boss_relics":[{"not_picked":["Philosopher\u0027s Stone","Mark of Pain"],"picked":"Orrery"}],"potions_floor_spawned":[1,10,16],"seed_played":"7524719700299096211","killed_by":"Centurion and Healer","is_trial":false}