{"gold_per_floor":[117,132,145,27,44,75,75,101,101,71,71,85,99,118,118,222,222,241,201,211,227,239,252,52,52,101,101,118,150,150,169,169,273,273,291,35,135,154,171,171,171,189,189,219,237,237,237,237,237,237],"floor_reached":50,"playtime":6507,"items_purged":[],"score":584,"play_id":"dd41182f-a9ed-47d8-9496-d95ea4fc1973","local_time":"20190108203620","is_ascension_mode":true,"campfire_choices":[{"floor":7,"key":"REST"},{"floor":11,"key":"REST"},{"floor":15,"key":"REST"},{"data":"Adrenaline","floor":25,"key":"SMITH"},{"floor":30,"key":"REST"},{"floor":32,"key":"REST"},{"floor":40,"key":"DIG"},{"floor":46,"key":"REST"},{"floor":49,"key":"REST"}],"neow_cost":"PERCENT_DAMAGE","seed_source_timestamp":1215539829244611,"circlet_count":0,"master_deck":["Defend_G","Defend_G","Defend_G","Defend_G+1","Strike_G","Strike_G","Strike_G","Strike_G","Survivor","Neutralize","Blade Dance","Dagger Throw","Acrobatics","Well Laid Plans+1","Cloak And Dagger","Caltrops","Dash","Dagger Throw","Adrenaline+1","Accuracy","A Thousand Cuts","Well Laid Plans","PiercingWail","Caltrops+1","After Image","Finisher","Terror+1","Dagger Throw+1","Backstab","Burst","PiercingWail","Backflip","Cloak And Dagger+1","Finisher","Master of Strategy","Blade Dance"],"relics":["Ring of the Snake","StoneCalendar","Ornamental Fan","Potion Belt","Dodecahedron","WristBlade","Lee\u0027s Waffle","Omamori","Gremlin Horn","Empty Cage","Bottled Lightning","Shovel","Girya","Ninja Scroll","Bottled Tornado"],"potions_floor_usage":[10,14,21,23,33,37,42,44,45,50,50,50,50,50],"damage_taken":[{"damage":2,"enemies":"Jaw Worm","floor":1,"turns":4},{"damage":0,"enemies":"Cultist","floor":2,"turns":3},{"damage":0,"enemies":"Small Slimes","floor":3,"turns":3},{"damage":0,"enemies":"Blue Slaver","floor":5,"turns":5},{"damage":19,"enemies":"3 Sentries","floor":6,"turns":7},{"damage":18,"enemies":"Gremlin Nob","floor":8,"turns":5},{"damage":0,"enemies":"3 Louse","floor":12,"turns":3},{"damage":0,"enemies":"Looter","floor":13,"turns":3},{"damage":0,"enemies":"Exordium Thugs","floor":14,"turns":3},{"damage":19,"enemies":"Slime Boss","floor":16,"turns":7},{"damage":3,"enemies":"Chosen","floor":18,"turns":4},{"damage":35,"enemies":"3 Byrds","floor":20,"turns":3},{"damage":8,"enemies":"Centurion and Healer","floor":21,"turns":7},{"damage":13,"enemies":"Snake Plant","floor":22,"turns":5},{"damage":28,"enemies":"Snecko","floor":23,"turns":7},{"damage":0,"enemies":"3 Cultists","floor":28,"turns":5},{"damage":36,"enemies":"Slavers","floor":29,"turns":7},{"damage":19,"enemies":"Snake Plant","floor":31,"turns":4},{"damage":60,"enemies":"Collector","floor":33,"turns":8},{"damage":12,"enemies":"3 Darklings","floor":35,"turns":6},{"damage":20,"enemies":"Mind Bloom Boss Battle","floor":37,"turns":7},{"damage":8,"enemies":"Orb Walker","floor":38,"turns":3},{"damage":2,"enemies":"4 Shapes","floor":39,"turns":5},{"damage":8,"enemies":"3 Darklings","floor":42,"turns":4},{"damage":4,"enemies":"Nemesis","floor":44,"turns":7},{"damage":0,"enemies":"Sphere and 2 Shapes","floor":45,"turns":2},{"damage":114,"enemies":"Time Eater","floor":50,"turns":12}],"seed_played":"5267801223197263669","potions_obtained":[{"floor":1,"key":"LiquidBronze"},{"floor":5,"key":"GhostInAJar"},{"floor":8,"key":"Dexterity Potion"},{"floor":10,"key":"FairyPotion"},{"floor":10,"key":"Fruit Juice"},{"floor":13,"key":"Poison Potion"},{"floor":20,"key":"GhostInAJar"},{"floor":22,"key":"Ancient Potion"},{"floor":23,"key":"Strength Potion"},{"floor":31,"key":"Swift Potion"},{"floor":35,"key":"PowerPotion"},{"floor":37,"key":"GhostInAJar"},{"floor":42,"key":"Poison Potion"},{"floor":44,"key":"SkillPotion"},{"floor":45,"key":"Regen Potion"}],"is_trial":false,"path_per_floor":["M","M","M","$","M","E","R","E","T","?","R","M","M","M","R","B",null,"M","?","M","M","M","M","$","R","T","?","M","E","R","M","R","B",null,"M","$","?","M","M","R","?","M","T","E","M","R","?","?","R","B"],"character_chosen":"THE_SILENT","items_purchased":["Acrobatics","Well Laid Plans","Lee\u0027s Waffle","Bottled Lightning"],"campfire_rested":7,"item_purchase_floors":[4,4,24,36],"current_hp_per_floor":[47,47,47,47,47,28,49,31,31,36,58,58,58,58,75,56,75,72,72,37,29,16,7,82,82,82,82,82,46,70,51,75,15,82,70,70,50,42,40,40,40,32,32,28,28,52,52,52,76,0],"gold":237,"neow_bonus":"ONE_RARE_RELIC","is_prod":false,"is_daily":false,"chose_seed":false,"campfire_upgraded":1,"win_rate":0,"timestamp":1546979780,"path_taken":["M","M","M","$","M","E","R","E","T","?","R","?","M","M","R","BOSS","M","?","M","M","M","?","$","R","T","?","M","E","R","M","R","BOSS","M","$","?","M","M","R","?","M","T","E","M","R","?","?","R","BOSS"],"build_version":"2019-01-03v4","purchased_purges":0,"victory":false,"max_hp_per_floor":[70,70,70,70,70,70,70,70,70,75,75,75,75,75,75,75,75,75,75,75,75,75,75,82,82,82,82,82,82,82,82,82,82,82,82,82,82,82,82,82,82,82,82,82,82,82,82,82,82,82],"card_choices":[{"not_picked":["Escape Plan","Heel Hook"],"picked":"Dagger Spray","floor":1},{"not_picked":["Poisoned Stab","Slice"],"picked":"Blade Dance","floor":2},{"not_picked":["Poisoned Stab","Quick Slash"],"picked":"Dagger Throw","floor":3},{"not_picked":["Dagger Throw","Deflect"],"picked":"Cloak And Dagger","floor":5},{"not_picked":["Prepared","Underhanded Strike"],"picked":"Caltrops","floor":6},{"not_picked":["Deflect","Dodge and Roll"],"picked":"Dash","floor":8},{"not_picked":["Poisoned Stab","Noxious Fumes"],"picked":"Dagger Throw","floor":12},{"not_picked":["Outmaneuver","Heel Hook"],"picked":"Adrenaline","floor":13},{"not_picked":["Flechettes","Flying Knee"],"picked":"Accuracy","floor":14},{"not_picked":["Die Die Die","Phantasmal Killer"],"picked":"A Thousand Cuts","floor":16},{"not_picked":["Dagger Spray","Dodge and Roll"],"picked":"Well Laid Plans","floor":18},{"not_picked":["Acrobatics+1","Heel Hook+1"],"picked":"PiercingWail","floor":20},{"not_picked":["Underhanded Strike","Dodge and Roll"],"picked":"Caltrops+1","floor":21},{"not_picked":["PiercingWail","Eviscerate+1"],"picked":"After Image","floor":22},{"not_picked":["Acrobatics","Flechettes"],"picked":"Finisher","floor":23},{"not_picked":["Underhanded Strike","Sucker Punch"],"picked":"Terror+1","floor":28},{"not_picked":["Flying Knee","Masterful Stab"],"picked":"Dagger Throw+1","floor":29},{"not_picked":["Deflect+1","Slice"],"picked":"Backstab","floor":31},{"not_picked":["A Thousand Cuts","Envenom"],"picked":"Burst","floor":33},{"not_picked":["Bane","Poisoned Stab+1"],"picked":"PiercingWail","floor":35},{"not_picked":["Footwork+1","Expertise"],"picked":"Backflip","floor":37},{"not_picked":["Acrobatics","Sucker Punch"],"picked":"Cloak And Dagger+1","floor":38},{"not_picked":["Deadly Poison","Eviscerate+1"],"picked":"Finisher","floor":39},{"not_picked":["Magnetism","Chrysalis"],"picked":"Master of Strategy","floor":41},{"not_picked":["Terror","Crippling Poison","Bane"],"picked":"SKIP","floor":42},{"not_picked":["Deflect+1","Underhanded Strike"],"picked":"Blade Dance","floor":44},{"not_picked":["Dagger Spray+1","Envenom","Tactician"],"picked":"SKIP","floor":45}],"player_experience":84924,"relics_obtained":[{"floor":6,"key":"Ornamental Fan"},{"floor":8,"key":"Potion Belt"},{"floor":9,"key":"Dodecahedron"},{"floor":26,"key":"Omamori"},{"floor":29,"key":"Gremlin Horn"},{"floor":37,"key":"Shovel"},{"floor":40,"key":"Girya"},{"floor":43,"key":"Ninja Scroll"},{"floor":44,"key":"Bottled Tornado"}],"event_choices":[{"damage_healed":0,"gold_gain":0,"player_choice":"Bought 2 Potions","damage_taken":0,"max_hp_gain":0,"max_hp_loss":0,"event_name":"The Woman in Blue","floor":10,"gold_loss":0},{"damage_healed":0,"gold_gain":0,"player_choice":"Upgraded Two","damage_taken":0,"max_hp_gain":0,"max_hp_loss":0,"event_name":"Designer","floor":19,"gold_loss":40,"cards_upgraded":["Well Laid Plans","Defend_G"]},{"damage_healed":0,"gold_gain":0,"player_choice":"Smashed Altar","damage_taken":0,"max_hp_gain":0,"max_hp_loss":0,"event_name":"Forgotten Altar","floor":27,"gold_loss":0,"cards_obtained":["Decay"]},{"damage_healed":0,"gold_gain":0,"player_choice":"Fight","damage_taken":0,"max_hp_gain":0,"max_hp_loss":0,"event_name":"MindBloom","floor":37,"gold_loss":0},{"damage_healed":0,"gold_gain":0,"player_choice":"Memory 1","damage_taken":0,"max_hp_gain":0,"max_hp_loss":0,"event_name":"SensoryStone","floor":41,"gold_loss":0},{"cards_removed":["Dagger Spray"],"damage_healed":0,"gold_gain":0,"player_choice":"Removed Attack","damage_taken":0,"max_hp_gain":0,"max_hp_loss":0,"event_name":"Falling","floor":47,"gold_loss":0},{"damage_healed":0,"gold_gain":0,"player_choice":"Ignored","damage_taken":0,"max_hp_gain":0,"max_hp_loss":0,"event_name":"Mysterious Sphere","floor":48,"gold_loss":0}],"is_beta":false,"boss_relics":[{"not_picked":["Ectoplasm","Busted Crown"],"picked":"WristBlade"},{"not_picked":["Velvet Choker","Runic Dome"],"picked":"Empty Cage"}],"items_purged_floors":[],"is_endless":false,"potions_floor_spawned":[1,5,8,13,20,22,23,31,35,37,42,44,45],"killed_by":"Time Eater","ascension_level":2}