{"gold_per_floor":[114,289,5,5,23,23,55,31,58,70,83,115,115,115,115,215,265,275,287,287,24,35,35,51,71,71,71],"floor_reached":27,"playtime":981,"items_purged":["Doubt"],"score":346,"play_id":"ce39c743-4d5b-4e81-8752-573e3bdfe7ce","local_time":"20190115221920","is_ascension_mode":true,"campfire_choices":[{"data":"Battle Trance","floor":6,"key":"SMITH"},{"floor":13,"key":"REST"},{"floor":15,"key":"REST"},{"data":"Inflame","floor":23,"key":"SMITH"}],"neow_cost":"NONE","seed_source_timestamp":1832083535229817,"circlet_count":0,"master_deck":["AscendersBane","Strike_R","Strike_R","Strike_R+1","Strike_R","Strike_R","Defend_R","Defend_R","Defend_R+1","Defend_R","Bash","Pommel Strike+1","Battle Trance+1","Inflame+1","Pommel Strike","Shrug It Off","Flame Barrier","True Grit","Reaper","Shrug It Off+1","Pommel Strike","Ghostly Armor","Shrug It Off"],"relics":["Philosopher\u0027s Stone","Membership Card","StoneCalendar","Anchor","Bottled Flame","Centennial Puzzle","Tiny House","Du-Vu Doll","HandDrill","Omamori"],"potions_floor_usage":[7,11,12,19,27,27],"damage_taken":[{"damage":0,"enemies":"2 Louse","floor":1,"turns":2},{"damage":5,"enemies":"Jaw Worm","floor":5,"turns":2},{"damage":30,"enemies":"Gremlin Nob","floor":7,"turns":4},{"damage":0,"enemies":"Small Slimes","floor":10,"turns":2},{"damage":0,"enemies":"3 Louse","floor":11,"turns":2},{"damage":16,"enemies":"Lagavulin","floor":12,"turns":7},{"damage":34,"enemies":"Slime Boss","floor":16,"turns":7},{"damage":4,"enemies":"Chosen","floor":18,"turns":4},{"damage":11,"enemies":"2 Thieves","floor":19,"turns":4},{"damage":0,"enemies":"Centurion and Healer","floor":22,"turns":7},{"damage":17,"enemies":"Shelled Parasite and Fungi","floor":24,"turns":5},{"damage":10,"enemies":"Cultist and Chosen","floor":25,"turns":7},{"damage":62,"enemies":"Slavers","floor":27,"turns":6}],"seed_played":"1658583018558817396","potions_obtained":[{"floor":5,"key":"SkillPotion"},{"floor":7,"key":"Dexterity Potion"},{"floor":10,"key":"Explosive Potion"},{"floor":17,"key":"SkillPotion"},{"floor":20,"key":"Strength Potion"},{"floor":20,"key":"Energy Potion"},{"floor":22,"key":"PowerPotion"}],"is_trial":false,"path_per_floor":["M","?","$","?","M","R","E","$","T","M","M","E","R","?","R","B",null,"M","M","?","$","M","R","M","M","T","E"],"character_chosen":"IRONCLAD","items_purchased":["Membership Card","Battle Trance","Shrug It Off","Du-Vu Doll","HandDrill","Ghostly Armor"],"campfire_rested":2,"item_purchase_floors":[3,3,8,21,21,21],"current_hp_per_floor":[72,72,72,56,51,51,21,21,21,21,21,5,29,22,46,12,68,73,62,62,62,76,76,64,60,60,0],"gold":71,"neow_bonus":"BOSS_RELIC","is_prod":false,"is_daily":false,"chose_seed":false,"campfire_upgraded":2,"win_rate":0,"timestamp":1547590760,"path_taken":["M","?","$","?","M","R","E","?","T","?","M","E","R","?","R","BOSS","M","M","?","$","M","R","?","M","T","E"],"build_version":"2019-01-10","purchased_purges":1,"victory":false,"max_hp_per_floor":[80,80,80,80,80,80,80,80,80,80,80,80,80,80,80,80,85,85,85,85,85,85,85,85,85,85,85],"card_choices":[{"not_picked":["Flex","Power Through"],"picked":"Pommel Strike","floor":1},{"not_picked":["Seeing Red","True Grit"],"picked":"Inflame","floor":5},{"not_picked":["Iron Wave","Perfected Strike"],"picked":"Pommel Strike","floor":7},{"not_picked":["Fire Breathing","Clothesline","Uppercut"],"picked":"SKIP","floor":10},{"not_picked":["Havoc","Headbutt"],"picked":"Flame Barrier","floor":11},{"not_picked":["Metallicize","Seeing Red"],"picked":"True Grit","floor":12},{"not_picked":["Brutality","Fiend Fire"],"picked":"Reaper","floor":16},{"not_picked":["Burning Pact","Warcry"],"picked":"Shrug It Off+1","floor":18},{"not_picked":["Heavy Blade","Fire Breathing"],"picked":"Pommel Strike","floor":19},{"not_picked":["Burning Pact","Clothesline","Anger"],"picked":"SKIP","floor":22},{"not_picked":["Anger","Flex","Headbutt"],"picked":"SKIP","floor":24},{"not_picked":["Clothesline+1","Body Slam"],"picked":"Shrug It Off","floor":25}],"player_experience":345967,"relics_obtained":[{"floor":7,"key":"StoneCalendar"},{"floor":9,"key":"Anchor"},{"floor":12,"key":"Bottled Flame"},{"floor":26,"key":"Omamori"}],"event_choices":[{"damage_healed":0,"gold_gain":175,"player_choice":"AGREE","damage_taken":0,"max_hp_gain":0,"max_hp_loss":0,"event_name":"Liars Game","floor":2,"gold_loss":0,"cards_obtained":["Doubt"]},{"damage_healed":0,"gold_gain":0,"player_choice":"Entered Light","damage_taken":16,"max_hp_gain":0,"max_hp_loss":0,"event_name":"Shining Light","floor":4,"gold_loss":0,"cards_upgraded":["Pommel Strike","Defend_R"]},{"damage_healed":0,"gold_gain":0,"player_choice":"Success","damage_taken":7,"relics_obtained":["Centennial Puzzle"],"max_hp_gain":0,"max_hp_loss":0,"event_name":"Scrap Ooze","floor":14,"gold_loss":0},{"damage_healed":0,"gold_gain":0,"player_choice":"Got Potions","damage_taken":0,"max_hp_gain":0,"max_hp_loss":0,"event_name":"Lab","floor":20,"gold_loss":0}],"is_beta":false,"boss_relics":[{"not_picked":["Empty Cage","Pandora\u0027s Box"],"picked":"Tiny House"}],"items_purged_floors":[3],"is_endless":false,"potions_floor_spawned":[5,7,10,22,24,25],"killed_by":"Slavers","ascension_level":11}