{"path_per_floor":["M","?","M","$","M","R","E","M","T","?","E","M","M","$","R","B",null,"M","?","$","M","M","E","?","R","T","M","R","?","M","M","R","B",null,"M","M","?","T","M","E","R","$","T","$","R","?","M","M","R","B"],"character_chosen":"THE_SILENT","items_purchased":["Apotheosis","Matryoshka"],"gold_per_floor":[117,117,127,52,68,68,102,122,122,197,228,241,253,67,67,172,172,189,189,89,106,116,148,73,73,73,84,84,84,96,112,112,209,209,228,242,242,289,309,340,340,79,79,79,79,0,12,24,24,24],"floor_reached":51,"campfire_rested":1,"playtime":4414,"current_hp_per_floor":[63,56,56,56,56,56,40,40,40,29,21,23,25,25,43,20,63,63,63,63,63,58,59,59,63,73,73,73,73,71,69,73,39,73,73,65,55,55,65,73,73,73,73,73,73,73,73,66,73,54],"items_purged":["Strike_G","Defend_G"],"gold":24,"play_id":"92cea2d6-93ee-46a9-aba0-a5819a934546","is_prod":false,"is_daily":false,"campfire_rituals":0,"campfire_upgraded":7,"is_hardmode":false,"path_taken":["M","?","M","$","M","R","E","M","T","?","E","M","?","$","R","BOSS","M","?","$","M","M","E","?","R","T","?","R","?","M","M","R","BOSS","M","M","?","?","?","E","R","$","T","$","R","?","M","M","R","BOSS"],"build_version":"2018-01-04-PROD1","purchased_purges":2,"victory":true,"master_deck":["Defend_G","Defend_G","Defend_G","Strike_G","Strike_G","Survivor","Neutralize","Cloak And Dagger","Quick Slash","Tools of the Trade","Leg Sweep","Unload","Prepared","Endless Agony","Apotheosis","After Image","Underhanded Strike","Eviscerate","Underhanded Strike","Accuracy","Dagger Throw","After Image","Infinite Blades","Cloak And Dagger","Madness","Madness","Cloak And Dagger","Blur","Unload","Underhanded Strike"],"max_hp_per_floor":[63,63,63,63,63,63,63,63,63,63,63,63,63,63,63,63,63,63,63,63,63,63,63,63,63,73,73,73,73,73,73,73,73,73,73,73,73,73,73,73,73,73,73,73,73,73,73,73,73,73],"relics":["Ring of the Snake","Bird Faced Urn","Ninja Scroll","Kunai","Eternal Feather","Anchor","Pear","Sozu","Bag of Marbles","Bag of Preparation","Matryoshka","Bronze Scales","Torii","Red Mask"],"campfire_meditates":0,"card_choices":[{"not_picked":["PiercingWail","Quick Slash"],"picked":"Cloak And Dagger"},{"not_picked":["Sucker Punch","Concentrate"],"picked":"Quick Slash"},{"not_picked":["Cloak And Dagger","Backflip"],"picked":"Tools of the Trade"},{"not_picked":["Flechettes","Bane"],"picked":"Leg Sweep"},{"not_picked":["Skewer","Predator"],"picked":"Unload"},{"not_picked":["Concentrate","Poisoned Stab"],"picked":"Prepared"},{"not_picked":["Slice","Quick Slash"],"picked":"Endless Agony"},{"not_picked":["Adrenaline","Storm of Steel"],"picked":"After Image"},{"not_picked":["Distraction","Slice"],"picked":"Underhanded Strike"},{"not_picked":["Flying Knee","Terror"],"picked":"Eviscerate"},{"not_picked":["Unload","PiercingWail"],"picked":"Underhanded Strike"},{"not_picked":["Cloak And Dagger","Slice"],"picked":"Accuracy"},{"not_picked":["Dagger Spray","Dash"],"picked":"Dagger Throw"},{"not_picked":["Bullet Time","A Thousand Cuts"],"picked":"After Image"},{"not_picked":["Outmaneuver","Underhanded Strike"],"picked":"Infinite Blades"},{"not_picked":["Dodge and Roll","Bouncing Flask"],"picked":"Cloak And Dagger"},{"not_picked":["Dagger Spray","Dodge and Roll"],"picked":"Cloak And Dagger"},{"not_picked":["Prepared","Dodge and Roll"],"picked":"Blur"},{"not_picked":["Outmaneuver","Dagger Spray"],"picked":"Unload"},{"not_picked":["Escape Plan","Cloak And Dagger"],"picked":"Underhanded Strike"}],"player_experience":191537,"potions_floor_usage":[11,16,30,30],"damage_taken":[{"damage":0,"enemies":"Small Slimes","floor":1,"turns":3},{"damage":0,"enemies":"Jaw Worm","floor":3,"turns":3},{"damage":0,"enemies":"Cultist","floor":5,"turns":5},{"damage":18,"enemies":"Gremlin Nob","floor":7,"turns":5},{"damage":2,"enemies":"Looter","floor":8,"turns":4},{"damage":10,"enemies":"3 Sentries","floor":11,"turns":6},{"damage":0,"enemies":"3 Louse","floor":12,"turns":3},{"damage":0,"enemies":"Exordium Thugs","floor":13,"turns":5},{"damage":25,"enemies":"Slime Boss","floor":16,"turns":7},{"damage":0,"enemies":"Chosen","floor":18,"turns":4},{"damage":0,"enemies":"Shell Parasite","floor":21,"turns":4},{"damage":5,"enemies":"Snake Plant","floor":22,"turns":5},{"damage":3,"enemies":"Slavers","floor":23,"turns":7},{"damage":0,"enemies":"Chosen and Byrds","floor":27,"turns":6},{"damage":2,"enemies":"Snecko","floor":30,"turns":5},{"damage":6,"enemies":"Slaver and Parasite","floor":31,"turns":6},{"damage":34,"enemies":"Automaton","floor":33,"turns":10},{"damage":0,"enemies":"3 Shapes","floor":35,"turns":4},{"damage":14,"enemies":"Orb Walker","floor":36,"turns":4},{"damage":0,"enemies":"Maw","floor":39,"turns":7},{"damage":0,"enemies":"Giant Head","floor":40,"turns":9},{"damage":0,"enemies":"3 Darklings","floor":47,"turns":6},{"damage":7,"enemies":"4 Shapes","floor":48,"turns":6},{"damage":21,"enemies":"Time Eater","floor":50,"turns":16}],"event_choices":[{"event_name":"Golden Wing","player_choice":"Card Removal","floor":2,"damage_taken":0},{"event_name":"World of Goop","player_choice":"Gather Gold","floor":10,"damage_taken":0},{"event_name":"Back to Basics","player_choice":"Elegance","floor":19,"damage_taken":0},{"event_name":"Beggar","player_choice":"Gave Gold","floor":24,"damage_taken":0},{"event_name":"Drug Dealer","player_choice":"Ignored","floor":29,"damage_taken":0},{"event_name":"Winding Halls","player_choice":"Embrace Madness","floor":37,"damage_taken":0},{"event_name":"Tomb of Lord Red Mask","player_choice":"Paid","floor":46,"damage_taken":0}],"boss_relics":[{"not_picked":["Pandora\u0027s Box","Snecko Eye"],"picked":"Eternal Feather"},{"not_picked":["Philosopher\u0027s Stone","Velvet Choker"],"picked":"Sozu"}],"potions_floor_spawned":[5,8,12,18,30,33,40,47],"seed_played":"503490317281518155","is_trial":false}