{"gold_per_floor":[116,116,18,18,18,18,18,18,18,34,34,34,34,48,48,119,169,179,179,454,8,8],"floor_reached":22,"playtime":520,"items_purged":["Regret"],"score":311,"play_id":"8931a84d-a066-4928-bf56-c630fc18274b","local_time":"20190202184252","is_ascension_mode":true,"campfire_choices":[{"data":"Lockon","floor":6,"key":"SMITH"},{"data":"Hello World","floor":8,"key":"SMITH"},{"floor":15,"key":"REST"}],"neow_cost":"NONE","seed_source_timestamp":174789391930865,"circlet_count":0,"master_deck":["AscendersBane","Strike_B+1","Strike_B","Strike_B","Strike_B","Defend_B","Defend_B","Defend_B","Defend_B","Zap","Dualcast+1","Ball Lightning+1","Lockon+1","Hello World+1","Coolheaded","Creative AI","Conserve Battery","Steam","Steam"],"relics":["Cracked Core","Juzu Bracelet","Mercury Hourglass","Letter Opener","Tiny House","Blood Vial","Bag of Marbles"],"potions_floor_usage":[10,16,19,19],"damage_taken":[{"damage":9,"enemies":"Small Slimes","floor":1,"turns":4},{"damage":2,"enemies":"2 Louse","floor":10,"turns":2},{"damage":2,"enemies":"Jaw Worm","floor":14,"turns":3},{"damage":20,"enemies":"The Guardian","floor":16,"turns":7},{"damage":28,"enemies":"Shell Parasite","floor":18,"turns":6},{"damage":25,"enemies":"Colosseum Slavers","floor":19,"turns":3},{"damage":25,"enemies":"Chosen","floor":22,"turns":4}],"seed_played":"-4908207009947239759","potions_obtained":[{"floor":1,"key":"Poison Potion"},{"floor":17,"key":"Poison Potion"},{"floor":18,"key":"AttackPotion"}],"is_trial":false,"path_per_floor":["M","?","$","?","?","R","?","R","T","M","$","?","?","M","R","B",null,"M","?","?","$","M"],"character_chosen":"DEFECT","items_purchased":["Lockon","Fire Potion","Blood Vial","Bag of Marbles","Steam"],"campfire_rested":1,"item_purchase_floors":[3,3,21,21,21],"current_hp_per_floor":[55,55,55,37,37,37,37,37,37,35,35,14,14,12,33,13,62,34,9,9,9,0],"gold":8,"neow_bonus":"RANDOM_COMMON_RELIC","is_prod":false,"is_daily":false,"chose_seed":false,"campfire_upgraded":2,"win_rate":0,"timestamp":1549132972,"path_taken":["M","?","$","?","?","R","?","R","T","M","?","?","?","M","R","BOSS","M","?","?","$","M"],"build_version":"2019-01-23","purchased_purges":1,"victory":false,"max_hp_per_floor":[71,71,71,71,71,71,71,71,71,71,71,71,71,71,71,71,76,76,76,76,76,76],"card_choices":[{"not_picked":["Reprogram","Turbo"],"picked":"Ball Lightning","floor":1},{"not_picked":["Fusion","Go for the Eyes"],"picked":"Coolheaded","floor":10},{"not_picked":["Sunder","Beam Cell","Go for the Eyes"],"picked":"SKIP","floor":14},{"not_picked":["Fission","Multi-Cast"],"picked":"Creative AI","floor":16},{"not_picked":["Beam Cell","Steam"],"picked":"Conserve Battery","floor":17},{"not_picked":["Go for the Eyes","Ball Lightning"],"picked":"Steam","floor":18}],"player_experience":532841,"relics_obtained":[{"floor":9,"key":"Letter Opener"}],"event_choices":[{"damage_healed":0,"gold_gain":0,"player_choice":"Ignored","damage_taken":0,"max_hp_gain":0,"max_hp_loss":0,"event_name":"Golden Idol","floor":2,"gold_loss":0},{"damage_healed":0,"gold_gain":0,"player_choice":"Success","damage_taken":18,"relics_obtained":["Mercury Hourglass"],"max_hp_gain":0,"max_hp_loss":0,"event_name":"Scrap Ooze","floor":4,"gold_loss":0},{"damage_healed":0,"gold_gain":0,"player_choice":"Ignored","damage_taken":0,"max_hp_gain":0,"max_hp_loss":0,"event_name":"Liars Game","floor":5,"gold_loss":0},{"damage_healed":0,"gold_gain":0,"player_choice":"1 cards matched","damage_taken":0,"max_hp_gain":0,"max_hp_loss":0,"event_name":"Match and Keep!","floor":7,"gold_loss":0,"cards_obtained":["Hello World"]},{"damage_healed":0,"gold_gain":0,"player_choice":"Entered Light","damage_taken":21,"max_hp_gain":0,"max_hp_loss":0,"event_name":"Shining Light","floor":12,"gold_loss":0,"cards_upgraded":["Strike_B","Dualcast"]},{"damage_healed":0,"gold_gain":0,"player_choice":"Leave","damage_taken":0,"max_hp_gain":0,"max_hp_loss":0,"event_name":"FaceTrader","floor":13,"gold_loss":0},{"damage_healed":0,"gold_gain":0,"player_choice":"Fight","damage_taken":0,"max_hp_gain":0,"max_hp_loss":0,"event_name":"Colosseum","floor":19,"gold_loss":0},{"damage_healed":0,"gold_gain":0,"player_choice":"Fled From Nobs","damage_taken":0,"max_hp_gain":0,"max_hp_loss":0,"event_name":"Colosseum","floor":19,"gold_loss":0},{"damage_healed":0,"gold_gain":275,"player_choice":"Desecrate","damage_taken":0,"max_hp_gain":0,"max_hp_loss":0,"event_name":"Golden Shrine","floor":20,"gold_loss":0,"cards_obtained":["Regret"]}],"is_beta":false,"boss_relics":[{"not_picked":["Pandora\u0027s Box","White Beast Statue"],"picked":"Tiny House"}],"items_purged_floors":[21],"is_endless":false,"potions_floor_spawned":[1,18],"killed_by":"Chosen","ascension_level":17}