{"gold_per_floor":[109,109,7,7,21,56,56,70,70,70,30,30,30,30,30,30],"floor_reached":16,"playtime":465,"items_purged":[],"score":191,"play_id":"57d7e3ac-5723-47f7-a07a-0a15aaa672f7","local_time":"20190427175410","is_ascension_mode":true,"campfire_choices":[{"data":"Blur","floor":7,"key":"SMITH"},{"data":"Survivor","floor":12,"key":"SMITH"},{"data":"Burst","floor":15,"key":"SMITH"}],"neow_cost":"TEN_PERCENT_HP_LOSS","seed_source_timestamp":3474326091088216,"circlet_count":0,"master_deck":["AscendersBane","Defend_G","Defend_G","Defend_G","Defend_G","Defend_G","Strike_G","Strike_G","Strike_G","Strike_G","Strike_G","Survivor+1","Neutralize","Burst+1","Quick Slash+1","Blur+1","Dagger Throw","Deflect","Deflect","Caltrops+1","Writhe"],"relics":["Ring of the Snake","Frozen Egg 2","Bag of Marbles","Darkstone Periapt"],"potions_floor_usage":[6],"damage_taken":[{"damage":6,"enemies":"Cultist","floor":1,"turns":4},{"damage":0,"enemies":"2 Louse","floor":5,"turns":3},{"damage":28,"enemies":"3 Sentries","floor":6,"turns":15},{"damage":0,"enemies":"Small Slimes","floor":8,"turns":3},{"damage":4,"enemies":"Exordium Thugs","floor":11,"turns":5},{"damage":34,"enemies":"Slime Boss","floor":16,"turns":8}],"seed_played":"447907451003439944","potions_obtained":[{"floor":5,"key":"Block Potion"}],"is_trial":false,"path_per_floor":["M","?","$","T","M","E","R","M","T","$","M","R","?","?","R","B"],"character_chosen":"THE_SILENT","items_purchased":["Blur","Dagger Throw"],"campfire_rested":0,"item_purchase_floors":[3,3],"current_hp_per_floor":[53,53,53,53,53,25,25,25,25,25,21,21,26,32,32,0],"gold":30,"neow_bonus":"THREE_RARE_CARDS","is_prod":false,"is_daily":false,"chose_seed":false,"campfire_upgraded":3,"win_rate":0,"timestamp":1556384050,"path_taken":["M","?","$","?","M","E","R","?","T","?","M","R","?","?","R","BOSS"],"build_version":"2019-01-23","purchased_purges":0,"victory":false,"max_hp_per_floor":[60,60,60,60,60,60,60,60,60,60,60,60,65,71,71,71],"card_choices":[{"not_picked":["Wraith Form v2","Tools of the Trade"],"picked":"Burst","floor":0},{"not_picked":["Bane","Well Laid Plans"],"picked":"Quick Slash","floor":1},{"not_picked":["Poisoned Stab","Concentrate"],"picked":"Deflect","floor":5},{"not_picked":["Dagger Spray","Die Die Die"],"picked":"Deflect","floor":6},{"not_picked":["Bane","Underhanded Strike"],"picked":"Caltrops+1","floor":8},{"not_picked":["Crippling Poison","Bane","Grand Finale"],"picked":"SKIP","floor":11}],"player_experience":708994,"relics_obtained":[{"floor":4,"key":"Frozen Egg 2"},{"floor":6,"key":"Bag of Marbles"},{"floor":9,"key":"Darkstone Periapt"}],"event_choices":[{"damage_healed":0,"gold_gain":0,"player_choice":"Upgraded","damage_taken":0,"max_hp_gain":0,"max_hp_loss":0,"event_name":"Upgrade Shrine","floor":2,"gold_loss":0,"cards_upgraded":["Quick Slash"]},{"damage_healed":0,"gold_gain":0,"player_choice":"Donut","damage_taken":0,"max_hp_gain":5,"max_hp_loss":0,"event_name":"Big Fish","floor":13,"gold_loss":0},{"damage_healed":0,"gold_gain":0,"player_choice":"1 cards matched","damage_taken":0,"max_hp_gain":0,"max_hp_loss":0,"event_name":"Match and Keep!","floor":14,"gold_loss":0,"cards_obtained":["Writhe"]}],"is_beta":false,"boss_relics":[],"items_purged_floors":[],"is_endless":false,"potions_floor_spawned":[5],"killed_by":"Slime Boss","ascension_level":19}