{"gold_per_floor":[114,264,32,48,96,158,158,158,158,158,175,175,190,205,205,282,282,294,294,294,294,307,307,307,333,333,360,360,360,360,378,378,378],"floor_reached":33,"playtime":1261,"items_purged":["Doubt"],"score":612,"play_id":"89a18c7e-eeb2-4695-9baa-14358f6c009d","local_time":"20190313124612","is_ascension_mode":true,"campfire_choices":[{"data":"Armaments","floor":8,"key":"SMITH"},{"data":"Juggernaut","floor":10,"key":"SMITH"},{"data":"Bash","floor":15,"key":"SMITH"},{"data":"Impervious","floor":23,"key":"SMITH"},{"floor":30,"key":"REST"},{"floor":32,"key":"REST"}],"neow_cost":"NONE","seed_source_timestamp":571045409508500,"circlet_count":0,"master_deck":["AscendersBane","Strike_R","Strike_R","Strike_R","Strike_R","Defend_R","Defend_R+1","Defend_R+1","Defend_R","Bash+1","Perfected Strike","Armaments+1","Juggernaut+1","Shrug It Off","Impervious+1","Entrench","J.A.X.","Shrug It Off","Cleave","Rampage"],"relics":["Burning Blood","NeowsBlessing","Bag of Marbles","War Paint","Tiny Chest","Bottled Tornado","Orichalcum","Velvet Choker","Dodecahedron","Regal Pillow","Bottled Flame","Magic Flower"],"potions_floor_usage":[27,33],"damage_taken":[{"damage":0,"enemies":"Cultist","floor":1,"turns":1},{"damage":0,"enemies":"Jaw Worm","floor":4,"turns":1},{"damage":0,"enemies":"Lagavulin","floor":6,"turns":1},{"damage":3,"enemies":"2 Louse","floor":11,"turns":3},{"damage":5,"enemies":"Looter","floor":13,"turns":2},{"damage":5,"enemies":"Exordium Thugs","floor":14,"turns":4},{"damage":57,"enemies":"Hexaghost","floor":16,"turns":9},{"damage":5,"enemies":"3 Byrds","floor":18,"turns":5},{"damage":12,"enemies":"Chosen","floor":22,"turns":4},{"damage":33,"enemies":"Gremlin Leader","floor":25,"turns":8},{"damage":41,"enemies":"Slavers","floor":27,"turns":7},{"damage":8,"enemies":"Colosseum Slavers","floor":28,"turns":5},{"damage":31,"enemies":"Centurion and Healer","floor":31,"turns":4},{"damage":81,"enemies":"Collector","floor":33,"turns":6}],"seed_played":"7831916994862487671","potions_obtained":[{"floor":6,"key":"Energy Potion"},{"floor":11,"key":"GamblersBrew"},{"floor":16,"key":"FairyPotion"},{"floor":31,"key":"SpeedPotion"}],"is_trial":false,"path_per_floor":["M","?","$","M","T","E","?","R","T","R","M","T","M","M","R","B",null,"M","?","T","?","M","R","?","E","T","E","?","?","R","M","R","B"],"character_chosen":"IRONCLAD","items_purchased":["Bag of Marbles"],"campfire_rested":2,"item_purchase_floors":[3],"current_hp_per_floor":[74,74,74,75,75,75,75,75,75,75,75,75,75,75,75,24,62,63,63,63,63,57,57,57,30,30,9,10,10,47,25,62,0],"gold":378,"neow_bonus":"THREE_ENEMY_KILL","is_prod":false,"is_daily":false,"chose_seed":false,"campfire_upgraded":4,"win_rate":0,"timestamp":1552481172,"path_taken":["M","?","$","M","?","E","?","R","T","R","M","?","?","M","R","BOSS","M","?","?","?","?","R","?","E","T","E","?","?","R","M","R","BOSS"],"build_version":"2019-01-23","purchased_purges":1,"victory":false,"max_hp_per_floor":[75,75,75,75,75,75,75,75,75,75,75,75,75,75,75,75,75,75,75,75,75,75,75,75,75,75,75,75,75,75,75,75,75],"card_choices":[{"not_picked":["Havoc","Warcry"],"picked":"Perfected Strike","floor":1},{"not_picked":["Clothesline","Searing Blow"],"picked":"Armaments","floor":4},{"not_picked":["Clash","Armaments"],"picked":"Juggernaut","floor":6},{"not_picked":["Heavy Blade","Armaments","Headbutt"],"picked":"SKIP","floor":11},{"not_picked":["Dual Wield","Sword Boomerang","Evolve"],"picked":"SKIP","floor":13},{"not_picked":["Berserk","Perfected Strike"],"picked":"Shrug It Off","floor":14},{"not_picked":["Exhume","Berserk"],"picked":"Impervious","floor":16},{"not_picked":["Evolve","Twin Strike"],"picked":"Entrench","floor":18},{"not_picked":["Havoc","Uppercut"],"picked":"Shrug It Off","floor":22},{"not_picked":["Pommel Strike","Exhume"],"picked":"Cleave","floor":25},{"not_picked":["Infernal Blade","Exhume"],"picked":"Rampage","floor":27},{"not_picked":["Armaments","Headbutt","Warcry"],"picked":"SKIP","floor":31}],"player_experience":400228,"relics_obtained":[{"floor":5,"key":"War Paint"},{"floor":6,"key":"Tiny Chest"},{"floor":9,"key":"Bottled Tornado"},{"floor":12,"key":"Orichalcum"},{"floor":20,"key":"Dodecahedron"},{"floor":25,"key":"Regal Pillow"},{"floor":26,"key":"Bottled Flame"},{"floor":27,"key":"Magic Flower"}],"event_choices":[{"damage_healed":0,"gold_gain":150,"player_choice":"AGREE","damage_taken":0,"max_hp_gain":0,"max_hp_loss":0,"event_name":"Liars Game","floor":2,"gold_loss":0,"cards_obtained":["Doubt"]},{"damage_healed":0,"gold_gain":0,"player_choice":"Ignored","damage_taken":0,"max_hp_gain":0,"max_hp_loss":0,"event_name":"Shining Light","floor":7,"gold_loss":0},{"cards_removed":["Strike_R"],"damage_healed":0,"gold_gain":0,"player_choice":"Elegance","damage_taken":0,"max_hp_gain":0,"max_hp_loss":0,"event_name":"Back to Basics","floor":19,"gold_loss":0},{"damage_healed":0,"gold_gain":0,"player_choice":"Obtain J.A.X.","damage_taken":0,"max_hp_gain":0,"max_hp_loss":0,"event_name":"Drug Dealer","floor":21,"gold_loss":0,"cards_obtained":["J.A.X."]},{"damage_healed":0,"gold_gain":0,"player_choice":"Ignored","damage_taken":0,"max_hp_gain":0,"max_hp_loss":0,"event_name":"Ghosts","floor":24,"gold_loss":0},{"damage_healed":0,"gold_gain":0,"player_choice":"Fight","damage_taken":0,"max_hp_gain":0,"max_hp_loss":0,"event_name":"Colosseum","floor":28,"gold_loss":0},{"damage_healed":0,"gold_gain":0,"player_choice":"Fled From Nobs","damage_taken":0,"max_hp_gain":0,"max_hp_loss":0,"event_name":"Colosseum","floor":28,"gold_loss":0},{"damage_healed":0,"gold_gain":0,"player_choice":"Ignored","damage_taken":0,"max_hp_gain":0,"max_hp_loss":0,"event_name":"Vampires","floor":29,"gold_loss":0}],"is_beta":false,"boss_relics":[{"not_picked":["Ectoplasm","Calling Bell"],"picked":"Velvet Choker"}],"items_purged_floors":[3],"is_endless":false,"potions_floor_spawned":[6,11,16,25,31],"killed_by":"Collector","ascension_level":20}