{"gold_per_floor":[113,126,142,14,31,31,48,78,104,279,279],"floor_reached":11,"playtime":862,"items_purged":["Strike_G"],"score":83,"play_id":"a6699633-b0bd-4411-86f2-6d97eb206f3e","local_time":"20180815213951","is_ascension_mode":true,"campfire_choices":[{"data":"Bouncing Flask","floor":6,"key":"SMITH"}],"neow_cost":"","seed_source_timestamp":42604513374222,"circlet_count":0,"master_deck":["Defend_G","Defend_G","Defend_G","Defend_G","Defend_G","Strike_G","Strike_G","Strike_G","Strike_G","Survivor","Neutralize","Backflip","Bouncing Flask+1","Prepared","Backstab","Prepared","Doubt"],"relics":["Ring of the Snake","StoneCalendar","Boot"],"potions_floor_usage":[5],"damage_taken":[{"damage":9,"enemies":"Small Slimes","floor":1,"turns":4},{"damage":12,"enemies":"Jaw Worm","floor":2,"turns":8},{"damage":2,"enemies":"2 Louse","floor":3,"turns":4},{"damage":3,"enemies":"Looter","floor":5,"turns":4},{"damage":14,"enemies":"Large Slime","floor":7,"turns":7},{"damage":34,"enemies":"Gremlin Nob","floor":8,"turns":4},{"damage":31,"enemies":"3 Sentries","floor":11,"turns":4}],"seed_played":"-1252850966052611542","potions_obtained":[{"floor":2,"key":"FairyPotion"},{"floor":3,"key":"Fruit Juice"},{"floor":8,"key":"FairyPotion"}],"is_trial":false,"path_per_floor":["M","M","M","$","M","R","M","E","T","?"],"character_chosen":"THE_SILENT","items_purchased":["Prepared"],"campfire_rested":0,"item_purchase_floors":[4],"current_hp_per_floor":[61,49,47,47,49,49,35,1,1,1,0],"gold":279,"neow_bonus":"","is_prod":false,"is_daily":false,"chose_seed":false,"campfire_upgraded":1,"win_rate":0,"timestamp":1534340391,"path_taken":["M","M","M","$","M","R","M","E","T","?","E"],"build_version":"2018-08-09","purchased_purges":1,"victory":false,"max_hp_per_floor":[70,70,70,70,75,75,75,75,75,75,75],"card_choices":[{"not_picked":["Dagger Spray","Poisoned Stab","Flying Knee"],"picked":"SKIP","floor":1},{"not_picked":["Deflect","Poisoned Stab"],"picked":"Backflip","floor":2},{"not_picked":["Backflip","Caltrops"],"picked":"Bouncing Flask","floor":3},{"not_picked":["Slice","Infinite Blades","Underhanded Strike"],"picked":"SKIP","floor":5},{"not_picked":["Blade Dance","Backflip"],"picked":"Backstab","floor":7},{"not_picked":["Deadly Poison","Dagger Spray"],"picked":"Prepared","floor":8}],"player_experience":270751,"relics_obtained":[{"floor":8,"key":"StoneCalendar"},{"floor":9,"key":"Boot"}],"event_choices":[{"event_name":"Liars Game","player_choice":"agreed","floor":10,"damage_taken":0}],"is_beta":false,"boss_relics":[],"items_purged_floors":[4],"is_endless":false,"potions_floor_spawned":[2,3,8],"killed_by":"3 Sentries","ascension_level":2}