{"gold_per_floor":[112,112,287,299,249,280,8,8,8,28,38,65,65,97,97,197,197,210,210,16,36,54,81,81,113,113,148,159,191,191,224,224,224],"floor_reached":33,"playtime":3599,"items_purged":["Strike_R"],"score":633,"play_id":"70e22085-20aa-470a-b5cc-884ce5f5442d","local_time":"20190422222545","is_ascension_mode":true,"campfire_choices":[{"data":"Body Slam","floor":8,"key":"SMITH"},{"data":"Shockwave","floor":13,"key":"SMITH"},{"data":"Feel No Pain","floor":15,"key":"SMITH"},{"data":"True Grit","floor":32,"key":"SMITH"}],"neow_cost":"NONE","seed_source_timestamp":183311424472738,"circlet_count":0,"master_deck":["Strike_R","Strike_R","Defend_R+1","Defend_R+1","Defend_R+1","Defend_R","Bash","Body Slam+1","Inflame","Shrug It Off","Shockwave+1","Feel No Pain+1","Double Tap","True Grit+1","Ghostly","Ghostly","Ghostly","Ghostly","Ghostly","Shrug It Off+1","Headbutt","Reaper","Reckless Charge","Burning Pact","Finesse","Entrench+1"],"relics":["Burning Blood","NeowsBlessing","Blue Candle","Pen Nib","Kunai","Ice Cream","Paper Frog","Mark of Pain","ClockworkSouvenir","Strawberry","Bag of Preparation","Letter Opener","Orichalcum","Lantern","War Paint"],"potions_floor_usage":[16,23,25,33],"damage_taken":[{"damage":0,"enemies":"Small Slimes","floor":1,"turns":1},{"damage":0,"enemies":"2 Louse","floor":4,"turns":1},{"damage":0,"enemies":"3 Sentries","floor":6,"turns":2},{"damage":0,"enemies":"Jaw Worm","floor":10,"turns":4},{"damage":18,"enemies":"Exordium Wildlife","floor":11,"turns":4},{"damage":12,"enemies":"Lagavulin","floor":12,"turns":8},{"damage":14,"enemies":"Gremlin Nob","floor":14,"turns":4},{"damage":8,"enemies":"The Guardian","floor":16,"turns":9},{"damage":0,"enemies":"Chosen","floor":18,"turns":6},{"damage":0,"enemies":"Spheric Guardian","floor":21,"turns":6},{"damage":4,"enemies":"Shelled Parasite and Fungi","floor":22,"turns":7},{"damage":6,"enemies":"Gremlin Leader","floor":23,"turns":9},{"damage":26,"enemies":"Book of Stabbing","floor":25,"turns":8},{"damage":0,"enemies":"Slavers","floor":27,"turns":8},{"damage":0,"enemies":"3 Cultists","floor":28,"turns":5},{"damage":0,"enemies":"Book of Stabbing","floor":29,"turns":5},{"damage":0,"enemies":"Slavers","floor":31,"turns":6},{"damage":47,"enemies":"Automaton","floor":33,"turns":6}],"seed_played":"-585216681264149566","potions_obtained":[{"floor":10,"key":"Strength Potion"},{"floor":12,"key":"FearPotion"},{"floor":16,"key":"SteroidPotion"},{"floor":18,"key":"LiquidBronze"},{"floor":21,"key":"Explosive Potion"},{"floor":28,"key":"AttackPotion"}],"is_trial":false,"path_per_floor":["M","?","?","M","?","E","$","R","T","M","M","E","R","E","R","B",null,"M","?","$","M","M","E","?","E","T","E","M","E","?","E","R","B"],"character_chosen":"IRONCLAD","items_purchased":["Pen Nib","Shrug It Off","ClockworkSouvenir"],"campfire_rested":0,"item_purchase_floors":[7,7,20],"current_hp_per_floor":[80,64,64,70,70,76,76,76,76,80,68,62,62,54,54,52,73,79,40,40,40,40,47,47,38,38,47,47,47,47,47,47,0],"gold":224,"neow_bonus":"THREE_ENEMY_KILL","is_prod":false,"is_daily":false,"chose_seed":false,"campfire_upgraded":4,"win_rate":0,"timestamp":1555993545,"path_taken":["M","?","?","?","?","E","?","R","T","M","M","E","R","E","R","BOSS","M","?","$","M","M","E","?","E","T","E","M","E","?","E","R","BOSS"],"build_version":"2019-01-23","purchased_purges":1,"victory":false,"max_hp_per_floor":[80,80,80,80,80,80,80,80,80,80,80,80,80,80,80,80,80,80,40,40,40,40,47,47,47,47,47,47,47,47,47,47,47],"card_choices":[{"not_picked":["Armaments","Iron Wave"],"picked":"Body Slam","floor":1},{"not_picked":["Sever Soul","Sword Boomerang"],"picked":"Inflame","floor":4},{"not_picked":["Seeing Red","Thunderclap","Evolve"],"picked":"SKIP","floor":6},{"not_picked":["Perfected Strike","Cleave","Thunderclap"],"picked":"SKIP","floor":10},{"not_picked":["Heavy Blade","Thunderclap","Perfected Strike"],"picked":"SKIP","floor":11},{"not_picked":["Evolve","Twin Strike"],"picked":"Shockwave","floor":12},{"not_picked":["Rampage","Burning Pact"],"picked":"Feel No Pain","floor":14},{"not_picked":["Berserk","Reaper"],"picked":"Double Tap","floor":16},{"not_picked":["Combust","Heavy Blade"],"picked":"True Grit","floor":18},{"not_picked":["Wild Strike+1","Cleave"],"picked":"Shrug It Off","floor":21},{"not_picked":["Fire Breathing","Wild Strike","Ghostly Armor"],"picked":"SKIP","floor":22},{"not_picked":["Evolve","Double Tap"],"picked":"Headbutt","floor":23},{"not_picked":["Armaments","Shockwave","Iron Wave"],"picked":"SKIP","floor":25},{"not_picked":["Twin Strike","Combust","Rupture"],"picked":"SKIP","floor":27},{"not_picked":["Bloodletting","Heavy Blade"],"picked":"Burning Pact","floor":28},{"not_picked":["Combust","Armaments","Wild Strike+1"],"picked":"SKIP","floor":29},{"not_picked":["Anger","Armaments"],"picked":"Entrench+1","floor":31}],"player_experience":444721,"relics_obtained":[{"floor":6,"key":"Blue Candle"},{"floor":9,"key":"Kunai"},{"floor":12,"key":"Ice Cream"},{"floor":14,"key":"Paper Frog"},{"floor":23,"key":"Strawberry"},{"floor":25,"key":"Bag of Preparation"},{"floor":26,"key":"Letter Opener"},{"floor":27,"key":"Orichalcum"},{"floor":29,"key":"Lantern"},{"floor":31,"key":"War Paint"}],"event_choices":[{"damage_healed":0,"gold_gain":0,"player_choice":"Entered Light","damage_taken":16,"max_hp_gain":0,"max_hp_loss":0,"event_name":"Shining Light","floor":2,"gold_loss":0,"cards_upgraded":["Defend_R","Defend_R"]},{"damage_healed":0,"gold_gain":175,"player_choice":"AGREE","damage_taken":0,"max_hp_gain":0,"max_hp_loss":0,"event_name":"Liars Game","floor":3,"gold_loss":0,"cards_obtained":["Doubt"]},{"cards_removed":["Doubt"],"damage_healed":0,"gold_gain":0,"player_choice":"Card Removal","damage_taken":0,"max_hp_gain":0,"max_hp_loss":0,"event_name":"The Cleric","floor":5,"gold_loss":50},{"damage_healed":0,"gold_gain":0,"player_choice":"Became a Ghost","damage_taken":0,"max_hp_gain":0,"max_hp_loss":40,"event_name":"Ghosts","floor":19,"gold_loss":0,"cards_obtained":["Ghostly","Ghostly","Ghostly","Ghostly","Ghostly"]},{"damage_healed":0,"gold_gain":0,"cards_transformed":["Strike_R","Strike_R"],"player_choice":"Became Test Subject","damage_taken":0,"max_hp_gain":0,"max_hp_loss":0,"event_name":"Drug Dealer","floor":24,"gold_loss":0,"cards_obtained":["Reaper","Reckless Charge"]},{"damage_healed":0,"gold_gain":0,"player_choice":"1 cards matched","damage_taken":0,"max_hp_gain":0,"max_hp_loss":0,"event_name":"Match and Keep!","floor":30,"gold_loss":0,"cards_obtained":["Finesse"]}],"is_beta":false,"boss_relics":[{"not_picked":["Orrery","Snecko Eye"],"picked":"Mark of Pain"}],"items_purged_floors":[7],"is_endless":false,"potions_floor_spawned":[10,12,16,18,21,28],"killed_by":"Automaton","ascension_level":5}