{"gold_per_floor":[110,130,130,150,225,225,251,270,270,270,283,314,264,277,277,375,375,391,391,401,418,430,430,117,117,117,131,164,194,232,3,3,108,108,128,128,142,152,52,85,85,85,85,185,185,34,61,79,79,79],"floor_reached":51,"playtime":2976,"items_purged":["Strike_R","Defend_R"],"score":882,"play_id":"4f85db39-2d50-4082-9d78-1db91a4c2dca","local_time":"20190430113032","is_ascension_mode":false,"campfire_choices":[{"data":"Bash","floor":6.0,"key":"SMITH"},{"data":"Carnage","floor":10.0,"key":"SMITH"},{"data":"Defend_R","floor":15.0,"key":"SMITH"},{"data":"Shrug It Off","floor":23.0,"key":"SMITH"},{"data":"Shrug It Off","floor":25.0,"key":"SMITH"},{"data":"1","floor":32,"key":"LIFT"},{"data":"Clothesline","floor":41,"key":"SMITH"},{"data":"Immolate","floor":45,"key":"SMITH"},{"data":"2","floor":49,"key":"LIFT"}],"neow_cost":"PERCENT_DAMAGE","seed_source_timestamp":1555548040444700,"circlet_count":0,"master_deck":["Strike_R","Strike_R","Defend_R+1","Bash+1","Spot Weakness","Shrug It Off+1","Carnage+1","Shrug It Off+1","Disarm+1","Juggernaut+1","Disarm+1","Shrug It Off+1","Cleave","Seeing Red+1","Reaper","Havoc+1","Shrug It Off+1","Immolate+1","Battle Trance+1","Inflame+1","Berserk+1","Seeing Red+1","Disarm+1","Barricade+1","Clothesline+1","PanicButton+1","Trip+1","Madness+1","Shame","Disarm+1","Seeing Red+1"],"special_seed":0,"relics":["Burning Blood","Singing Bowl","Frozen Egg 2","Toxic Egg 2","Runic Pyramid","Pear","MawBank","Girya","Kunai","Cursed Key","Ginger","Paper Frog","Magic Flower","Vajra","Bottled Tornado"],"potions_floor_usage":[28,50],"damage_taken":[{"damage":1.0,"enemies":"Jaw Worm","floor":1.0,"turns":3.0},{"damage":2.0,"enemies":"Small Slimes","floor":2.0,"turns":3.0},{"damage":0.0,"enemies":"Cultist","floor":4.0,"turns":4.0},{"damage":14.0,"enemies":"Gremlin Nob","floor":7.0,"turns":3.0},{"damage":24.0,"enemies":"Gremlin Gang","floor":8.0,"turns":7.0},{"damage":4.0,"enemies":"Blue Slaver","floor":11.0,"turns":2.0},{"damage":20.0,"enemies":"3 Sentries","floor":12.0,"turns":7.0},{"damage":0.0,"enemies":"Red Slaver","floor":14.0,"turns":4.0},{"damage":11.0,"enemies":"Slime Boss","floor":16.0,"turns":9.0},{"damage":4.0,"enemies":"3 Byrds","floor":18.0,"turns":11.0},{"damage":22.0,"enemies":"2 Thieves","floor":20.0,"turns":4.0},{"damage":4.0,"enemies":"Snake Plant","floor":21.0,"turns":6.0},{"damage":18.0,"enemies":"Chosen and Byrds","floor":22.0,"turns":7.0},{"damage":2.0,"enemies":"Snecko","floor":27.0,"turns":6.0},{"damage":22,"enemies":"Slavers","floor":28,"turns":8},{"damage":15,"enemies":"3 Cultists","floor":29,"turns":7},{"damage":0,"enemies":"Gremlin Leader","floor":30,"turns":8},{"damage":3,"enemies":"Champ","floor":33,"turns":19},{"damage":0,"enemies":"Orb Walker","floor":35,"turns":3},{"damage":0,"enemies":"3 Darklings","floor":37,"turns":5},{"damage":10,"enemies":"4 Shapes","floor":38,"turns":5},{"damage":0,"enemies":"Nemesis","floor":40,"turns":9},{"damage":0,"enemies":"Mind Bloom Boss Battle","floor":44,"turns":6},{"damage":0,"enemies":"Reptomancer","floor":47,"turns":6},{"damage":8,"enemies":"Spire Growth","floor":48,"turns":4},{"damage":36,"enemies":"Awakened One","floor":50,"turns":13}],"seed_played":"-5378074505147987418","potions_obtained":[{"floor":1.0,"key":"Strength Potion"},{"floor":8.0,"key":"FairyPotion"},{"floor":11.0,"key":"Energy Potion"},{"floor":16.0,"key":"Swift Potion"},{"floor":18.0,"key":"SteroidPotion"},{"floor":27.0,"key":"Fire Potion"},{"floor":28,"key":"Explosive Potion"},{"floor":33,"key":"Energy Potion"}],"is_trial":false,"path_per_floor":["M","M","?","M","?","R","E","M","T","R","M","E","?","M","R","B",null,"M","?","M","M","M","R","$","R","T","M","E","M","E","$","R","B",null,"M","?","M","M","$","E","R","?","T","?","R","$","E","M","R","B",null],"character_chosen":"IRONCLAD","items_purchased":["Seeing Red+1","Reaper","Havoc+1","Kunai","Vajra"],"campfire_rested":0,"item_purchase_floors":[24,24,24,31,46],"current_hp_per_floor":[61,65,65,71,60,60,52,36,36,36,40,26,26,34,34,29,86,86,86,70,72,62,62,62,62,72,86,85,90,98,98,98,98,98,98,98,98,100,100,100,100,90,90,96,96,96,100,102,102,102],"gold":79,"neow_bonus":"REMOVE_TWO","is_prod":false,"is_daily":false,"chose_seed":false,"campfire_upgraded":7,"win_rate":1,"timestamp":1556649032,"path_taken":["M","M","?","M","?","R","E","M","T","R","M","E","?","?","R","BOSS","M","?","M","M","M","R","?","R","T","M","E","?","E","$","R","BOSS","M","?","M","?","$","E","R","?","T","?","R","?","E","M","R","BOSS"],"build_version":"2019-01-23","purchased_purges":2,"victory":true,"max_hp_per_floor":[80,80,80,80,80,80,80,82,82,82,84,84,84,86,86,86,86,86,86,86,86,88,88,88,88,98,98,98,98,98,98,98,98,98,98,98,98,100,100,100,100,100,100,100,100,100,100,102,102,102],"card_choices":[{"not_picked":["Ghostly Armor","True Grit"],"picked":"Spot Weakness","floor":1.0},{"not_picked":["Rage","Thunderclap"],"picked":"Shrug It Off","floor":2.0},{"not_picked":["Sever Soul","Fire Breathing"],"picked":"Carnage","floor":4.0},{"not_picked":["Wild Strike","Dropkick"],"picked":"Shrug It Off","floor":7.0},{"not_picked":["Ghostly Armor","True Grit","Warcry"],"picked":"Singing Bowl","floor":8.0},{"not_picked":["Heavy Blade","Cleave","Iron Wave"],"picked":"Singing Bowl","floor":11.0},{"not_picked":["Searing Blow","Pommel Strike"],"picked":"Disarm","floor":12.0},{"not_picked":["Blood for Blood","Wild Strike","Sword Boomerang"],"picked":"Singing Bowl","floor":14.0},{"not_picked":["Fiend Fire","Double Tap+1"],"picked":"Juggernaut+1","floor":16.0},{"not_picked":["Perfected Strike","Havoc+1"],"picked":"Disarm+1","floor":18.0},{"not_picked":["Infernal Blade+1","Flex+1"],"picked":"Shrug It Off+1","floor":20.0},{"not_picked":["Pommel Strike","Anger"],"picked":"Cleave","floor":21.0},{"not_picked":["Dual Wield+1","Flex+1","Wild Strike"],"picked":"Singing Bowl","floor":22.0},{"not_picked":["Corruption+1","Flex+1"],"picked":"Shrug It Off+1","floor":27.0},{"not_picked":["Blood for Blood","Burning Pact+1"],"picked":"Immolate","floor":28},{"not_picked":["Havoc+1","Iron Wave"],"picked":"Battle Trance+1","floor":29},{"not_picked":["Carnage","Thunderclap"],"picked":"Inflame+1","floor":30},{"not_picked":["Barricade+1","Offering+1"],"picked":"Berserk+1","floor":33},{"not_picked":["Clash","Iron Wave"],"picked":"Seeing Red+1","floor":35},{"not_picked":["Heavy Blade+1","Battle Trance+1"],"picked":"Barricade+1","floor":37},{"not_picked":["Twin Strike+1","Hemokinesis+1","Clash"],"picked":"Singing Bowl","floor":38},{"not_picked":["Ghostly Armor+1","Corruption+1"],"picked":"Clothesline","floor":40},{"not_picked":["Panacea+1","Magnetism+1"],"picked":"PanicButton+1","floor":42},{"not_picked":["Thinking Ahead+1","Flash of Steel"],"picked":"Trip+1","floor":42},{"not_picked":["Finesse+1","Bandage Up+1"],"picked":"Madness+1","floor":42},{"not_picked":["Twin Strike+1","Flex+1"],"picked":"Disarm+1","floor":44},{"not_picked":["Pommel Strike","Heavy Blade+1"],"picked":"Seeing Red+1","floor":47},{"not_picked":["Power Through+1","Heavy Blade+1","Twin Strike"],"picked":"Singing Bowl","floor":48}],"player_experience":679701,"relics_obtained":[{"floor":7.0,"key":"Singing Bowl"},{"floor":9.0,"key":"Frozen Egg 2"},{"floor":12.0,"key":"Toxic Egg 2"},{"floor":26.0,"key":"Pear"},{"floor":28,"key":"MawBank"},{"floor":30,"key":"Girya"},{"floor":40,"key":"Ginger"},{"floor":43,"key":"Paper Frog"},{"floor":44,"key":"Magic Flower"},{"floor":47,"key":"Bottled Tornado"}],"event_choices":[{"cards_removed":["Defend_R"],"damage_healed":0.0,"max_hp_gain":0.0,"max_hp_loss":0.0,"gold_gain":0.0,"event_name":"Living Wall","player_choice":"Forget","floor":3.0,"gold_loss":0.0,"damage_taken":0.0},{"damage_healed":0.0,"max_hp_gain":0.0,"max_hp_loss":0.0,"gold_gain":75.0,"event_name":"World of Goop","player_choice":"Gather Gold","floor":5.0,"gold_loss":0.0,"damage_taken":11.0},{"cards_removed":["Strike_R"],"damage_healed":0.0,"max_hp_gain":0.0,"max_hp_loss":0.0,"gold_gain":0.0,"event_name":"The Cleric","player_choice":"Card Removal","floor":13.0,"gold_loss":50.0,"damage_taken":0.0},{"damage_healed":0.0,"max_hp_gain":0.0,"max_hp_loss":0.0,"gold_gain":0.0,"event_name":"NoteForYourself","player_choice":"Ignored","floor":19.0,"gold_loss":0.0,"damage_taken":0.0},{"damage_healed":0,"gold_gain":0,"player_choice":"Copied","damage_taken":0,"max_hp_gain":0,"max_hp_loss":0,"event_name":"Duplicator","floor":36,"gold_loss":0,"cards_obtained":["Disarm"]},{"damage_healed":0,"gold_gain":0,"player_choice":"Memory 3","damage_taken":10,"max_hp_gain":0,"max_hp_loss":0,"event_name":"SensoryStone","floor":42,"gold_loss":0},{"damage_healed":0,"gold_gain":0,"player_choice":"Fight","damage_taken":0,"max_hp_gain":0,"max_hp_loss":0,"event_name":"MindBloom","floor":44,"gold_loss":0}],"is_beta":false,"boss_relics":[{"not_picked":["Empty Cage","Black Blood"],"picked":"Runic Pyramid"},{"not_picked":["Philosopher\u0027s Stone","White Beast Statue"],"picked":"Cursed Key"}],"items_purged_floors":[24,39],"is_endless":false,"potions_floor_spawned":[1,8,11,16,18,27,28,29,33,37,47],"ascension_level":0}