{"gold_per_floor":[218,236,236,252,252,252,264,3,49,67,67,67,78,3,3,102,102,27,27,42,62,62],"floor_reached":22,"playtime":940,"items_purged":["Parasite"],"score":176,"play_id":"23a8263c-da07-4037-a98c-172b8018c57c","local_time":"20190208153348","is_ascension_mode":false,"campfire_choices":[{"data":"Capacitor","floor":6,"key":"SMITH"},{"floor":11,"key":"REST"},{"floor":15,"key":"REST"}],"neow_cost":"NONE","seed_source_timestamp":681445009109426,"circlet_count":0,"master_deck":["Strike_B","Strike_B","Strike_B","Strike_B","Defend_B","Defend_B","Defend_B","Defend_B","Zap","Dualcast","Coolheaded+1","Conserve Battery","Capacitor+1","Coolheaded","Defragment","Reinforced Body","Skim","Blizzard","Coolheaded","Machine Learning","Undo+1"],"relics":["Cracked Core"],"potions_floor_usage":[10,16,22,22,22],"damage_taken":[{"damage":8,"enemies":"Jaw Worm","floor":1,"turns":3},{"damage":8,"enemies":"Small Slimes","floor":2,"turns":3},{"damage":1,"enemies":"Cultist","floor":4,"turns":3},{"damage":49,"enemies":"Gremlin Gang","floor":7,"turns":6},{"damage":5,"enemies":"3 Louse","floor":10,"turns":5},{"damage":12,"enemies":"Lots of Slimes","floor":13,"turns":7},{"damage":40,"enemies":"Slime Boss","floor":16,"turns":17},{"damage":16,"enemies":"2 Thieves","floor":18,"turns":5},{"damage":1,"enemies":"Chosen","floor":20,"turns":9},{"damage":2,"enemies":"Centurion and Healer","floor":21,"turns":15},{"damage":53,"enemies":"3 Cultists","floor":22,"turns":5}],"seed_played":"-1943702646481487895","potions_obtained":[{"floor":1,"key":"FocusPotion"},{"floor":7,"key":"SpeedPotion"},{"floor":10,"key":"Poison Potion"},{"floor":16,"key":"Energy Potion"},{"floor":19,"key":"EssenceOfSteel"}],"is_trial":false,"path_per_floor":["M","M","?","M","T","R","M","$","T","M","R","?","M","$","R","B",null,"M","?","M","M","M"],"character_chosen":"DEFECT","items_purchased":["Defragment","Reinforced Body","Skim","Blizzard"],"campfire_rested":2,"item_purchase_floors":[8,8,8,8],"current_hp_per_floor":[67,59,59,58,58,58,9,9,9,4,26,44,32,32,53,13,72,56,56,55,53,0],"gold":62,"neow_bonus":"HUNDRED_GOLD","is_prod":false,"is_daily":false,"chose_seed":false,"campfire_upgraded":1,"win_rate":0,"timestamp":1549640028,"path_taken":["M","M","?","M","?","R","M","$","T","M","R","?","?","$","R","BOSS","M","?","?","?","M"],"build_version":"2019-01-23","purchased_purges":1,"victory":false,"max_hp_per_floor":[75,75,75,75,75,75,75,75,75,75,75,75,75,72,72,72,72,72,72,72,72,72],"card_choices":[{"not_picked":["Steam Power","Compile Driver"],"picked":"Coolheaded","floor":1},{"not_picked":["Coolheaded","Darkness"],"picked":"Conserve Battery","floor":2},{"not_picked":["Rebound","Sunder"],"picked":"Capacitor","floor":4},{"not_picked":["Barrage","Double Energy"],"picked":"Coolheaded","floor":7},{"not_picked":["Capacitor","Beam Cell","Turbo"],"picked":"SKIP","floor":10},{"not_picked":["Sweeping Beam","Stack"],"picked":"Coolheaded","floor":13},{"not_picked":["All For One","Multi-Cast"],"picked":"Machine Learning","floor":16},{"not_picked":["Storm+1","Beam Cell"],"picked":"Undo+1","floor":18},{"not_picked":["Static Discharge+1","Hologram","Compile Driver"],"picked":"SKIP","floor":20},{"not_picked":["Streamline","Steam","Fusion+1"],"picked":"SKIP","floor":21}],"player_experience":543462,"relics_obtained":[],"event_choices":[{"damage_healed":0,"gold_gain":0,"player_choice":"Grow","damage_taken":0,"max_hp_gain":0,"max_hp_loss":0,"event_name":"Living Wall","floor":3,"gold_loss":0,"cards_upgraded":["Coolheaded"]},{"damage_healed":18,"gold_gain":0,"player_choice":"Healed and dodged fight","damage_taken":0,"max_hp_gain":0,"max_hp_loss":0,"event_name":"Mushrooms","floor":12,"gold_loss":0,"cards_obtained":["Parasite"]},{"damage_healed":0,"gold_gain":0,"player_choice":"Got Potions","damage_taken":0,"max_hp_gain":0,"max_hp_loss":0,"event_name":"Lab","floor":19,"gold_loss":0}],"is_beta":false,"boss_relics":[{"not_picked":["Velvet Choker","Eternal Feather","Cursed Key"]}],"items_purged_floors":[14],"is_endless":false,"potions_floor_spawned":[1,7,10,16,21],"killed_by":"3 Cultists","ascension_level":0}