{"gold_per_floor":[111,124,141,141,141,141,171,171,171,171,202,216,291,21,21,123,123,136,136,316,329,329,329,344,364,414,3,17,27,38,54,54,151,151,170,130,149,161,176,176,193,40,40,50,64,64,81,100,100,100],"floor_reached":50,"playtime":3506,"items_purged":[],"score":764,"play_id":"59686a4e-24e2-4efc-9497-6342fa1af302","local_time":"20190117143927","is_ascension_mode":true,"campfire_choices":[{"data":"Zap","floor":6,"key":"SMITH"},{"data":"Reinforced Body","floor":8,"key":"SMITH"},{"data":"Dualcast","floor":10,"key":"SMITH"},{"data":"Scrape","floor":15,"key":"SMITH"},{"data":"Reprogram","floor":23,"key":"SMITH"},{"floor":32,"key":"REST"},{"floor":40,"key":"REST"},{"floor":46,"key":"REST"},{"floor":49,"key":"REST"}],"neow_cost":"NONE","seed_source_timestamp":1974632451754776,"circlet_count":0,"master_deck":["AscendersBane","Strike_B+1","Strike_B+1","Strike_B","Strike_B+1","Defend_B","Defend_B","Defend_B+1","Defend_B","Zap+1","Dualcast+1","Doom and Gloom","Reinforced Body+1","Scrape+1","Reinforced Body","Compile Driver","Hologram","Ball Lightning+1","All For One","Injury","Parasite","Injury","Chaos+1","Reprogram+1","Barrage+1","Barrage","Reinforced Body+1","Self Repair","Turbo","Ball Lightning","Redo","Beam Cell+1","Stack","Rip and Tear","Thunder Strike+1","Compile Driver","Leap","Stack","Steam+1","Beam Cell","Conserve Battery","Compile Driver+1","Reboot","Aggregate","Sweeping Beam"],"special_seed":0,"relics":["Cracked Core","Bronze Scales","Shuriken","Whetstone","Du-Vu Doll","Pantograph","Calling Bell","Omamori","Mercury Hourglass","Unceasing Top","MutagenicStrength","Anchor","DollysMirror","Inserter","Bottled Lightning"],"potions_floor_usage":[7,21,25,25,28,29,33,33,39,39,47,47,50],"damage_taken":[{"damage":1,"enemies":"Cultist","floor":1,"turns":3},{"damage":2,"enemies":"2 Louse","floor":2,"turns":3},{"damage":13,"enemies":"Small Slimes","floor":3,"turns":2},{"damage":20,"enemies":"Gremlin Nob","floor":7,"turns":4},{"damage":9,"enemies":"3 Sentries","floor":11,"turns":4},{"damage":1,"enemies":"Looter","floor":12,"turns":3},{"damage":6,"enemies":"Hexaghost","floor":16,"turns":8},{"damage":3,"enemies":"Spheric Guardian","floor":18,"turns":3},{"damage":0,"enemies":"3 Byrds","floor":21,"turns":1},{"damage":32,"enemies":"Centurion and Healer","floor":24,"turns":6},{"damage":0,"enemies":"Snake Plant","floor":25,"turns":2},{"damage":3,"enemies":"Shelled Parasite and Fungi","floor":28,"turns":4},{"damage":12,"enemies":"Centurion and Healer","floor":29,"turns":4},{"damage":9,"enemies":"Snake Plant","floor":30,"turns":4},{"damage":2,"enemies":"Chosen and Byrds","floor":31,"turns":5},{"damage":50,"enemies":"Automaton","floor":33,"turns":9},{"damage":10,"enemies":"3 Shapes","floor":35,"turns":5},{"damage":4,"enemies":"Orb Walker","floor":37,"turns":3},{"damage":10,"enemies":"4 Shapes","floor":38,"turns":8},{"damage":49,"enemies":"Writhing Mass","floor":39,"turns":5},{"damage":0,"enemies":"Transient","floor":41,"turns":5},{"damage":24,"enemies":"Maw","floor":44,"turns":5},{"damage":2,"enemies":"Sphere and 2 Shapes","floor":45,"turns":4},{"damage":11,"enemies":"4 Shapes","floor":47,"turns":4},{"damage":0,"enemies":"3 Darklings","floor":48,"turns":3},{"damage":80,"enemies":"Awakened One","floor":50,"turns":10}],"seed_played":"458801124403969316","potions_obtained":[{"floor":1,"key":"FairyPotion"},{"floor":2,"key":"LiquidBronze"},{"floor":3,"key":"Weak Potion"},{"floor":11,"key":"FearPotion"},{"floor":24,"key":"SpeedPotion"},{"floor":28,"key":"EssenceOfSteel"},{"floor":30,"key":"Poison Potion"},{"floor":31,"key":"LiquidBronze"},{"floor":33,"key":"SkillPotion"},{"floor":35,"key":"EssenceOfSteel"},{"floor":44,"key":"Block Potion"},{"floor":47,"key":"Energy Potion"}],"is_trial":false,"path_per_floor":["M","M","M","?","?","R","E","R","T","R","E","M","?","$","R","B",null,"M","?","?","M","?","R","M","M","T","$","M","M","M","M","R","B",null,"M","?","M","M","M","R","M","$","T","M","M","R","M","M","R","B"],"character_chosen":"DEFECT","items_purchased":["Pantograph","Ball Lightning","DollysMirror","Self Repair","Regen Potion","Turbo","Ball Lightning","Beam Cell","Conserve Battery","Fire Potion"],"campfire_rested":4,"item_purchase_floors":[14,14,27,27,27,27,27,42,42,42],"current_hp_per_floor":[67,65,52,37,62,62,42,42,42,42,33,32,21,21,21,40,66,63,63,42,42,42,42,10,10,10,10,26,14,12,17,39,14,60,50,50,53,50,8,30,37,37,37,13,18,40,29,29,51,0],"gold":100,"neow_bonus":"RANDOM_COMMON_RELIC","is_prod":false,"is_daily":false,"chose_seed":false,"campfire_upgraded":5,"win_rate":0,"timestamp":1547735967,"path_taken":["M","M","?","?","?","R","E","R","T","R","E","M","?","$","R","BOSS","M","?","?","?","?","R","M","M","T","$","M","M","M","M","R","BOSS","M","?","?","M","M","R","M","$","T","M","M","R","M","M","R","BOSS"],"build_version":"2019-01-10","purchased_purges":0,"victory":false,"max_hp_per_floor":[75,75,75,75,75,75,75,75,75,75,75,75,75,75,75,75,75,75,75,75,75,75,75,75,75,75,75,75,75,75,75,75,75,75,75,75,75,75,75,75,75,75,75,75,75,75,75,75,75,75],"card_choices":[{"not_picked":["Self Repair","Rip and Tear"],"picked":"Doom and Gloom","floor":1},{"not_picked":["Turbo","Stack"],"picked":"Reinforced Body","floor":2},{"not_picked":["Reprogram","Tempest"],"picked":"Scrape","floor":3},{"not_picked":["Turbo","Doom and Gloom"],"picked":"Reinforced Body","floor":7},{"not_picked":["Darkness","Skim"],"picked":"Compile Driver","floor":11},{"not_picked":["Reprogram","Machine Learning"],"picked":"Hologram","floor":12},{"not_picked":["Electrodynamics","Buffer"],"picked":"All For One","floor":16},{"not_picked":["Static Discharge","Capacitor"],"picked":"Chaos+1","floor":18},{"not_picked":["Force Field+1","Streamline"],"picked":"Reprogram","floor":21},{"not_picked":["Force Field","Streamline+1"],"picked":"Barrage+1","floor":24},{"not_picked":["Amplify","Static Discharge"],"picked":"Barrage","floor":25},{"not_picked":["Hologram","Heatsinks"],"picked":"Redo","floor":28},{"not_picked":["Rebound","Ball Lightning"],"picked":"Beam Cell+1","floor":29},{"not_picked":["Streamline","Cold Snap"],"picked":"Stack","floor":30},{"not_picked":["Doom and Gloom","Hyperbeam"],"picked":"Rip and Tear","floor":31},{"not_picked":["Multi-Cast","Meteor Strike"],"picked":"Thunder Strike","floor":33},{"not_picked":["Cold Snap","Gash"],"picked":"Compile Driver","floor":35},{"not_picked":["White Noise","Coolheaded"],"picked":"Leap","floor":37},{"not_picked":["Compile Driver","Auto Shields"],"picked":"Stack","floor":38},{"not_picked":["Redo","Compile Driver"],"picked":"Steam+1","floor":39},{"not_picked":["Cold Snap","Skim+1","Rebound"],"picked":"SKIP","floor":41},{"not_picked":["Blizzard+1","Cold Snap"],"picked":"Compile Driver+1","floor":44},{"not_picked":["Gash","Blizzard"],"picked":"Reboot","floor":45},{"not_picked":["Compile Driver","Hello World"],"picked":"Aggregate","floor":47},{"not_picked":["Coolheaded","Hologram"],"picked":"Sweeping Beam","floor":48}],"player_experience":380465,"relics_obtained":[{"floor":7,"key":"Shuriken"},{"floor":9,"key":"Whetstone"},{"floor":11,"key":"Du-Vu Doll"},{"floor":17,"key":"Omamori"},{"floor":17,"key":"Mercury Hourglass"},{"floor":17,"key":"Unceasing Top"},{"floor":26,"key":"Anchor"},{"floor":43,"key":"Bottled Lightning"}],"event_choices":[{"damage_healed":0,"gold_gain":0,"player_choice":"Entered Light","damage_taken":15,"max_hp_gain":0,"max_hp_loss":0,"event_name":"Shining Light","floor":4,"gold_loss":0,"cards_upgraded":["Defend_B","Strike_B"]},{"damage_healed":25,"gold_gain":0,"player_choice":"Banana","damage_taken":0,"max_hp_gain":0,"max_hp_loss":0,"event_name":"Big Fish","floor":5,"gold_loss":0},{"damage_healed":0,"gold_gain":75,"player_choice":"Gather Gold","damage_taken":11,"max_hp_gain":0,"max_hp_loss":0,"event_name":"World of Goop","floor":13,"gold_loss":0},{"damage_healed":0,"gold_gain":0,"player_choice":"Inject Mutagens","damage_taken":0,"relics_obtained":["MutagenicStrength"],"max_hp_gain":0,"max_hp_loss":0,"event_name":"Drug Dealer","floor":19,"gold_loss":0},{"damage_healed":0,"gold_gain":180,"player_choice":"GOLD GOLD ","damage_taken":21,"max_hp_gain":0,"max_hp_loss":0,"event_name":"Knowing Skull","floor":20,"potions_obtained":[],"gold_loss":0,"cards_obtained":[]},{"damage_healed":0,"gold_gain":0,"player_choice":"Smashed Altar","damage_taken":0,"max_hp_gain":0,"max_hp_loss":0,"event_name":"Forgotten Altar","floor":22,"gold_loss":0,"cards_obtained":["Decay"]},{"damage_healed":0,"gold_gain":0,"player_choice":"Upgraded Two","damage_taken":0,"max_hp_gain":0,"max_hp_loss":0,"event_name":"Designer","floor":36,"gold_loss":40,"cards_upgraded":["Thunder Strike","Ball Lightning"]}],"is_beta":false,"boss_relics":[{"not_picked":["Tiny House","Fusion Hammer"],"picked":"Calling Bell"},{"not_picked":["Pandora\u0027s Box","FrozenCore"],"picked":"Inserter"}],"items_purged_floors":[],"is_endless":false,"potions_floor_spawned":[1,2,3,11,24,28,30,31,33,35,44,45,47],"killed_by":"Awakened One","ascension_level":12}