{"path_per_floor":["M","M","?","M","M","R","$","E","T","R","E","T","?","M","R","B",null,"M","?","?","M","M","E","R","E","T","R","E","M","M","M","R","B",null,"M","M","?","?","M","E","R","E","T","R","?","?","M","M","R"],"character_chosen":"THE_SILENT","items_purchased":[],"gold_per_floor":[99,99,99,99,99,99,99,99,99,99,99,99,99,99,99,99,99,99,24,24,0,0,0,0,0,0,0,0,0,0,0,0,0,0,0,0,0,0,0,0,0,0,0,0,0,0,0,0,0],"floor_reached":50,"campfire_rested":6,"playtime":3405,"current_hp_per_floor":[62,62,70,67,61,61,61,61,61,61,28,28,28,28,49,41,63,63,63,63,65,61,39,60,43,53,77,64,57,34,34,59,27,71,68,68,68,60,62,52,52,16,18,47,47,47,49,39,69],"items_purged":[],"gold":0,"score":843,"play_id":"06c2ca78-891b-4549-acf8-1eb07cc7906c","local_time":"20180305161239","is_prod":false,"is_daily":false,"is_ascension_mode":true,"campfire_upgraded":3,"timestamp":1520266359,"path_taken":["M","M","?","?","M","R","$","E","T","R","E","?","?","M","R","BOSS","M","?","?","M","M","E","R","E","T","R","E","?","M","M","R","BOSS","M","M","?","?","?","E","R","E","T","R","?","?","?","M","R","BOSS"],"build_version":"2018-03-01-PROD1","purchased_purges":0,"victory":false,"master_deck":["Defend_G","Defend_G","Defend_G","Defend_G","Strike_G","Strike_G","Strike_G","Strike_G+1","Survivor","Neutralize+1","Cloak And Dagger","Escape Plan","Well Laid Plans","Dagger Spray+1","Deadly Poison","Footwork","Choke","Backflip","A Thousand Cuts+1","PiercingWail+1","Flying Knee+1","Tools of the Trade+1","Masterful Stab+1","Cloak And Dagger+1","Envenom+1","Catalyst+1","Cloak And Dagger+1","Phantasmal Killer+1","Acrobatics","Terror+1","Infinite Blades+1","Infinite Blades+1","Escape Plan+1","Escape Plan+1","Quick Slash+1"],"max_hp_per_floor":[70,70,70,70,70,70,70,70,70,70,70,70,70,70,70,70,70,70,70,70,72,72,72,72,72,82,82,82,82,84,86,86,86,86,86,86,86,86,88,88,88,88,90,92,92,92,92,94,96],"relics":["Ectoplasm","Singing Bowl","Anchor","Lantern","Frozen Egg 2","Black Star","Ninja Scroll","Prayer Wheel","Vajra","Bottled Lightning","Blue Candle","Pear","Dream Catcher","Tiny Chest","Sozu","Calipers","Whetstone","Oddly Smooth Stone","Blood Vial","Bag of Marbles","Omamori","Red Mask"],"card_choices":[{"not_picked":["Masterful Stab","Deadly Poison"],"picked":"Cloak And Dagger"},{"not_picked":["Deadly Poison","Bouncing Flask"],"picked":"Escape Plan"},{"not_picked":["Caltrops","Dagger Throw"],"picked":"Well Laid Plans"},{"not_picked":["All Out Attack","Deflect"],"picked":"Dagger Spray"},{"not_picked":["Distraction","Prepared"],"picked":"Deadly Poison"},{"not_picked":["Crippling Poison","Deflect"],"picked":"Footwork"},{"not_picked":["Dash","Poisoned Stab"],"picked":"Backflip"},{"not_picked":["Tools of the Trade","Bullet Time"],"picked":"A Thousand Cuts"},{"not_picked":["Quick Slash","Underhanded Strike"],"picked":"PiercingWail"},{"not_picked":["Backstab","Crippling Poison"],"picked":"Flying Knee"},{"not_picked":["Poisoned Stab","Well Laid Plans"],"picked":"Tools of the Trade"},{"not_picked":["Catalyst","Finisher"],"picked":"Masterful Stab"},{"not_picked":["Poisoned Stab","Dagger Throw"],"picked":"Cloak And Dagger"},{"not_picked":["Endless Agony","Well Laid Plans"],"picked":"Envenom"},{"not_picked":["Sucker Punch","Outmaneuver"],"picked":"Catalyst"},{"not_picked":["Slice","Expertise"],"picked":"Cloak And Dagger"},{"not_picked":["Die Die Die","Bullet Time"],"picked":"Phantasmal Killer"},{"not_picked":["Noxious Fumes","Leg Sweep"],"picked":"Acrobatics"},{"not_picked":["Reflex","Cloak And Dagger"],"picked":"Terror"},{"not_picked":["Concentrate","Catalyst"],"picked":"Infinite Blades"},{"not_picked":["Poisoned Stab","Deadly Poison"],"picked":"Infinite Blades"},{"not_picked":["Dagger Throw","Caltrops"],"picked":"Escape Plan"},{"not_picked":["Deflect","Poisoned Stab"],"picked":"Quick Slash"}],"player_experience":198633,"potions_floor_usage":[8,16,16,16,22,23,33,33,33,42],"damage_taken":[{"damage":1,"enemies":"Jaw Worm","floor":1,"turns":4},{"damage":0,"enemies":"Cultist","floor":2,"turns":4},{"damage":3,"enemies":"Small Slimes","floor":4,"turns":5},{"damage":6,"enemies":"Exordium Thugs","floor":5,"turns":8},{"damage":0,"enemies":"3 Sentries","floor":8,"turns":6},{"damage":33,"enemies":"Gremlin Nob","floor":11,"turns":5},{"damage":0,"enemies":"2 Fungi Beasts","floor":14,"turns":2},{"damage":8,"enemies":"Slime Boss","floor":16,"turns":10},{"damage":0,"enemies":"3 Byrds","floor":18,"turns":4},{"damage":0,"enemies":"2 Thieves","floor":21,"turns":3},{"damage":4,"enemies":"Centurion and Healer","floor":22,"turns":6},{"damage":22,"enemies":"Slavers","floor":23,"turns":6},{"damage":17,"enemies":"Book of Stabbing","floor":25,"turns":8},{"damage":13,"enemies":"Slavers","floor":28,"turns":4},{"damage":7,"enemies":"3 Cultists","floor":29,"turns":4},{"damage":25,"enemies":"Slaver and Parasite","floor":30,"turns":7},{"damage":2,"enemies":"Centurion and Healer","floor":31,"turns":6},{"damage":32,"enemies":"Collector","floor":33,"turns":7},{"damage":3,"enemies":"3 Darklings","floor":35,"turns":3},{"damage":0,"enemies":"3 Shapes","floor":36,"turns":3},{"damage":8,"enemies":"Mysterious Sphere","floor":38,"turns":3},{"damage":0,"enemies":"Sphere and 2 Shapes","floor":39,"turns":3},{"damage":10,"enemies":"Nemesis","floor":40,"turns":3},{"damage":42,"enemies":"Giant Head","floor":42,"turns":7},{"damage":0,"enemies":"Maw","floor":47,"turns":5},{"damage":14,"enemies":"4 Shapes","floor":48,"turns":4},{"damage":72,"enemies":"Donu and Deca","floor":50,"turns":7}],"event_choices":[{"event_name":"Wheel of Change","player_choice":"Full Heal","floor":3,"damage_taken":0},{"event_name":"Match and Keep!","player_choice":"1 cards matched","floor":13,"damage_taken":0},{"event_name":"Beggar","player_choice":"Gave Gold","floor":19,"damage_taken":0},{"event_name":"The Mausoleum","player_choice":"Yes","floor":20,"damage_taken":0},{"event_name":"Mysterious Sphere","player_choice":"Fight","floor":38,"damage_taken":0},{"event_name":"Duplicator","player_choice":"One dupe","floor":45,"damage_taken":0},{"event_name":"Tomb of Lord Red Mask","player_choice":"Paid","floor":46,"damage_taken":0}],"boss_relics":[{"not_picked":["The Specimen","Calling Bell"],"picked":"Black Star"},{"not_picked":["Runic Pyramid","Astrolabe"],"picked":"Sozu"}],"potions_floor_spawned":[1,4,11,14,16,18,21,29,30,33,39,42,47],"seed_played":"-7202330195497971498","killed_by":"Donu and Deca","ascension_level":9,"is_trial":false}