{"path_per_floor":["M","?","?","$","?","R","M","M","T","E","M","E","?","?","R","B",null,"M","?","M","?","M","R","?","M","T"],"character_chosen":"IRONCLAD","items_purchased":[],"gold_per_floor":[111,111,111,36,1,1,18,35,35,67,86,116,116,116,116,221,221,231,231,241,241,261,261,161,172,172],"floor_reached":27,"campfire_rested":0,"playtime":1986,"current_hp_per_floor":[80,80,64,64,80,80,80,80,80,71,77,53,53,79,79,29,80,80,80,57,57,40,40,40,7,7],"items_purged":["Strike_R"],"gold":172,"score":221,"play_id":"fb22cce1-58b3-42cd-a798-fe323567f5b0","is_prod":false,"is_daily":false,"is_ascension_mode":false,"campfire_upgraded":1,"path_taken":["M","?","?","$","?","R","M","M","T","E","?","E","?","?","R","BOSS","M","?","M","?","M","R","?","M","T","?"],"build_version":"2018-02-12-PROD1","purchased_purges":1,"victory":false,"master_deck":["Strike_R","Strike_R","Strike_R+1","Defend_R","Defend_R+1","Defend_R","Bash","Armaments+1","Battle Trance","Impervious","Disarm","Fiend Fire","Dark Embrace","True Grit","Warcry","J.A.X.","Wild Strike"],"max_hp_per_floor":[80,80,80,80,80,80,80,80,80,80,80,80,80,80,80,80,80,80,80,80,80,80,80,80,80,80],"relics":["Burning Blood","Bag of Marbles","Shovel","Prayer Wheel","Oddly Smooth Stone","Regal Pillow","Sozu","Anchor","Letter Opener"],"card_choices":[{"not_picked":["Headbutt","Fire Breathing"],"picked":"Armaments"},{"not_picked":["Spot Weakness","Dual Wield"],"picked":"Battle Trance"},{"not_picked":["Headbutt","Power Through"],"picked":"Impervious"},{"not_picked":["Rupture","Power Through"],"picked":"Disarm"},{"not_picked":["Fiend Fire","Limit Break"],"picked":"Dark Embrace"},{"not_picked":["Battle Trance","Perfected Strike"],"picked":"Warcry"},{"not_picked":["Limit Break","Armaments"],"picked":"Wild Strike"}],"player_experience":60661,"potions_floor_usage":[10,16],"damage_taken":[{"damage":6,"enemies":"Jaw Worm","floor":1,"turns":3},{"damage":1,"enemies":"Cultist","floor":7,"turns":3},{"damage":3,"enemies":"Small Slimes","floor":8,"turns":3},{"damage":15,"enemies":"Lagavulin","floor":10,"turns":5},{"damage":0,"enemies":"2 Fungi Beasts","floor":11,"turns":3},{"damage":30,"enemies":"Gremlin Nob","floor":12,"turns":4},{"damage":56,"enemies":"Slime Boss","floor":16,"turns":15},{"damage":4,"enemies":"3 Byrds","floor":18,"turns":9},{"damage":29,"enemies":"Chosen","floor":20,"turns":6},{"damage":23,"enemies":"3 Cultists","floor":22,"turns":8},{"damage":39,"enemies":"Chosen and Byrds","floor":25,"turns":7},{"damage":12,"enemies":"Cultist and Chosen","floor":27,"turns":4}],"event_choices":[{"event_name":"The Woman in Blue","player_choice":"Bought 0 Potions","floor":2,"damage_taken":0},{"event_name":"Shining Light","player_choice":"Entered Light","floor":3,"damage_taken":0},{"event_name":"The Cleric","player_choice":"Healed","floor":5,"damage_taken":0},{"event_name":"Living Wall","player_choice":"Change","floor":13,"damage_taken":0},{"event_name":"Big Fish","player_choice":"Banana","floor":14,"damage_taken":0},{"event_name":"The Library","player_choice":"Read","floor":19,"damage_taken":0},{"event_name":"Back to Basics","player_choice":"Elegance","floor":21,"damage_taken":0},{"event_name":"Drug Dealer","player_choice":"Got JAXXED","floor":24,"damage_taken":0}],"boss_relics":[{"not_picked":["White Beast Statue","Mark of Pain"],"picked":"Sozu"}],"potions_floor_spawned":[1,8,10,18,22,25],"seed_played":"4587078903887277958","killed_by":"Cultist and Chosen","ascension_level":0,"is_trial":false}