{"gold_per_floor":[110,285,303,303,321,321,350,9,34,47,47,57,57,73,73,192,192,217,186,199,199,217,217,247,263,263,273,188,188],"floor_reached":29,"playtime":1688,"items_purged":[],"score":323,"play_id":"8a22cf0d-848f-4365-b91f-aaa0458243b2","local_time":"20190112205439","is_ascension_mode":true,"campfire_choices":[{"data":"Footwork","floor":6,"key":"SMITH"},{"floor":11,"key":"REST"},{"data":"Dash","floor":15,"key":"SMITH"},{"data":"Night Terror","floor":23,"key":"SMITH"}],"neow_cost":"NONE","seed_source_timestamp":1567084093539850,"circlet_count":0,"master_deck":["Defend_G","Defend_G","Defend_G","Defend_G","Defend_G","Strike_G","Strike_G","Strike_G","Strike_G","Strike_G","Survivor","Neutralize","Footwork+1","Backflip","Backflip","Dash+1","Noxious Fumes","Slice","Dodge and Roll","Night Terror+1","PiercingWail","Leg Sweep","Acrobatics","Dash","Dodge and Roll+1"],"relics":["White Beast Statue","Spirit Poop","MawBank","Toy Ornithopter","Bag of Preparation","Juzu Bracelet","Bloody Idol","Busted Crown","Bottled Lightning","Matryoshka","Molten Egg 2"],"potions_floor_usage":[5,5,7,14,18,19,19,20,27,29,29],"damage_taken":[{"damage":0,"enemies":"2 Louse","floor":1,"turns":3},{"damage":4,"enemies":"Cultist","floor":3,"turns":6},{"damage":0,"enemies":"Small Slimes","floor":5,"turns":1},{"damage":36,"enemies":"Gremlin Nob","floor":7,"turns":6},{"damage":0,"enemies":"2 Fungi Beasts","floor":10,"turns":5},{"damage":0,"enemies":"Blue Slaver","floor":12,"turns":6},{"damage":2,"enemies":"Lots of Slimes","floor":14,"turns":6},{"damage":27,"enemies":"Slime Boss","floor":16,"turns":17},{"damage":3,"enemies":"Shell Parasite","floor":18,"turns":9},{"damage":0,"enemies":"2 Thieves","floor":19,"turns":5},{"damage":24,"enemies":"Centurion and Healer","floor":20,"turns":10},{"damage":1,"enemies":"Snecko","floor":22,"turns":5},{"damage":29,"enemies":"Slavers","floor":24,"turns":11},{"damage":5,"enemies":"Snake Plant","floor":25,"turns":8},{"damage":21,"enemies":"3 Cultists","floor":27,"turns":8},{"damage":31,"enemies":"Gremlin Leader","floor":29,"turns":12}],"seed_played":"4971936455989492440","potions_obtained":[{"floor":1,"key":"Explosive Potion"},{"floor":3,"key":"Fire Potion"},{"floor":5,"key":"Fire Potion"},{"floor":7,"key":"PowerPotion"},{"floor":10,"key":"Swift Potion"},{"floor":12,"key":"Dexterity Potion"},{"floor":14,"key":"Poison Potion"},{"floor":16,"key":"AttackPotion"},{"floor":18,"key":"Ancient Potion"},{"floor":19,"key":"Fire Potion"},{"floor":20,"key":"SteroidPotion"},{"floor":22,"key":"GhostInAJar"},{"floor":24,"key":"Swift Potion"},{"floor":27,"key":"Energy Potion"}],"is_trial":false,"path_per_floor":["M","?","M","?","M","R","E","$","T","M","R","M","?","M","R","B",null,"M","M","M","?","M","R","E","M","T","M","?","E"],"character_chosen":"THE_SILENT","items_purchased":["Toy Ornithopter","Bag of Preparation"],"campfire_rested":1,"item_purchase_floors":[8,8],"current_hp_per_floor":[63,63,59,59,59,59,23,23,23,23,44,44,44,47,47,20,54,56,65,46,46,50,50,26,26,26,15,15,0],"gold":188,"neow_bonus":"BOSS_RELIC","is_prod":false,"is_daily":false,"chose_seed":false,"campfire_upgraded":3,"win_rate":0,"timestamp":1547326479,"path_taken":["M","?","M","?","?","R","E","$","T","M","R","M","?","M","R","BOSS","M","M","M","?","M","R","E","M","T","M","?","E"],"build_version":"2019-01-10","purchased_purges":0,"victory":false,"max_hp_per_floor":[70,70,70,70,70,70,70,70,70,70,70,70,65,65,65,65,65,65,65,65,65,65,65,65,65,65,65,65,65],"card_choices":[{"not_picked":["Acrobatics","Backflip"],"picked":"Footwork","floor":1},{"not_picked":["Skewer","Outmaneuver"],"picked":"Backflip","floor":3},{"not_picked":["Caltrops","Crippling Poison"],"picked":"Backflip","floor":5},{"not_picked":["Escape Plan","Cloak And Dagger"],"picked":"Dash","floor":7},{"not_picked":["Well Laid Plans","Blade Dance"],"picked":"Noxious Fumes","floor":10},{"not_picked":["Quick Slash","PiercingWail"],"picked":"Slice","floor":12},{"not_picked":["Dagger Throw","Poisoned Stab"],"picked":"Dodge and Roll","floor":14},{"not_picked":["Unload","Adrenaline"],"picked":"Night Terror","floor":16},{"not_picked":["Endless Agony"],"picked":"SKIP","floor":18},{"not_picked":[],"picked":"PiercingWail","floor":19},{"not_picked":["Deadly Poison"],"picked":"SKIP","floor":20},{"not_picked":[],"picked":"Leg Sweep","floor":22},{"not_picked":[],"picked":"Acrobatics","floor":24},{"not_picked":[],"picked":"Dash","floor":25},{"not_picked":[],"picked":"Dodge and Roll+1","floor":27}],"player_experience":226080,"relics_obtained":[{"floor":7,"key":"MawBank"},{"floor":9,"key":"Juzu Bracelet"},{"floor":24,"key":"Bottled Lightning"},{"floor":26,"key":"Matryoshka"}],"event_choices":[{"damage_healed":0,"gold_gain":175,"player_choice":"AGREE","damage_taken":0,"max_hp_gain":0,"max_hp_loss":0,"event_name":"Liars Game","floor":2,"gold_loss":0,"cards_obtained":["Doubt"]},{"cards_removed":["Doubt"],"damage_healed":0,"gold_gain":0,"player_choice":"Offered Curse","damage_taken":0,"relics_obtained":["Spirit Poop"],"max_hp_gain":0,"max_hp_loss":0,"event_name":"Bonfire Elementals","floor":4,"gold_loss":0},{"damage_healed":0,"gold_gain":0,"player_choice":"Lose Max HP","damage_taken":0,"relics_obtained":["Golden Idol"],"max_hp_gain":0,"max_hp_loss":5,"event_name":"Golden Idol","floor":13,"gold_loss":0},{"damage_healed":0,"gold_gain":0,"player_choice":"Gave Idol","damage_taken":0,"relics_obtained":["Bloody Idol"],"max_hp_gain":0,"max_hp_loss":0,"event_name":"Forgotten Altar","floor":21,"relics_lost":["Golden Idol"],"gold_loss":0},{"damage_healed":0,"gold_gain":0,"player_choice":"Obtained Relic","damage_taken":0,"relics_obtained":["Molten Egg 2"],"max_hp_gain":0,"max_hp_loss":0,"event_name":"Addict","floor":28,"gold_loss":85}],"is_beta":false,"boss_relics":[{"not_picked":["Coffee Dripper","Orrery"],"picked":"Busted Crown"}],"items_purged_floors":[],"is_endless":false,"potions_floor_spawned":[1,3,5,7,10,12,14,16,18,19,20,22,24,25,27],"killed_by":"Gremlin Leader","ascension_level":6}