{"gold_per_floor":[118,129,148,73,87,87,116,116,116,127,29,54,54,54,54,54],"floor_reached":16,"playtime":1381,"items_purged":["Strike_R"],"score":110,"play_id":"abfe0f44-bbd3-48c1-bfeb-2b9251c2f582","local_time":"20190428155316","is_ascension_mode":false,"campfire_choices":[{"data":"Rampage","floor":6,"key":"SMITH"},{"data":"Infernal Blade","floor":13,"key":"SMITH"},{"data":"Flex","floor":15,"key":"SMITH"}],"neow_cost":"TEN_PERCENT_HP_LOSS","seed_source_timestamp":405787772118775,"circlet_count":0,"master_deck":["Strike_R","Strike_R","Defend_R","Defend_R","Defend_R","Bash","Inflame","Flex+1","Bloodletting","Rampage+1","Cleave","Headbutt","Infernal Blade+1","Purity","Burning Pact","Pain"],"relics":["Burning Blood","Vajra","Bag of Marbles","Gremlin Horn","WarpedTongs"],"potions_floor_usage":[3,7],"damage_taken":[{"damage":1,"enemies":"Cultist","floor":1,"turns":3},{"damage":9,"enemies":"2 Louse","floor":2,"turns":3},{"damage":0,"enemies":"Jaw Worm","floor":3,"turns":3},{"damage":13,"enemies":"Looter","floor":5,"turns":3},{"damage":24,"enemies":"3 Sentries","floor":7,"turns":5},{"damage":3,"enemies":"Exordium Thugs","floor":10,"turns":2},{"damage":26,"enemies":"Lagavulin","floor":12,"turns":6},{"damage":33,"enemies":"Slime Boss","floor":16,"turns":4}],"seed_played":"7101689867747230650","potions_obtained":[{"floor":1,"key":"Block Potion"},{"floor":2,"key":"PowerPotion"}],"is_trial":false,"path_per_floor":["M","M","M","$","M","R","E","?","T","M","$","E","R","?","R","B"],"character_chosen":"IRONCLAD","items_purchased":["Purity"],"campfire_rested":0,"item_purchase_floors":[11],"current_hp_per_floor":[72,69,72,72,65,65,47,40,40,43,43,23,23,23,23,0],"gold":54,"neow_bonus":"TRANSFORM_TWO_CARDS","is_prod":false,"is_daily":false,"chose_seed":false,"campfire_upgraded":3,"win_rate":0,"timestamp":1556437996,"path_taken":["M","M","M","$","?","R","E","?","T","M","?","E","R","?","R","BOSS"],"build_version":"2019-01-23","purchased_purges":1,"victory":false,"max_hp_per_floor":[72,72,72,72,72,72,72,72,72,72,72,72,72,72,72,72],"card_choices":[{"not_picked":["Carnage","Seeing Red"],"picked":"Bloodletting","floor":1},{"not_picked":["Perfected Strike","Armaments"],"picked":"Rampage","floor":2},{"not_picked":["Body Slam","Flex"],"picked":"Cleave","floor":3},{"not_picked":["Second Wind","Armaments"],"picked":"Headbutt","floor":5},{"not_picked":["Clash","Shrug It Off"],"picked":"Infernal Blade","floor":7},{"not_picked":["Uppercut","Metallicize","Anger"],"picked":"SKIP","floor":10},{"not_picked":["Hemokinesis","Armaments"],"picked":"Burning Pact","floor":12}],"player_experience":279605,"relics_obtained":[{"floor":7,"key":"Vajra"},{"floor":9,"key":"Bag of Marbles"},{"floor":12,"key":"Gremlin Horn"}],"event_choices":[{"cards_removed":["Strike_R"],"damage_healed":0,"gold_gain":0,"player_choice":"Card Removal","damage_taken":7,"max_hp_gain":0,"max_hp_loss":0,"event_name":"Golden Wing","floor":8,"gold_loss":0},{"damage_healed":0,"gold_gain":0,"player_choice":"Rummage","damage_taken":0,"relics_obtained":["WarpedTongs"],"max_hp_gain":0,"max_hp_loss":0,"event_name":"Accursed Blacksmith","floor":14,"gold_loss":0,"cards_obtained":["Pain"]}],"is_beta":false,"boss_relics":[],"items_purged_floors":[4],"is_endless":false,"potions_floor_spawned":[1,2],"killed_by":"Slime Boss","ascension_level":0}