{"gold_per_floor":[116,41,41,41,41,41,41,55,82,82,95,95,95,108,108,108],"floor_reached":16,"playtime":421,"items_purged":[],"score":167,"play_id":"44bf10db-2757-41b0-99f7-2535bd508000","local_time":"20180911150528","is_ascension_mode":true,"campfire_choices":[{"floor":6,"key":"REST"},{"data":"Bash","floor":10,"key":"SMITH"},{"floor":13,"key":"REST"},{"data":"Body Slam","floor":15,"key":"SMITH"}],"neow_cost":"NONE","seed_source_timestamp":2335379467980319,"circlet_count":0,"master_deck":["Strike_R","Strike_R","Strike_R","Strike_R","Defend_R+1","Defend_R","Defend_R+1","Bash+1","AscendersBane","Body Slam+1"],"relics":["Burning Blood","Meat on the Bone","Golden Idol","War Paint","Ancient Tea Set"],"potions_floor_usage":[16],"damage_taken":[{"damage":21,"enemies":"Jaw Worm","floor":1,"turns":5},{"damage":0,"enemies":"2 Louse","floor":8,"turns":3},{"damage":6,"enemies":"Cultist","floor":11,"turns":4},{"damage":1,"enemies":"2 Fungi Beasts","floor":14,"turns":4},{"damage":93,"enemies":"The Guardian","floor":16,"turns":12}],"seed_played":"3017902654694862728","potions_obtained":[{"floor":14,"key":"Regen Potion"}],"is_trial":false,"path_per_floor":["M","?","?","$","?","R","?","M","T","R","M","?","R","M","R"],"character_chosen":"IRONCLAD","items_purchased":[],"campfire_rested":2,"item_purchase_floors":[],"current_hp_per_floor":[60,60,42,42,14,38,38,56,56,56,56,49,73,78,78,0],"gold":108,"neow_bonus":"TEN_PERCENT_HP_BONUS","is_prod":false,"is_daily":false,"chose_seed":false,"campfire_upgraded":2,"win_rate":0,"timestamp":1536674728,"path_taken":["M","?","?","$","?","R","?","M","T","R","M","?","R","M","R","BOSS"],"build_version":"2018-09-06","purchased_purges":0,"victory":false,"max_hp_per_floor":[82,82,82,82,82,82,82,82,82,82,82,82,82,82,82,82],"card_choices":[{"not_picked":["Clothesline","Burning Pact"],"picked":"Hemokinesis","floor":1},{"not_picked":["Headbutt","Clash","Sever Soul"],"picked":"SKIP","floor":8},{"not_picked":["Pommel Strike","Wild Strike","Twin Strike"],"picked":"SKIP","floor":11},{"not_picked":["Thunderclap","Flex"],"picked":"Body Slam","floor":14}],"player_experience":341253,"relics_obtained":[{"floor":9,"key":"Ancient Tea Set"}],"event_choices":[{"event_name":"The Cleric","player_choice":"Card Removal","floor":2,"damage_taken":0},{"event_name":"Scrap Ooze","player_choice":"success","floor":3,"damage_taken":18},{"event_name":"Golden Idol","player_choice":"Take Damage","floor":5,"damage_taken":0},{"event_name":"WeMeetAgain","player_choice":"Card","floor":7,"damage_taken":0},{"event_name":"Golden Wing","player_choice":"Card Removal","floor":12,"damage_taken":0}],"is_beta":false,"boss_relics":[],"items_purged_floors":[],"is_endless":false,"potions_floor_spawned":[14],"killed_by":"The Guardian","ascension_level":18}