{"gold_per_floor":[113,130,144,144,121,121,134,234,234,254,273,291,321,333,333,429,429,441,540,540,384,401,401,415,7,32,32,42,42,68,68,68,68],"floor_reached":33,"playtime":1556,"items_purged":["Strike_R"],"score":442,"play_id":"7e5dc9a8-d079-4c16-b0ec-430c51239087","local_time":"20190115210034","is_ascension_mode":true,"campfire_choices":[{"data":"Evolve","floor":6,"key":"SMITH"},{"data":"Fiend Fire","floor":15,"key":"SMITH"},{"floor":23,"key":"REST"},{"floor":29,"key":"REST"},{"floor":32,"key":"REST"}],"neow_cost":"NONE","seed_source_timestamp":1826619033324182,"circlet_count":0,"master_deck":["AscendersBane","Strike_R","Strike_R","Strike_R","Defend_R","Defend_R","Defend_R","Defend_R+1","Bash","Shrug It Off","Evolve+1","Anger","Clash","Wild Strike","Wild Strike","Wild Strike","Fiend Fire+1","Shrug It Off","Fiend Fire","Battle Trance","Warcry+1","Wild Strike","Wild Strike","Evolve","Wild Strike","Wild Strike+1","Fiend Fire"],"special_seed":0,"relics":["Burning Blood","Prayer Wheel","Magic Flower","Lizard Tail","Oddly Smooth Stone","Blood Vial","Anchor","Juzu Bracelet","Bag of Marbles"],"potions_floor_usage":[7,7,20,33],"damage_taken":[{"damage":1,"enemies":"2 Louse","floor":1,"turns":3},{"damage":16,"enemies":"Cultist","floor":2,"turns":4},{"damage":6,"enemies":"Small Slimes","floor":3,"turns":5},{"damage":6,"enemies":"Blue Slaver","floor":7,"turns":3},{"damage":6,"enemies":"Looter","floor":10,"turns":3},{"damage":7,"enemies":"Exordium Wildlife","floor":11,"turns":3},{"damage":5,"enemies":"3 Louse","floor":12,"turns":4},{"damage":24,"enemies":"3 Sentries","floor":13,"turns":8},{"damage":7,"enemies":"Large Slime","floor":14,"turns":5},{"damage":17,"enemies":"Slime Boss","floor":16,"turns":6},{"damage":32,"enemies":"3 Byrds","floor":18,"turns":7},{"damage":28,"enemies":"Colosseum Slavers","floor":20,"turns":4},{"damage":36,"enemies":"2 Thieves","floor":22,"turns":4},{"damage":0,"enemies":"Centurion and Healer","floor":24,"turns":6},{"damage":56,"enemies":"Sentry and Sphere","floor":28,"turns":6},{"damage":73,"enemies":"Book of Stabbing","floor":30,"turns":6},{"damage":72,"enemies":"Champ","floor":33,"turns":9}],"seed_played":"-6754061892407106877","potions_obtained":[{"floor":3,"key":"EntropicBrew"},{"floor":7,"key":"FairyPotion"},{"floor":11,"key":"Block Potion"},{"floor":14,"key":"SteroidPotion"},{"floor":22,"key":"Ancient Potion"},{"floor":24,"key":"Strength Potion"}],"is_trial":false,"path_per_floor":["M","M","M","?","$","R","M","?","T","M","M","M","E","M","R","B",null,"M","?","?","$","M","R","M","$","T","?","M","R","E","?","R","B"],"character_chosen":"IRONCLAD","items_purchased":["Clash","Oddly Smooth Stone","Evolve","Blood Vial","Anchor"],"campfire_rested":3,"item_purchase_floors":[5,21,25,25,25],"current_hp_per_floor":[77,67,67,67,67,67,67,67,67,67,66,67,49,51,51,43,71,48,48,29,29,21,45,54,54,54,54,10,34,36,36,60,0],"gold":68,"neow_bonus":"UPGRADE_CARD","is_prod":false,"is_daily":false,"chose_seed":false,"campfire_upgraded":2,"win_rate":0,"timestamp":1547586034,"path_taken":["M","M","M","?","$","R","?","?","T","M","M","?","E","M","R","BOSS","M","?","?","$","M","R","M","$","T","?","M","R","E","?","R","BOSS"],"build_version":"2019-01-10","purchased_purges":1,"victory":false,"max_hp_per_floor":[80,80,80,80,80,80,80,80,80,80,80,80,80,80,80,80,80,80,80,80,80,80,80,80,80,80,80,80,80,80,80,80,80],"card_choices":[{"not_picked":["Wild Strike","Clothesline"],"picked":"Shrug It Off","floor":1},{"not_picked":["Blood for Blood","Perfected Strike"],"picked":"Evolve","floor":2},{"not_picked":["Iron Wave","Pommel Strike"],"picked":"Anger","floor":3},{"not_picked":["Spot Weakness","Havoc","Infernal Blade"],"picked":"SKIP","floor":7},{"not_picked":["Body Slam","Seeing Red"],"picked":"Wild Strike","floor":10},{"not_picked":["Hemokinesis","Warcry","Heavy Blade"],"picked":"SKIP","floor":10},{"not_picked":["Heavy Blade","Sever Soul"],"picked":"Wild Strike","floor":11},{"not_picked":["Brutality","Iron Wave","Heavy Blade"],"picked":"SKIP","floor":11},{"not_picked":["Shockwave","Thunderclap"],"picked":"Wild Strike","floor":12},{"not_picked":["Clash","Sword Boomerang","Armaments"],"picked":"SKIP","floor":12},{"not_picked":["Spot Weakness","Headbutt"],"picked":"Fiend Fire","floor":13},{"not_picked":["Pommel Strike","Pummel"],"picked":"Shrug It Off","floor":14},{"not_picked":["Cleave","Iron Wave","Combust"],"picked":"SKIP","floor":14},{"not_picked":["Exhume","Offering"],"picked":"Fiend Fire","floor":16},{"not_picked":["Whirlwind","Cleave+1"],"picked":"Battle Trance","floor":18},{"not_picked":["Combust","Entrench+1"],"picked":"Warcry+1","floor":18},{"not_picked":["Havoc","Clash"],"picked":"Wild Strike","floor":22},{"not_picked":["Iron Wave","Metallicize","Thunderclap"],"picked":"SKIP","floor":22},{"not_picked":["Dual Wield+1","Clothesline+1"],"picked":"Wild Strike","floor":24},{"not_picked":["Infernal Blade+1","Carnage","True Grit"],"picked":"SKIP","floor":24},{"not_picked":["Corruption","Anger+1"],"picked":"Wild Strike+1","floor":28},{"not_picked":["Metallicize","Armaments","Heavy Blade"],"picked":"SKIP","floor":28},{"not_picked":["Armaments","Headbutt+1"],"picked":"Fiend Fire","floor":30}],"player_experience":341289,"relics_obtained":[{"floor":9,"key":"Prayer Wheel"},{"floor":13,"key":"Magic Flower"},{"floor":26,"key":"Juzu Bracelet"},{"floor":30,"key":"Bag of Marbles"}],"event_choices":[{"cards_removed":["Strike_R"],"damage_healed":0,"gold_gain":0,"player_choice":"Card Removal","damage_taken":0,"max_hp_gain":0,"max_hp_loss":0,"event_name":"Wheel of Change","floor":4,"gold_loss":0},{"damage_healed":0,"gold_gain":100,"player_choice":"Pray","damage_taken":0,"max_hp_gain":0,"max_hp_loss":0,"event_name":"Golden Shrine","floor":8,"gold_loss":0},{"damage_healed":0,"gold_gain":99,"player_choice":"Stole From Cult","damage_taken":0,"max_hp_gain":0,"max_hp_loss":0,"event_name":"Nest","floor":19,"gold_loss":0},{"damage_healed":0,"gold_gain":0,"player_choice":"Fight","damage_taken":0,"max_hp_gain":0,"max_hp_loss":0,"event_name":"Colosseum","floor":20,"gold_loss":0},{"damage_healed":0,"gold_gain":0,"player_choice":"Fled From Nobs","damage_taken":0,"max_hp_gain":0,"max_hp_loss":0,"event_name":"Colosseum","floor":20,"gold_loss":0},{"damage_healed":0,"gold_gain":0,"player_choice":"Read","damage_taken":0,"max_hp_gain":0,"max_hp_loss":0,"event_name":"The Library","floor":27,"gold_loss":0,"cards_obtained":["Wild Strike"]},{"damage_healed":0,"gold_gain":0,"player_choice":"Ignored","damage_taken":0,"max_hp_gain":0,"max_hp_loss":0,"event_name":"Vampires","floor":31,"gold_loss":0}],"is_beta":false,"boss_relics":[{"not_picked":["White Beast Statue","Eternal Feather"],"picked":"Lizard Tail"}],"items_purged_floors":[25],"is_endless":false,"potions_floor_spawned":[3,7,10,11,13,14,22,24],"killed_by":"Champ","ascension_level":11}