{"gold_per_floor":[212,212,137,147,162,162,189,208,286,286,298,333,333,17,17,88,88,100,100,119,119,133,133,163,163,163,163,87,87,115,130,130,209,209,221,221,171,1170,1180,1180,357,387,412,426,444,444,99,113,113,113],"floor_reached":51,"playtime":2194,"items_purged":["Defend_R","Writhe","Defend_R","Normality","Normality"],"score":1466,"play_id":"73ff9013-81e1-42b3-8ea2-1b01f4fcb416","local_time":"20180908205525","is_ascension_mode":true,"campfire_choices":[{"data":"Rupture","floor":6,"key":"SMITH"},{"floor":10,"key":"REST"},{"data":"Combust","floor":13,"key":"SMITH"},{"floor":15,"key":"REST"},{"floor":23,"key":"REST"},{"floor":25,"key":"REST"},{"data":"Seeing Red","floor":27,"key":"SMITH"},{"floor":32,"key":"REST"},{"floor":40,"key":"REST"},{"floor":46,"key":"REST"},{"floor":49,"key":"REST"}],"neow_cost":"NONE","seed_source_timestamp":2095360428057722,"circlet_count":0,"master_deck":["Strike_R","Strike_R","Strike_R","Strike_R","Strike_R","Defend_R","Bash","AscendersBane","Rupture+1","Combust+1","Clash","Rampage","Whirlwind","Metallicize","Flex","Seeing Red+1","Brutality","Thunderclap+1","Heavy Blade+1","Offering","Uppercut+1","Blood for Blood+1"],"relics":["Burning Blood","WarpedTongs","Unceasing Top","Shuriken","Smiling Mask","Ancient Tea Set","Velvet Choker","Bag of Preparation","Boot","Molten Egg 2","Sundial","Self Forming Clay","Runic Cube","Orichalcum","Mango","OrangePellets","Art of War","Vajra","Toolbox"],"potions_floor_usage":[5,12,16,22,24,31,33,50,50],"damage_taken":[{"damage":3,"enemies":"Small Slimes","floor":1,"turns":4},{"damage":1,"enemies":"Cultist","floor":4,"turns":4},{"damage":6,"enemies":"2 Louse","floor":5,"turns":3},{"damage":35,"enemies":"Gremlin Nob","floor":7,"turns":4},{"damage":21,"enemies":"Exordium Thugs","floor":8,"turns":4},{"damage":1,"enemies":"Exordium Wildlife","floor":11,"turns":2},{"damage":19,"enemies":"Lagavulin","floor":12,"turns":6},{"damage":38,"enemies":"The Guardian","floor":16,"turns":8},{"damage":21,"enemies":"2 Thieves","floor":18,"turns":4},{"damage":17,"enemies":"Spheric Guardian","floor":20,"turns":4},{"damage":11,"enemies":"Cultist and Chosen","floor":22,"turns":3},{"damage":7,"enemies":"Slavers","floor":24,"turns":2},{"damage":48,"enemies":"Book of Stabbing","floor":30,"turns":4},{"damage":2,"enemies":"3 Cultists","floor":31,"turns":2},{"damage":24,"enemies":"Collector","floor":33,"turns":6},{"damage":16,"enemies":"3 Darklings","floor":35,"turns":2},{"damage":12,"enemies":"3 Shapes","floor":39,"turns":2},{"damage":38,"enemies":"Giant Head","floor":42,"turns":5},{"damage":31,"enemies":"Spire Growth","floor":44,"turns":4},{"damage":22,"enemies":"Transient","floor":45,"turns":6},{"damage":13,"enemies":"Reptomancer","floor":48,"turns":3},{"damage":52,"enemies":"Time Eater","floor":50,"turns":4}],"seed_played":"-1775010955373963938","potions_obtained":[{"floor":4,"key":"Poison Potion"},{"floor":8,"key":"Strength Potion"},{"floor":11,"key":"Weak Potion"},{"floor":16,"key":"Energy Potion"},{"floor":20,"key":"Fire Potion"},{"floor":22,"key":"Dexterity Potion"},{"floor":24,"key":"GamblersBrew"},{"floor":39,"key":"PowerPotion"}],"is_trial":false,"path_per_floor":["M","?","?","M","M","R","E","M","T","R","M","E","R","$","R","B",null,"M","?","M","?","M","R","E","R","T","R","$","T","E","M","R","B",null,"M","?","$","?","M","R","$","E","T","M","M","R","$","M","R","B"],"character_chosen":"IRONCLAD","items_purchased":["Whirlwind","Ancient Tea Set","Thunderclap+1","Orichalcum","Mango","OrangePellets","Toolbox","Weak Potion"],"campfire_rested":8,"item_purchase_floors":[14,14,28,41,41,41,47,47],"current_hp_per_floor":[71,71,71,75,75,75,46,31,31,53,58,45,45,45,67,35,65,50,29,18,18,13,37,36,60,60,60,60,60,18,22,46,28,67,57,57,57,57,51,75,89,57,57,32,16,44,44,37,65,19],"gold":113,"neow_bonus":"HUNDRED_GOLD","is_prod":false,"is_daily":false,"chose_seed":false,"campfire_upgraded":3,"win_rate":0,"timestamp":1536436525,"path_taken":["M","?","?","M","?","R","E","M","T","R","M","E","R","$","R","BOSS","M","?","?","?","?","R","E","R","T","R","$","?","E","?","R","BOSS","M","?","$","?","M","R","$","E","T","M","M","R","$","M","R","BOSS"],"build_version":"2018-09-06","purchased_purges":5,"victory":true,"max_hp_per_floor":[75,75,75,75,75,75,75,75,75,75,75,75,75,75,75,75,75,75,80,80,80,80,80,80,80,80,80,80,80,80,80,80,80,80,80,80,80,80,80,80,94,94,94,94,94,94,94,94,94,94],"card_choices":[{"not_picked":["Sword Boomerang","Perfected Strike"],"picked":"Rupture","floor":1},{"not_picked":["Warcry","Thunderclap"],"picked":"Combust","floor":4},{"not_picked":["Perfected Strike","Clothesline","Anger"],"picked":"SKIP","floor":5},{"not_picked":["Carnage","Shockwave","Juggernaut"],"picked":"SKIP","floor":7},{"not_picked":["Warcry","Body Slam"],"picked":"Clash","floor":8},{"not_picked":["True Grit","Burning Pact","Flame Barrier"],"picked":"SKIP","floor":11},{"not_picked":["Body Slam","Shrug It Off"],"picked":"Rampage","floor":12},{"not_picked":["Shrug It Off","Cleave"],"picked":"Metallicize","floor":18},{"not_picked":["Warcry","Metallicize"],"picked":"Flex","floor":20},{"not_picked":["Clothesline","Shrug It Off"],"picked":"Seeing Red","floor":22},{"not_picked":["Pommel Strike","Feed"],"picked":"Brutality","floor":24},{"not_picked":["Iron Wave+1","Spot Weakness","Burning Pact"],"picked":"SKIP","floor":30},{"not_picked":["Searing Blow+1","Whirlwind+1"],"picked":"Heavy Blade+1","floor":31},{"not_picked":["Berserk","Demon Form"],"picked":"Offering","floor":33},{"not_picked":["Perfected Strike+1","Havoc","Anger+1"],"picked":"SKIP","floor":35},{"not_picked":["Anger+1","Dropkick+1","Pommel Strike+1"],"picked":"SKIP","floor":39},{"not_picked":["Infernal Blade","Body Slam+1","Thunderclap+1"],"picked":"SKIP","floor":42},{"not_picked":["Armaments+1","Headbutt+1"],"picked":"Uppercut+1","floor":44},{"not_picked":["Intimidate","Feel No Pain"],"picked":"Blood for Blood+1","floor":45},{"not_picked":["Perfected Strike+1","Inflame","Anger+1"],"picked":"SKIP","floor":48}],"player_experience":320629,"relics_obtained":[{"floor":7,"key":"Unceasing Top"},{"floor":9,"key":"Shuriken"},{"floor":12,"key":"Smiling Mask"},{"floor":24,"key":"Boot"},{"floor":26,"key":"Molten Egg 2"},{"floor":29,"key":"Sundial"},{"floor":30,"key":"Self Forming Clay"},{"floor":42,"key":"Art of War"},{"floor":43,"key":"Vajra"}],"event_choices":[{"event_name":"Accursed Blacksmith","player_choice":"Rummage","floor":2,"damage_taken":0},{"event_name":"The Cleric","player_choice":"Card Removal","floor":3,"damage_taken":0},{"event_name":"Forgotten Altar","player_choice":"Shed Blood","floor":19,"damage_taken":0},{"event_name":"The Mausoleum","player_choice":"Yes","floor":21,"damage_taken":0},{"event_name":"Falling","player_choice":"Removed Skill","floor":36,"damage_taken":0},{"event_name":"MindBloom","player_choice":"Gold","floor":38,"damage_taken":0}],"is_beta":false,"boss_relics":[{"not_picked":["Calling Bell","Eternal Feather"],"picked":"Velvet Choker"},{"not_picked":["Black Star","Sozu"],"picked":"Runic Cube"}],"items_purged_floors":[14,28,37,41,47],"is_endless":false,"potions_floor_spawned":[4,8,11,16,20,22,24,30,39,48],"ascension_level":17}