{"path_per_floor":["M","$","M","$","?","E","?","E","T","E","M","E","M","?","R","B",null,"M","?","M","?","$","R","E","R","T","E","R","$","M","E","R","B",null,"M","?","?","$","M","E","M","E","T","E","R","E","M","$","R","B"],"character_chosen":"THE_SILENT","items_purchased":["Infinite Blades","Apotheosis","Bag of Marbles","Panache","Pen Nib","Leg Sweep"],"gold_per_floor":[114,36,51,51,51,81,81,111,111,141,156,186,201,181,181,281,281,296,296,311,311,58,58,88,88,88,118,118,18,33,63,63,163,163,178,178,178,28,43,73,88,118,118,448,448,478,493,71,71,71],"floor_reached":51,"campfire_rested":3,"playtime":1804,"current_hp_per_floor":[69,69,69,69,69,62,48,31,37,37,37,19,19,19,41,47,82,82,82,80,80,80,80,67,67,73,57,57,57,48,65,65,41,112,108,108,108,108,104,101,85,65,71,59,98,99,97,97,134,138],"items_purged":["Strike_G","Strike_G"],"gold":71,"score":1273,"play_id":"3f7bd2d8-7f44-4363-a16e-5d0a71650d24","local_time":"20180325151441","daily_mods":["Heirloom","Cursed Run","Elite Swarm"],"is_prod":false,"is_daily":true,"is_ascension_mode":false,"campfire_upgraded":1,"timestamp":1522012481,"path_taken":["M","$","M","$","?","E","?","E","T","E","M","E","M","?","R","BOSS","M","?","M","?","$","R","E","R","T","E","R","$","?","E","R","BOSS","M","?","?","$","M","E","M","E","T","E","R","E","M","$","R","BOSS"],"build_version":"2018-03-25","purchased_purges":2,"victory":true,"master_deck":["Defend_G","Defend_G","Defend_G+1","Defend_G","Defend_G","Strike_G+1","Strike_G","Survivor","Neutralize","Blur","Infinite Blades","Choke","After Image","Storm of Steel","Doubt","Glass Knife+1","Flying Knee","Doubt","Glass Knife+1","Accuracy","Accuracy","Apotheosis+1","Glass Knife","Doubt","Pain","Writhe","Pain","Pain","Dash","Cloak And Dagger+1","Adrenaline+1","Injury","Die Die Die","Infinite Blades+1","Panache","Leg Sweep+1","Cloak And Dagger+1","Doubt"],"max_hp_per_floor":[70,70,70,70,70,70,70,70,76,76,76,76,76,76,76,82,82,82,82,82,82,82,82,82,82,88,88,88,88,88,88,88,94,112,112,112,112,112,112,124,126,126,132,132,132,134,134,134,134,140],"relics":["Cursed Key","Darkstone Periapt","Du-Vu Doll","Girya","Dead Branch","Shovel","Bronze Scales","Orichalcum","Vajra","White Beast Statue","Dodecahedron","Bird Faced Urn","Oddly Smooth Stone","Whetstone","Calling Bell","Toxic Egg 2","Singing Bowl","Ancient Tea Set","Bag of Marbles","Pear","Bag of Preparation","Ginger","Old Coin","Dream Catcher","Pen Nib"],"card_choices":[{"not_picked":["Deflect","Eviscerate"],"picked":"Blur","floor":1},{"not_picked":["Acrobatics","Expertise"],"picked":"Choke","floor":3},{"not_picked":["Corpse Explosion","Envenom"],"picked":"After Image","floor":6},{"not_picked":["Night Terror","After Image"],"picked":"Storm of Steel","floor":8},{"not_picked":["Die Die Die","Phantasmal Killer"],"picked":"Glass Knife","floor":10},{"not_picked":["Dagger Spray","Deadly Poison"],"picked":"Flying Knee","floor":11},{"not_picked":["Doppelganger","Bullet Time"],"picked":"Glass Knife","floor":16},{"not_picked":["Skewer","Bane"],"picked":"Accuracy","floor":18},{"not_picked":["Doppelganger","Storm of Steel"],"picked":"Glass Knife","floor":24},{"not_picked":["Bullet Time","Doppelganger"],"picked":"Glass Knife","floor":27},{"not_picked":["Underhanded Strike","Bane"],"picked":"Dash","floor":35},{"not_picked":["Poisoned Stab","Quick Slash"],"picked":"Cloak And Dagger","floor":39},{"not_picked":["After Image","Grand Finale"],"picked":"Adrenaline","floor":42},{"not_picked":["Burst","A Thousand Cuts"],"picked":"Die Die Die","floor":44},{"not_picked":["PiercingWail","Masterful Stab"],"picked":"Infinite Blades","floor":47},{"not_picked":["Poisoned Stab","Acrobatics"],"picked":"Cloak And Dagger","floor":49}],"player_experience":265496,"potions_floor_usage":[6,10,13,24,27,27,31,31,33,33,35,40,40,50,50],"damage_taken":[{"damage":1,"enemies":"Jaw Worm","floor":1,"turns":4},{"damage":0,"enemies":"Cultist","floor":3,"turns":4},{"damage":20,"enemies":"3 Sentries","floor":6,"turns":9},{"damage":17,"enemies":"Gremlin Nob","floor":8,"turns":5},{"damage":0,"enemies":"3 Sentries","floor":10,"turns":6},{"damage":0,"enemies":"2 Louse","floor":11,"turns":3},{"damage":18,"enemies":"Lagavulin","floor":12,"turns":5},{"damage":0,"enemies":"Blue Slaver","floor":13,"turns":1},{"damage":0,"enemies":"Slime Boss","floor":16,"turns":5},{"damage":0,"enemies":"Spheric Guardian","floor":18,"turns":3},{"damage":2,"enemies":"3 Byrds","floor":20,"turns":3},{"damage":13,"enemies":"Book of Stabbing","floor":24,"turns":4},{"damage":20,"enemies":"Slavers","floor":27,"turns":3},{"damage":13,"enemies":"Snake Plant","floor":30,"turns":3},{"damage":0,"enemies":"Gremlin Leader","floor":31,"turns":4},{"damage":40,"enemies":"Collector","floor":33,"turns":6},{"damage":4,"enemies":"Orb Walker","floor":35,"turns":3},{"damage":10,"enemies":"Flame Bruiser 1 Orb","floor":39,"turns":5},{"damage":19,"enemies":"Nemesis","floor":40,"turns":5},{"damage":22,"enemies":"4 Shapes","floor":41,"turns":5},{"damage":24,"enemies":"2 Orb Walkers","floor":42,"turns":5},{"damage":22,"enemies":"Nemesis","floor":44,"turns":5},{"damage":1,"enemies":"2 Orb Walkers","floor":46,"turns":1},{"damage":2,"enemies":"Spire Growth","floor":47,"turns":1},{"damage":2,"enemies":"Donu and Deca","floor":50,"turns":3}],"event_choices":[{"event_name":"Purifier","player_choice":"One Purge","floor":5,"damage_taken":0},{"event_name":"Shining Light","player_choice":"Entered Light","floor":7,"damage_taken":0},{"event_name":"World of Goop","player_choice":"Left","floor":14,"damage_taken":0},{"event_name":"The Library","player_choice":"Read","floor":19,"damage_taken":0},{"event_name":"Ghosts","player_choice":"Ignored","floor":21,"damage_taken":0},{"event_name":"Mysterious Sphere","player_choice":"Ignore","floor":37,"damage_taken":0}],"boss_relics":[{"not_picked":["Eternal Feather","Lizard Tail"],"picked":"White Beast Statue"},{"not_picked":["Pandora\u0027s Box","Runic Dome"],"picked":"Calling Bell"}],"potions_floor_spawned":[1,8,11,13,16,18,20,24,27,30,31,33,35,39,40,41,42,44,46,47],"seed_played":"-458385073084776932","ascension_level":0,"is_trial":false}