{"gold_per_floor":[113,63,63,12,25,57,57,69,96,96,115,133,133,163,163,163],"floor_reached":16,"playtime":467,"items_purged":[],"score":171,"play_id":"c462b6c2-7caf-40af-934a-ce64ea244352","local_time":"20190116194130","is_ascension_mode":true,"campfire_choices":[{"data":"Flechettes","floor":7,"key":"SMITH"},{"data":"Strike_G","floor":10,"key":"PURGE"},{"data":"Dagger Throw","floor":15,"key":"SMITH"}],"neow_cost":"CURSE","seed_source_timestamp":1909530744797629,"circlet_count":0,"master_deck":["AscendersBane","Defend_G","Defend_G","Defend_G","Defend_G","Defend_G","Strike_G","Strike_G","Strike_G","Strike_G","Survivor","Neutralize","Dagger Throw","Flechettes+1","Dagger Throw+1","Underhanded Strike+1","Backflip"],"relics":["Ring of the Snake","Peace Pipe","Lantern","Meat on the Bone","Smiling Mask","Question Card"],"potions_floor_usage":[6,14,16],"damage_taken":[{"damage":12,"enemies":"2 Louse","floor":1,"turns":3},{"damage":0,"enemies":"Small Slimes","floor":5,"turns":3},{"damage":39,"enemies":"Lagavulin","floor":6,"turns":9},{"damage":1,"enemies":"Cultist","floor":8,"turns":3},{"damage":4,"enemies":"Exordium Thugs","floor":11,"turns":5},{"damage":0,"enemies":"Blue Slaver","floor":12,"turns":3},{"damage":13,"enemies":"Gremlin Nob","floor":14,"turns":3},{"damage":41,"enemies":"Slime Boss","floor":16,"turns":7}],"seed_played":"136439523190885550","potions_obtained":[{"floor":12,"key":"Swift Potion"},{"floor":14,"key":"Block Potion"}],"is_trial":false,"path_per_floor":["M","?","?","$","M","E","R","M","T","R","M","M","?","E","R","B"],"character_chosen":"THE_SILENT","items_purchased":["PowerPotion"],"campfire_rested":0,"item_purchase_floors":[4],"current_hp_per_floor":[51,51,48,48,48,9,9,20,20,20,28,40,40,39,39,0],"gold":163,"neow_bonus":"ONE_RARE_RELIC","is_prod":false,"is_daily":false,"chose_seed":false,"campfire_upgraded":2,"win_rate":0,"timestamp":1547667690,"path_taken":["M","?","?","$","M","E","R","M","T","R","M","M","?","E","R","BOSS"],"build_version":"2019-01-10","purchased_purges":0,"victory":false,"max_hp_per_floor":[70,70,70,70,70,70,70,70,70,70,70,70,70,70,70,70],"card_choices":[{"not_picked":["Backflip","Underhanded Strike","Catalyst"],"picked":"SKIP","floor":1},{"not_picked":["Prepared","Underhanded Strike"],"picked":"Dagger Throw","floor":5},{"not_picked":["Endless Agony","Bane"],"picked":"Flechettes","floor":6},{"not_picked":["Prepared","Quick Slash"],"picked":"Dagger Throw","floor":8},{"not_picked":["Deadly Poison","Quick Slash"],"picked":"Underhanded Strike","floor":11},{"not_picked":["Dagger Throw","Blur"],"picked":"Backflip","floor":12},{"not_picked":["Tools of the Trade","Bouncing Flask","Calculated Gamble"],"picked":"SKIP","floor":14}],"player_experience":369884,"relics_obtained":[{"floor":6,"key":"Meat on the Bone"},{"floor":9,"key":"Smiling Mask"},{"floor":14,"key":"Question Card"}],"event_choices":[{"cards_removed":["Shame"],"damage_healed":0,"gold_gain":0,"player_choice":"Card Removal","damage_taken":0,"max_hp_gain":0,"max_hp_loss":0,"event_name":"The Cleric","floor":2,"gold_loss":50},{"damage_healed":0,"gold_gain":0,"player_choice":"Success","damage_taken":3,"relics_obtained":["Lantern"],"max_hp_gain":0,"max_hp_loss":0,"event_name":"Scrap Ooze","floor":3,"gold_loss":0},{"damage_healed":0,"gold_gain":0,"player_choice":"Grow","damage_taken":0,"max_hp_gain":0,"max_hp_loss":0,"event_name":"Living Wall","floor":13,"gold_loss":0,"cards_upgraded":["Underhanded Strike"]}],"is_beta":false,"boss_relics":[],"items_purged_floors":[],"is_endless":false,"potions_floor_spawned":[12,14],"killed_by":"Slime Boss","ascension_level":11}