{"path_per_floor":["M","?","?","T","?","R","M","R","T","M","?","M","$","M","R","B",null,"M","M","?","$","M","R","?","M","T","E","R","?","?","M","R","B",null,"M","M","?","?","?","R","?","R","T","M","$","M","$","?","R","B"],"character_chosen":"IRONCLAD","items_purchased":["Body Slam","Entrench","Impervious","Dexterity Potion","Entrench","Calipers","Reaper"],"gold_per_floor":[117,67,67,67,67,67,88,88,88,101,176,196,69,84,84,215,215,240,264,244,12,28,28,28,53,104,137,137,137,137,155,155,280,280,305,320,653,653,653,653,653,653,676,689,460,471,0,0,0,0],"floor_reached":51,"campfire_rested":3,"playtime":5251,"current_hp_per_floor":[79,79,59,59,59,59,58,58,58,58,47,38,38,33,57,8,80,62,45,45,45,57,57,57,46,46,16,40,40,24,15,39,39,80,66,59,59,49,49,49,49,49,49,11,11,34,34,90,90,59],"items_purged":["Strike_R","Strike_R"],"gold":0,"score":578,"play_id":"41b2ed2b-0975-4e78-a49a-0c220fa53331","is_prod":false,"is_daily":false,"is_ascension_mode":false,"campfire_upgraded":6,"path_taken":["M","?","?","?","?","R","?","R","T","M","?","M","$","M","R","BOSS","M","M","?","$","?","R","?","?","T","E","R","?","?","M","R","BOSS","M","?","?","?","?","R","?","R","T","M","$","M","$","?","R","BOSS"],"build_version":"2018-02-22-PROD2","purchased_purges":2,"victory":true,"master_deck":["Strike_R","Defend_R","Defend_R","Defend_R","Defend_R","Bash+1","Dual Wield+1","Body Slam+1","Carnage","True Grit+1","Body Slam+1","Armaments+1","Double Tap","Shrug It Off+1","Ghostly Armor","Entrench+1","Impervious","True Grit+1","Rage+1","Necronomicurse","Power Through+1","Impervious","Iron Wave+1","Madness","Madness","Iron Wave+1","Entrench+1","Inflame+1"],"max_hp_per_floor":[80,80,80,80,80,80,80,80,80,80,80,80,80,80,80,80,80,80,80,80,80,80,80,80,80,80,80,80,80,80,80,80,80,80,80,80,80,80,80,80,80,80,80,80,80,80,80,90,90,90],"relics":["Question Card","Ginger","Red Skull","Velvet Choker","Art of War","Happy Flower","Necronomicon","Lizard Tail","Omamori","Calipers"],"card_choices":[{"not_picked":["Wild Strike","Perfected Strike","Warcry"],"picked":"Dual Wield"},{"not_picked":["True Grit","Wild Strike","Anger"],"picked":"Body Slam"},{"not_picked":["Twin Strike","Heavy Blade","Sword Boomerang"],"picked":"Carnage"},{"not_picked":["Combust","Cleave","Clash"],"picked":"True Grit"},{"not_picked":["Clash","Flex","Seeing Red"],"picked":"Armaments"},{"not_picked":["Bludgeon","Fiend Fire","Feed"],"picked":"Double Tap"},{"not_picked":["Battle Trance","Sword Boomerang","Twin Strike"],"picked":"Shrug It Off"},{"not_picked":["Seeing Red","Twin Strike","Headbutt"],"picked":"Ghostly Armor"},{"not_picked":["Flex","Thunderclap","Carnage"],"picked":"True Grit"},{"not_picked":["Bludgeon","Warcry","Thunderclap"],"picked":"Rage"},{"not_picked":["Dropkick","Shrug It Off","True Grit"],"picked":"Power Through"},{"not_picked":["Offering","Berserk","Limit Break"],"picked":"Impervious"},{"not_picked":["Warcry","Anger","Flex"],"picked":"Iron Wave"},{"not_picked":["Flex","Twin Strike","Perfected Strike"],"picked":"Iron Wave"},{"not_picked":["Armaments","Headbutt","Flex"],"picked":"Inflame"}],"player_experience":98005,"potions_floor_usage":[46,46],"damage_taken":[{"damage":1.0,"enemies":"2 Louse","floor":1.0,"turns":4.0},{"damage":1.0,"enemies":"Cultist","floor":7.0,"turns":3.0},{"damage":0.0,"enemies":"Small Slimes","floor":10.0,"turns":3.0},{"damage":9.0,"enemies":"2 Fungi Beasts","floor":12.0,"turns":3.0},{"damage":5.0,"enemies":"Looter","floor":14.0,"turns":3.0},{"damage":49.0,"enemies":"The Guardian","floor":16.0,"turns":15.0},{"damage":18.0,"enemies":"2 Thieves","floor":18.0,"turns":5.0},{"damage":17.0,"enemies":"Spheric Guardian","floor":19.0,"turns":6.0},{"damage":3.0,"enemies":"Centurion and Healer","floor":22.0,"turns":13.0},{"damage":11.0,"enemies":"3 Cultists","floor":25.0,"turns":7.0},{"damage":30.0,"enemies":"Slavers","floor":27.0,"turns":10.0},{"damage":9.0,"enemies":"Chosen and Byrds","floor":31.0,"turns":6.0},{"damage":0.0,"enemies":"Champ","floor":33.0,"turns":10.0},{"damage":14,"enemies":"3 Darklings","floor":35,"turns":14},{"damage":7,"enemies":"Orb Walker","floor":36,"turns":4},{"damage":38,"enemies":"Sphere and 2 Shapes","floor":44,"turns":10},{"damage":17,"enemies":"3 Darklings","floor":46,"turns":10},{"damage":31,"enemies":"Awakened One","floor":50,"turns":10}],"event_choices":[{"event_name":"The Cleric","player_choice":"Card Removal","floor":2.0,"damage_taken":0.0},{"event_name":"Golden Idol","player_choice":"Take Damage","floor":3.0,"damage_taken":0.0},{"event_name":"Upgrade Shrine","player_choice":"Upgraded","floor":5.0,"damage_taken":0.0},{"event_name":"World of Goop","player_choice":"Gather Gold","floor":11.0,"damage_taken":0.0},{"event_name":"The Woman in Blue","player_choice":"Bought 1 Potion","floor":20.0,"damage_taken":0.0},{"event_name":"Addict","player_choice":"Ignored","floor":24.0,"damage_taken":0.0},{"event_name":"Drug Dealer","player_choice":"Ignored","floor":29.0,"damage_taken":0.0},{"event_name":"Cursed Tome","player_choice":"Obtained Book","floor":30.0,"damage_taken":0.0},{"event_name":"The Moai Head","player_choice":"Gave Idol","floor":37,"damage_taken":0},{"event_name":"Winding Halls","player_choice":"Embrace Madness","floor":38,"damage_taken":0},{"event_name":"Upgrade Shrine","player_choice":"Upgraded","floor":41,"damage_taken":0},{"event_name":"Bonfire Elementals","player_choice":"RARE","floor":48,"damage_taken":0}],"boss_relics":[],"potions_floor_spawned":[10,16,18,31,44],"seed_played":"4525462501606152156","ascension_level":0,"is_trial":false}