{"path_per_floor":["?","?","?","?","?","?","?","?","?","?","?","?","?","?","?","B",null,"?","?","?","?","?","?","?","?","?","?","?","?","?","?","?"],"character_chosen":"IRONCLAD","items_purchased":["Shrug It Off","Entrench"],"gold_per_floor":[114,64,64,79,94,94,109,176,251,266,104,119,134,149,149,249,249,264,279,279,294,309,136,151,151,201,216,216,231,261,286,286],"floor_reached":33,"campfire_rested":1,"playtime":1718,"current_hp_per_floor":[80,80,80,75,80,80,77,53,53,48,48,52,58,59,59,21,80,59,47,47,50,50,50,52,76,76,59,59,40,41,41,41],"items_purged":["Strike_R","Strike_R"],"gold":286,"score":265,"play_id":"57f43932-aa65-4d32-a4d9-484b1f3272ba","local_time":"20180302134408","daily_mods":[{"name":"Diverse","description":"Start with 2 cards from another class.","modID":"Diverse","img":{"data":{"file":{"file":{"path":"images\\ui\\run_mods\\diverse.png"},"type":"Internal"},"width":64,"height":64,"format":"RGBA8888","useMipMaps":false,"isPrepared":false},"glTarget":3553,"glHandle":685,"minFilter":"Linear","magFilter":"Linear","uWrap":"ClampToEdge","vWrap":"ClampToEdge"},"positive":true},{"name":"Uncertain Future","description":"The map shows only ?.","modID":"Uncertain Future","img":{"data":{"file":{"file":{"path":"images\\ui\\run_mods\\uncertain_future.png"},"type":"Internal"},"width":64,"height":64,"format":"RGBA8888","useMipMaps":false,"isPrepared":false},"glTarget":3553,"glHandle":679,"minFilter":"Linear","magFilter":"Linear","uWrap":"ClampToEdge","vWrap":"ClampToEdge"},"positive":false},{"name":"Binary","description":"Card rewards contain only 2 cards.","modID":"Binary","img":{"data":{"file":{"file":{"path":"images\\ui\\run_mods\\binary.png"},"type":"Internal"},"width":64,"height":64,"format":"RGBA8888","useMipMaps":false,"isPrepared":false},"glTarget":3553,"glHandle":680,"minFilter":"Linear","magFilter":"Linear","uWrap":"ClampToEdge","vWrap":"ClampToEdge"},"positive":false},{"name":"Vintage","description":"The Merchant\u0027s prices are increased by 25%.","modID":"Vintage","img":{"data":{"file":{"file":{"path":"images\\ui\\run_mods\\vintage.png"},"type":"Internal"},"width":64,"height":64,"format":"RGBA8888","useMipMaps":false,"isPrepared":false},"glTarget":3553,"glHandle":677,"minFilter":"Linear","magFilter":"Linear","uWrap":"ClampToEdge","vWrap":"ClampToEdge"},"positive":false}],"is_prod":false,"is_daily":true,"is_ascension_mode":false,"campfire_upgraded":4,"timestamp":1519998248,"path_taken":["?","?","?","?","?","?","?","?","?","?","?","?","?","?","?","BOSS","?","?","?","?","?","?","?","?","?","?","?","?","?","?","?","BOSS"],"build_version":"2018-03-01-PROD1","purchased_purges":2,"victory":false,"master_deck":["Strike_R","Strike_R","Strike_R","Defend_R","Defend_R","Defend_R","Bash","Bouncing Flask","Warcry","Body Slam+1","Body Slam+1","Battle Trance","Shrug It Off+1","Shrug It Off","Bludgeon+1","Armaments+1","Ghostly Armor","Entrench+1","Pain","Ghostly Armor+1","Disarm+1","Pain"],"max_hp_per_floor":[80,80,80,80,80,80,80,80,80,80,80,80,80,80,80,80,80,80,80,80,80,80,80,80,80,80,80,80,80,80,80,80],"relics":["Burning Blood","Tiny Chest","Gremlin Horn","Cursed Key","Regal Pillow","Pantograph","Omamori"],"card_choices":[{"not_picked":["Clash"],"picked":"Warcry"},{"not_picked":["Battle Trance"],"picked":"Body Slam"},{"not_picked":["Sentinel"],"picked":"Body Slam"},{"not_picked":["Spot Weakness"],"picked":"Battle Trance"},{"not_picked":["Wild Strike"],"picked":"Shrug It Off"},{"not_picked":["Feed"],"picked":"Bludgeon"},{"not_picked":["Rage"],"picked":"Armaments"},{"not_picked":["Clash"],"picked":"Ghostly Armor"},{"not_picked":["Sword Boomerang"],"picked":"Ghostly Armor"},{"not_picked":["Combust"],"picked":"Disarm"}],"player_experience":181057,"potions_floor_usage":[8,14,16,16,22,22,30,30],"damage_taken":[{"damage":6,"enemies":"Cultist","floor":1,"turns":3},{"damage":11,"enemies":"Jaw Worm","floor":4,"turns":3},{"damage":0,"enemies":"Small Slimes","floor":5,"turns":4},{"damage":9,"enemies":"2 Fungi Beasts","floor":7,"turns":3},{"damage":30,"enemies":"3 Sentries","floor":8,"turns":7},{"damage":11,"enemies":"Red Slaver","floor":10,"turns":3},{"damage":2,"enemies":"Looter","floor":12,"turns":4},{"damage":0,"enemies":"Blue Slaver","floor":13,"turns":4},{"damage":5,"enemies":"Gremlin Gang","floor":14,"turns":4},{"damage":44,"enemies":"Slime Boss","floor":16,"turns":14},{"damage":27,"enemies":"3 Byrds","floor":18,"turns":6},{"damage":18,"enemies":"Chosen","floor":19,"turns":3},{"damage":3,"enemies":"Snecko","floor":21,"turns":4},{"damage":6,"enemies":"Cultist and Chosen","floor":22,"turns":5},{"damage":4,"enemies":"Slaver and Parasite","floor":24,"turns":4},{"damage":23,"enemies":"Snake Plant","floor":27,"turns":4},{"damage":25,"enemies":"Centurion and Healer","floor":29,"turns":5},{"damage":5,"enemies":"Slavers","floor":30,"turns":4},{"damage":68,"enemies":"Automaton","floor":33,"turns":12}],"event_choices":[{"event_name":"The Cleric","player_choice":"Card Removal","floor":2,"damage_taken":0},{"event_name":"Bonfire Elementals","player_choice":"UNCOMMON","floor":3,"damage_taken":0},{"event_name":"Dead Adventurer","player_choice":"Searched \u00272\u0027 times","floor":8,"damage_taken":0},{"event_name":"Upgrade Shrine","player_choice":"Upgraded","floor":20,"damage_taken":0}],"boss_relics":[{"not_picked":["Question Card","Velvet Choker"],"picked":"Cursed Key"}],"potions_floor_spawned":[4,5,7,10,14,18,19,29],"seed_played":"-4064848218327866266","killed_by":"Automaton","ascension_level":0,"is_trial":false}