{"gold_per_floor":[15,15,34,34,47,47,67,67,67,81,91,91,106,124,124,201,201,184,459,473,15,32,67,67,84,84,103,51,51,66,78,78,152,152,163,163,179,196,212,212,212,212,212,25,35,48,58,58,58,58],"floor_reached":51,"playtime":2532,"items_purged":["Regret"],"score":1102,"play_id":"dba068e1-d8d9-4f6b-bc40-27f33b8fc28a","local_time":"20190120211917","is_ascension_mode":true,"campfire_choices":[{"data":"Caltrops","floor":6,"key":"SMITH"},{"floor":8,"key":"REST"},{"floor":12,"key":"REST"},{"data":"Caltrops","floor":15,"key":"SMITH"},{"floor":24,"key":"REST"},{"floor":29,"key":"REST"},{"floor":32,"key":"REST"},{"data":"After Image","floor":40,"key":"SMITH"},{"data":"Neutralize","floor":42,"key":"SMITH"},{"data":"Sucker Punch","floor":49,"key":"SMITH"}],"neow_cost":"NO_GOLD","seed_source_timestamp":2258939106167474,"circlet_count":0,"master_deck":["AscendersBane","Defend_G","Defend_G","Defend_G+1","Defend_G+1","Defend_G+1","Strike_G","Strike_G","Strike_G","Strike_G","Strike_G","Survivor+1","Neutralize+1","Sucker Punch+1","Caltrops+1","Flying Knee","Cloak And Dagger+1","Dodge and Roll+1","Acrobatics+1","Quick Slash","Caltrops+1","After Image+1","Backflip+1","Master of Strategy+1","Concentrate+1","PiercingWail+1","Blade Dance+1","Leg Sweep+1","Flying Knee","PiercingWail+1","Trip+1","Acrobatics+1","Blade Dance+1","Backflip+1"],"relics":["Ring of the Snake","Bird Faced Urn","Toxic Egg 2","Matryoshka","Busted Crown","Membership Card","War Paint","Vajra","Lantern","Mercury Hourglass","Eternal Feather","Art of War","Dodecahedron","Blood Vial"],"potions_floor_usage":[16,18,33,47,50,50],"damage_taken":[{"damage":0,"enemies":"2 Louse","floor":1,"turns":2},{"damage":5,"enemies":"Jaw Worm","floor":3,"turns":4},{"damage":1,"enemies":"Cultist","floor":5,"turns":5},{"damage":33,"enemies":"Gremlin Gang","floor":7,"turns":4},{"damage":18,"enemies":"Large Slime","floor":10,"turns":6},{"damage":0,"enemies":"Red Slaver","floor":11,"turns":3},{"damage":0,"enemies":"Blue Slaver","floor":13,"turns":4},{"damage":1,"enemies":"Large Slime","floor":14,"turns":7},{"damage":11,"enemies":"Hexaghost","floor":16,"turns":9},{"damage":20,"enemies":"2 Thieves","floor":18,"turns":4},{"damage":0,"enemies":"3 Byrds","floor":20,"turns":2},{"damage":3,"enemies":"Snake Plant","floor":22,"turns":5},{"damage":18,"enemies":"Book of Stabbing","floor":23,"turns":7},{"damage":22,"enemies":"Snecko","floor":25,"turns":6},{"damage":15,"enemies":"Sentry and Sphere","floor":27,"turns":5},{"damage":6,"enemies":"3 Cultists","floor":30,"turns":5},{"damage":4,"enemies":"Snake Plant","floor":31,"turns":3},{"damage":18,"enemies":"Automaton","floor":33,"turns":14},{"damage":0,"enemies":"Orb Walker","floor":35,"turns":4},{"damage":0,"enemies":"3 Shapes","floor":37,"turns":5},{"damage":30,"enemies":"Sphere and 2 Shapes","floor":38,"turns":7},{"damage":1,"enemies":"4 Shapes","floor":39,"turns":7},{"damage":0,"enemies":"3 Darklings","floor":45,"turns":5},{"damage":17,"enemies":"Jaw Worm Horde","floor":46,"turns":6},{"damage":8,"enemies":"Transient","floor":47,"turns":5},{"damage":37,"enemies":"Awakened One","floor":50,"turns":21}],"seed_played":"-2476988718003405872","potions_obtained":[{"floor":3,"key":"Block Potion"},{"floor":10,"key":"GamblersBrew"},{"floor":11,"key":"Poison Potion"},{"floor":13,"key":"LiquidBronze"},{"floor":18,"key":"GhostInAJar"},{"floor":35,"key":"Fire Potion"},{"floor":47,"key":"Regen Potion"}],"is_trial":false,"path_per_floor":["M","?","M","?","M","R","M","R","T","M","M","R","M","M","R","B",null,"M","?","M","$","M","E","R","M","T","M","$","R","M","M","R","B",null,"M","?","M","M","M","R","?","R","T","$","M","M","M","?","R","B",null],"character_chosen":"THE_SILENT","items_purchased":["Membership Card","Backflip+1","Master of Strategy+1","War Paint","PowerPotion","Leg Sweep+1","Flying Knee","Trip+1","Acrobatics+1","GhostInAJar","Blood Vial"],"campfire_rested":5,"item_purchase_floors":[21,21,21,21,21,28,28,44,44,44,44],"current_hp_per_floor":[59,46,41,41,42,42,11,30,30,14,14,33,35,36,36,29,57,39,39,43,43,46,34,53,35,35,26,26,45,45,47,66,48,62,66,66,66,38,43,61,61,66,66,66,66,51,49,49,66,31],"gold":58,"neow_bonus":"ONE_RARE_RELIC","is_prod":false,"is_daily":false,"chose_seed":false,"campfire_upgraded":5,"win_rate":0,"timestamp":1548019157,"path_taken":["M","?","M","?","?","R","M","R","T","M","M","R","?","M","R","BOSS","M","?","?","$","M","E","R","M","T","M","$","R","M","M","R","BOSS","M","?","M","M","M","R","?","R","T","$","M","M","M","?","R","BOSS"],"build_version":"2019-01-17v2","purchased_purges":1,"victory":true,"max_hp_per_floor":[66,66,66,66,66,66,66,66,66,66,66,66,66,66,66,66,66,66,66,66,66,66,66,66,66,66,66,66,66,66,66,66,66,66,66,66,66,66,66,66,66,66,66,66,66,66,66,66,66,66],"card_choices":[{"not_picked":["PiercingWail","Cloak And Dagger"],"picked":"Sucker Punch","floor":1},{"not_picked":["Dagger Throw","Eviscerate"],"picked":"Caltrops","floor":3},{"not_picked":["Calculated Gamble+1","Endless Agony"],"picked":"Flying Knee","floor":5},{"not_picked":["Poisoned Stab","Masterful Stab"],"picked":"Cloak And Dagger+1","floor":7},{"not_picked":["All Out Attack","Underhanded Strike"],"picked":"Dodge and Roll+1","floor":10},{"not_picked":["Riddle With Holes","Catalyst+1"],"picked":"Acrobatics+1","floor":11},{"not_picked":["Bane","Underhanded Strike"],"picked":"Quick Slash","floor":13},{"not_picked":["Masterful Stab","Tactician+1"],"picked":"Caltrops","floor":14},{"not_picked":["Venomology+1","Unload"],"picked":"After Image","floor":16},{"not_picked":["Outmaneuver+1"],"picked":"SKIP","floor":18},{"not_picked":["Bouncing Flask+1"],"picked":"SKIP","floor":20},{"not_picked":[],"picked":"Concentrate+1","floor":22},{"not_picked":["Bane"],"picked":"SKIP","floor":23},{"not_picked":[],"picked":"PiercingWail+1","floor":25},{"not_picked":[],"picked":"Blade Dance+1","floor":27},{"not_picked":["Concentrate+1"],"picked":"SKIP","floor":30},{"not_picked":["Prepared+1"],"picked":"SKIP","floor":31},{"not_picked":["Poisoned Stab"],"picked":"SKIP","floor":35},{"not_picked":["Prepared+1"],"picked":"SKIP","floor":37},{"not_picked":[],"picked":"PiercingWail+1","floor":38},{"not_picked":["Masterful Stab+1"],"picked":"SKIP","floor":39},{"not_picked":["Terror+1"],"picked":"SKIP","floor":45},{"not_picked":[],"picked":"Blade Dance+1","floor":46},{"not_picked":[],"picked":"Backflip+1","floor":47}],"player_experience":435652,"relics_obtained":[{"floor":9,"key":"Matryoshka"},{"floor":23,"key":"Vajra"},{"floor":26,"key":"Lantern"},{"floor":26,"key":"Mercury Hourglass"},{"floor":43,"key":"Art of War"},{"floor":43,"key":"Dodecahedron"}],"event_choices":[{"damage_healed":0,"gold_gain":0,"player_choice":"Entered Light","damage_taken":13,"max_hp_gain":0,"max_hp_loss":0,"event_name":"Shining Light","floor":2,"gold_loss":0,"cards_upgraded":["Survivor","Defend_G"]},{"damage_healed":0,"gold_gain":0,"player_choice":"Gave Potion","damage_taken":0,"relics_obtained":["Toxic Egg 2"],"max_hp_gain":0,"max_hp_loss":0,"event_name":"WeMeetAgain","floor":4,"gold_loss":0},{"damage_healed":0,"gold_gain":275,"player_choice":"Desecrate","damage_taken":0,"max_hp_gain":0,"max_hp_loss":0,"event_name":"Golden Shrine","floor":19,"gold_loss":0,"cards_obtained":["Regret"]},{"damage_healed":0,"gold_gain":0,"player_choice":"Memory 1","damage_taken":0,"max_hp_gain":0,"max_hp_loss":0,"event_name":"SensoryStone","floor":36,"gold_loss":0},{"damage_healed":0,"gold_gain":0,"player_choice":"Ignored","damage_taken":0,"max_hp_gain":0,"max_hp_loss":0,"event_name":"Tomb of Lord Red Mask","floor":41,"gold_loss":0},{"damage_healed":0,"gold_gain":0,"player_choice":"Ignored","damage_taken":0,"max_hp_gain":0,"max_hp_loss":0,"event_name":"Mysterious Sphere","floor":48,"gold_loss":0}],"is_beta":false,"boss_relics":[{"not_picked":["Lizard Tail","Coffee Dripper"],"picked":"Busted Crown"},{"not_picked":["Empty Cage","Velvet Choker"],"picked":"Eternal Feather"}],"items_purged_floors":[21],"is_endless":false,"potions_floor_spawned":[3,10,11,13,18,23,27,31,35,38,45,47],"ascension_level":14}