{"gold_per_floor":[115,85,103,117,82,115,115,134,134,28,28,39,57,113,113,188,188,206,256,256,270,20,20,20,20,20,20,20,33,33,53,53,127,127,145,158,158,176,22,22],"floor_reached":40,"playtime":1444,"items_purged":[],"score":701,"play_id":"e20195f0-e344-4e31-a126-18c12e843483","local_time":"20190121161443","is_ascension_mode":true,"campfire_choices":[{"data":"Whirlwind","floor":7,"key":"SMITH"},{"data":"Metallicize","floor":11,"key":"SMITH"},{"data":"Shrug It Off","floor":15,"key":"SMITH"},{"floor":23,"key":"REST"},{"data":"Inflame","floor":25,"key":"SMITH"},{"data":"Inflame","floor":28,"key":"SMITH"},{"data":"Sever Soul","floor":30,"key":"SMITH"},{"floor":32,"key":"REST"}],"neow_cost":"PERCENT_DAMAGE","seed_source_timestamp":2328165673455796,"circlet_count":0,"master_deck":["AscendersBane","Strike_R","Strike_R","Strike_R","Strike_R","Strike_R","Defend_R","Defend_R","Defend_R+1","Defend_R+1","Bash","Inflame+1","Sever Soul+1","Whirlwind+1","Metallicize+1","Shrug It Off+1","Shrug It Off+1","Iron Wave","Inflame+1","Cleave","Double Tap+1","Shrug It Off+1","Heavy Blade+1","Iron Wave","Sentinel+1","Limit Break+1","Shrug It Off+1","Shockwave+1"],"relics":["Burning Blood","Charon\u0027s Ashes","Dodecahedron","Toxic Egg 2","Bottled Flame","Velvet Choker","Shuriken","Mercury Hourglass","Darkstone Periapt","Runic Pyramid","War Paint"],"potions_floor_usage":[3,6,14,16,18,20,33,33,40],"damage_taken":[{"damage":0,"enemies":"Small Slimes","floor":1,"turns":3},{"damage":6,"enemies":"Cultist","floor":3,"turns":3},{"damage":9,"enemies":"Jaw Worm","floor":4,"turns":3},{"damage":40,"enemies":"Lagavulin","floor":6,"turns":5},{"damage":0,"enemies":"Exordium Wildlife","floor":8,"turns":1},{"damage":16,"enemies":"2 Fungi Beasts","floor":12,"turns":4},{"damage":6,"enemies":"Looter","floor":13,"turns":3},{"damage":13,"enemies":"3 Sentries","floor":14,"turns":6},{"damage":26,"enemies":"The Guardian","floor":16,"turns":12},{"damage":17,"enemies":"2 Thieves","floor":18,"turns":3},{"damage":13,"enemies":"Colosseum Slavers","floor":20,"turns":2},{"damage":14,"enemies":"Chosen","floor":21,"turns":5},{"damage":12,"enemies":"Centurion and Healer","floor":29,"turns":6},{"damage":4,"enemies":"Snake Plant","floor":31,"turns":4},{"damage":77,"enemies":"Collector","floor":33,"turns":10},{"damage":6,"enemies":"3 Shapes","floor":35,"turns":4},{"damage":16,"enemies":"Orb Walker","floor":36,"turns":2},{"damage":9,"enemies":"Spire Growth","floor":38,"turns":4},{"damage":87,"enemies":"Giant Head","floor":40,"turns":7}],"seed_played":"-5154604413168178642","potions_obtained":[{"floor":2,"key":"BloodPotion"},{"floor":2,"key":"Ancient Potion"},{"floor":3,"key":"Block Potion"},{"floor":6,"key":"Energy Potion"},{"floor":16,"key":"AttackPotion"},{"floor":18,"key":"Fire Potion"},{"floor":21,"key":"PowerPotion"},{"floor":29,"key":"Block Potion"},{"floor":35,"key":"Explosive Potion"},{"floor":38,"key":"FearPotion"}],"is_trial":false,"path_per_floor":["M","?","M","M","?","E","R","M","T","$","R","M","M","?","R","B",null,"M","?","?","M","$","R","T","R","T","?","R","M","R","M","R","B",null,"M","M","?","M","$","E"],"character_chosen":"IRONCLAD","items_purchased":["Shrug It Off+1","Iron Wave","Shuriken","War Paint"],"campfire_rested":2,"item_purchase_floors":[10,10,22,39],"current_hp_per_floor":[56,56,63,60,75,41,41,47,47,47,47,37,37,30,30,10,59,48,48,41,33,33,55,55,55,55,61,61,55,55,57,81,10,63,63,53,53,50,50,0],"gold":22,"neow_bonus":"ONE_RARE_RELIC","is_prod":false,"is_daily":false,"chose_seed":false,"campfire_upgraded":6,"win_rate":0,"timestamp":1548087283,"path_taken":["M","?","M","?","?","E","R","M","T","?","R","?","M","?","R","BOSS","M","?","?","M","$","R","?","R","T","?","R","?","R","M","R","BOSS","M","?","?","?","$","E"],"build_version":"2019-01-17v2","purchased_purges":0,"victory":false,"max_hp_per_floor":[75,75,75,75,75,75,75,75,75,75,75,75,75,75,75,75,75,75,75,75,75,75,75,75,75,75,81,81,81,81,81,81,81,81,81,81,81,81,81,81],"card_choices":[{"not_picked":["Clothesline","Headbutt"],"picked":"Inflame","floor":1},{"not_picked":["Fire Breathing","Wild Strike"],"picked":"Sever Soul","floor":3},{"not_picked":["Heavy Blade","Perfected Strike"],"picked":"Whirlwind","floor":4},{"not_picked":["Reckless Charge","Dual Wield"],"picked":"Metallicize","floor":6},{"not_picked":["Flex","Blood for Blood"],"picked":"Shrug It Off","floor":8},{"not_picked":["Spot Weakness+1","Feed","Havoc+1"],"picked":"SKIP","floor":12},{"not_picked":["Warcry+1","Reckless Charge"],"picked":"Inflame","floor":13},{"not_picked":["Rampage","Body Slam"],"picked":"Cleave","floor":14},{"not_picked":["Bludgeon","Feed"],"picked":"Double Tap+1","floor":16},{"not_picked":["Iron Wave+1","Fire Breathing"],"picked":"Shrug It Off+1","floor":18},{"not_picked":["Clash","Anger"],"picked":"Heavy Blade+1","floor":21},{"not_picked":["Disarm+1","Brutality"],"picked":"Iron Wave","floor":29},{"not_picked":["Cleave","Sword Boomerang"],"picked":"Sentinel+1","floor":31},{"not_picked":["Fiend Fire","Immolate"],"picked":"Limit Break+1","floor":33},{"not_picked":["Iron Wave","Spot Weakness+1"],"picked":"Shrug It Off+1","floor":35},{"not_picked":["Twin Strike","Feed","Blood for Blood"],"picked":"SKIP","floor":36},{"not_picked":["Anger","Pommel Strike"],"picked":"Shockwave+1","floor":38}],"player_experience":450839,"relics_obtained":[{"floor":6,"key":"Dodecahedron"},{"floor":9,"key":"Toxic Egg 2"},{"floor":14,"key":"Bottled Flame"},{"floor":24,"key":"Mercury Hourglass"},{"floor":26,"key":"Darkstone Periapt"}],"event_choices":[{"damage_healed":0,"gold_gain":0,"player_choice":"Bought 2 Potions","damage_taken":0,"max_hp_gain":0,"max_hp_loss":0,"event_name":"The Woman in Blue","floor":2,"gold_loss":0},{"damage_healed":18,"gold_gain":0,"player_choice":"Healed","damage_taken":0,"max_hp_gain":0,"max_hp_loss":0,"event_name":"The Cleric","floor":5,"gold_loss":35},{"damage_healed":0,"gold_gain":0,"player_choice":"Searched \u00271\u0027 times","damage_taken":0,"max_hp_gain":0,"max_hp_loss":0,"event_name":"Dead Adventurer","floor":14,"gold_loss":0},{"damage_healed":0,"gold_gain":50,"player_choice":"Stole From Cult","damage_taken":0,"max_hp_gain":0,"max_hp_loss":0,"event_name":"Nest","floor":19,"gold_loss":0},{"damage_healed":0,"gold_gain":0,"player_choice":"Fight","damage_taken":0,"max_hp_gain":0,"max_hp_loss":0,"event_name":"Colosseum","floor":20,"gold_loss":0},{"damage_healed":0,"gold_gain":0,"player_choice":"Fled From Nobs","damage_taken":0,"max_hp_gain":0,"max_hp_loss":0,"event_name":"Colosseum","floor":20,"gold_loss":0},{"damage_healed":0,"gold_gain":0,"player_choice":"Smashed Altar","damage_taken":0,"max_hp_gain":0,"max_hp_loss":0,"event_name":"Forgotten Altar","floor":27,"gold_loss":0,"cards_obtained":["Decay"]},{"cards_removed":["Decay"],"damage_healed":0,"gold_gain":0,"player_choice":"Removed Curses","damage_taken":0,"max_hp_gain":0,"max_hp_loss":0,"event_name":"Fountain of Cleansing","floor":37,"gold_loss":0}],"is_beta":false,"boss_relics":[{"not_picked":["Black Star","Calling Bell"],"picked":"Velvet Choker"},{"not_picked":["Coffee Dripper","Mark of Pain"],"picked":"Runic Pyramid"}],"items_purged_floors":[],"is_endless":false,"potions_floor_spawned":[3,6,12,16,18,21,29,35,38],"killed_by":"Giant Head","ascension_level":15}