{"path_per_floor":["M","M","M","M","M","E","R","?","T","R","E","M","M","E","R","B",null,"M","M","?","M","$","E","R","E","T","R","M","?","?","?","R","B",null,"M","?","?","M","M","E","R","E","T","R","E","M","R","M","R","B",null,"M","?","M","M","?","R","M","E","T","M","M","M","M","M","R","B",null,"M","M","M","M","?","R","E","?","E","R","M","R","?","$","R","B",null,"M","?","$","M","M","R","?","R","E","M","R","M","E","M","R","B",null,"M","M","E","M","$","R","M","$","E","M","E","M","E","?","R","B",null,"M","M","?","M","$","R","M","?","E","R","E","?","M","?","R","B",null,"M","$"],"character_chosen":"THE_SILENT","items_purchased":["Anchor","Unceasing Top","Tactician+1","Ornamental Fan","Letter Opener","Tiny Chest","Dodecahedron","Calculated Gamble+1","Well Laid Plans","Deflect+1","Tingsha","Toolbox","Endless Agony","Backflip+1","Good Instincts+1","Bird Faced Urn"],"gold_per_floor":[117,135,155,168,183,210,210,285,285,285,318,333,346,371,371,475,475,490,508,508,526,39,65,65,100,171,171,191,106,132,132,132,235,235,252,252,252,269,279,312,312,345,368,368,393,409,409,419,419,516,516,526,526,541,558,633,633,647,677,677,690,704,723,733,745,745,846,846,856,866,878,898,898,898,924,924,954,954,972,972,972,173,173,277,277,288,338,177,191,211,211,211,211,244,261,261,276,310,322,322,427,427,445,462,495,506,65,65,84,12,47,62,90,100,135,135,135,234,234,246,264,179,196,112,112,131,131,159,159,184,184,194,194,194,299,299,319,80,80],"floor_reached":139,"campfire_rested":7,"playtime":18603,"item_purchase_floors":[],"current_hp_per_floor":[69,58,58,54,54,32,53,42,42,63,49,41,41,31,52,52,70,57,57,44,40,40,40,62,55,55,55,45,45,45,45,67,64,75,56,46,46,46,46,49,49,55,55,55,55,55,75,61,61,32,75,75,81,81,81,70,70,70,70,70,70,70,70,70,70,70,70,81,81,81,81,81,81,81,81,81,81,81,81,81,81,81,81,81,81,81,81,81,81,80,80,91,91,91,91,91,91,91,91,91,38,91,91,91,91,91,91,91,91,91,91,91,91,91,91,91,91,91,46,46,46,46,46,46,46,35,35,35,35,30,30,30,14,42,11,46,40,40,0],"items_purged":["Regret"],"gold":80,"score":3691,"play_id":"7f8bac38-b6bb-4253-a083-b225dbadb9e5","local_time":"20180625184526","daily_mods":["Draft"],"is_prod":false,"is_daily":false,"chose_seed":false,"is_ascension_mode":false,"campfire_upgraded":18,"win_rate":0,"timestamp":1529973926,"campfire_choices":[{"floor":7.0,"key":"REST"},{"floor":10.0,"key":"REST"},{"floor":15.0,"key":"REST"},{"floor":24.0,"key":"REST"},{"data":"Infinite Blades","floor":27.0,"key":"SMITH"},{"floor":32.0,"key":"REST"},{"data":"Mind Blast","floor":41.0,"key":"SMITH"},{"data":"Cloak And Dagger","floor":44.0,"key":"SMITH"},{"floor":47.0,"key":"REST"},{"data":"Backstab","floor":49.0,"key":"SMITH"},{"data":"Terror","floor":57.0,"key":"SMITH"},{"data":"Blur","floor":66.0,"key":"SMITH"},{"data":"Cloak And Dagger","floor":74.0,"key":"SMITH"},{"data":"Accuracy","floor":78.0,"key":"SMITH"},{"data":"Sucker Punch","floor":80.0,"key":"SMITH"},{"data":"Backstab","floor":83.0,"key":"SMITH"},{"data":"Die Die Die","floor":91.0,"key":"SMITH"},{"data":"Backflip","floor":93.0,"key":"SMITH"},{"data":"Well Laid Plans","floor":96.0,"key":"SMITH"},{"data":"Flash of Steel","floor":100.0,"key":"SMITH"},{"data":"All Out Attack","floor":108,"key":"SMITH"},{"data":"Flying Knee","floor":117,"key":"SMITH"},{"data":"Die Die Die","floor":125,"key":"SMITH"},{"data":"Infinite Blades","floor":129,"key":"SMITH"},{"floor":134,"key":"REST"}],"path_taken":["M","?","?","M","M","E","R","?","T","R","E","M","M","E","R","BOSS","M","M","?","M","$","E","R","E","T","R","?","?","?","?","R","BOSS","M","?","?","?","M","E","R","E","T","R","E","M","R","M","R","BOSS","M","?","M","M","?","R","M","E","T","M","M","?","M","M","R","BOSS","M","M","M","M","?","R","E","?","E","R","M","R","?","$","R","BOSS","M","?","?","M","M","R","?","R","E","M","R","M","E","?","R","BOSS","M","?","?","M","?","R","M","$","E","?","E","M","E","?","R","BOSS","M","M","?","M","$","R","M","?","E","R","E","?","M","?","R","BOSS","M","$","?"],"build_version":"2018-06-21","seed_source_timestamp":0,"purchased_purges":1,"circlet_count":0,"victory":false,"master_deck":["Infinite Blades+1","Acrobatics","Cloak And Dagger+1","All Out Attack+1","Sucker Punch+1","Dagger Spray","Terror+1","Cloak And Dagger+1","Heel Hook","Blur+1","Escape Plan","Dagger Spray","Expertise","Dagger Throw","Backflip+1","Backstab+1","Malaise+1","Blade Dance+1","Tactician+1","Blade Dance+1","Concentrate+1","Burst+1","Heel Hook+1","Flash of Steel+1","Bandage Up+1","Mind Blast+1","Cloak And Dagger+1","Distraction+1","Blade Dance+1","Deflect+1","Slice","Blur+1","Accuracy+1","Backstab+1","Die Die Die+1","Calculated Gamble+1","Well Laid Plans+1","Deflect+1","Leg Sweep+1","Slice","Calculated Gamble+1","Deadly Poison+1","Night Terror+1","PiercingWail+1","Flying Knee+1","Endless Agony","Backflip+1","Slice","Dagger Throw","Acrobatics+1","PiercingWail+1","Die Die Die+1","Underhanded Strike","Infinite Blades+1","Good Instincts+1","Dodge and Roll+1","Cloak And Dagger+1","Caltrops","Escape Plan+1","Finisher","Doppelganger+1","Skewer+1"],"max_hp_per_floor":[70,70,70,70,70,70,70,70,70,70,70,70,70,70,70,70,70,70,70,75,75,75,75,75,75,75,75,75,75,75,75,75,75,75,75,75,75,75,75,75,75,75,75,75,75,75,75,75,75,75,75,75,81,81,81,81,81,81,81,81,81,81,81,81,81,81,81,81,81,81,81,81,81,81,81,81,81,81,81,81,81,81,81,81,81,81,81,81,81,81,81,91,91,91,91,91,91,91,91,91,91,91,91,91,91,91,91,91,91,91,91,91,91,91,91,91,91,91,46,46,46,46,46,46,46,46,46,46,46,46,46,46,46,46,46,46,46,46,46],"special_seed":20635678,"relics":["Ring of the Snake","Dead Branch","Toxic Egg 2","Shuriken","The Courier","Sozu","Anchor","Unceasing Top","Darkstone Periapt","Mummified Hand","Matryoshka","Tough Bandages","Red Mask","Busted Crown","Dream Catcher","Ninja Scroll","Paper Crane","Snake Skull","Art of War","Empty Cage","Regal Pillow","Potion Belt","Sundial","Boot","Ornamental Fan","Letter Opener","Tiny Chest","Dodecahedron","Ice Cream","Tingsha","Toolbox","Mercury Hourglass","Nilry\u0027s Codex","Bird Faced Urn"],"card_choices":[{"not_picked":["Deflect","Skewer"],"picked":"Infinite Blades","floor":0.0},{"not_picked":["Flying Knee","Dodge and Roll"],"picked":"Acrobatics","floor":0.0},{"not_picked":["Poisoned Stab","Backflip"],"picked":"Cloak And Dagger","floor":0.0},{"not_picked":["Dodge and Roll","Slice"],"picked":"All Out Attack","floor":0.0},{"not_picked":["Dagger Throw","Caltrops"],"picked":"Sucker Punch","floor":0.0},{"not_picked":["Prepared","Poisoned Stab"],"picked":"Dagger Spray","floor":0.0},{"not_picked":["Caltrops","Expertise"],"picked":"Terror","floor":0.0},{"not_picked":["Terror","Deadly Poison"],"picked":"Cloak And Dagger","floor":0.0},{"not_picked":["Acrobatics","Deflect"],"picked":"Heel Hook","floor":0.0},{"not_picked":["Flechettes","Deflect"],"picked":"Blur","floor":0.0},{"not_picked":["Sucker Punch","Outmaneuver"],"picked":"Reflex","floor":0.0},{"not_picked":["Slice","Skewer"],"picked":"Escape Plan","floor":0.0},{"not_picked":["Dagger Spray","Flying Knee"],"picked":"Underhanded Strike","floor":0.0},{"not_picked":["Dodge and Roll","PiercingWail"],"picked":"Dagger Spray","floor":0.0},{"not_picked":["Dagger Throw","Quick Slash"],"picked":"Choke","floor":0.0},{"not_picked":["Reflex","Deadly Poison","Dagger Throw"],"picked":"SKIP","floor":1.0},{"not_picked":["Crippling Poison","Poisoned Stab"],"picked":"Expertise","floor":2.0},{"not_picked":["Outmaneuver","Reflex"],"picked":"Dagger Throw","floor":3.0},{"not_picked":["Slice","Catalyst","Dodge and Roll"],"picked":"SKIP","floor":4.0},{"not_picked":["Quick Slash","Cloak And Dagger"],"picked":"Backflip","floor":5.0},{"not_picked":["Dagger Throw","Flying Knee","Sucker Punch"],"picked":"SKIP","floor":6.0},{"not_picked":["Poisoned Stab","A Thousand Cuts","Outmaneuver+1"],"picked":"SKIP","floor":11.0},{"not_picked":["All Out Attack","Skewer"],"picked":"Backstab","floor":12.0},{"not_picked":["Outmaneuver+1","Expertise+1"],"picked":"Malaise+1","floor":13.0},{"not_picked":["Concentrate+1","Wraith Form v2","Outmaneuver+1"],"picked":"SKIP","floor":14.0},{"not_picked":["Glass Knife","Unload"],"picked":"Venomology+1","floor":16.0},{"not_picked":["Flying Knee","Outmaneuver+1"],"picked":"Blade Dance+1","floor":18.0},{"not_picked":["Predator+1","Slice+1","Prepared+1"],"picked":"SKIP","floor":19.0},{"not_picked":["Flying Knee","Poisoned Stab+1","Masterful Stab"],"picked":"SKIP","floor":21.0},{"not_picked":["Venomology+1","Quick Slash","Skewer"],"picked":"SKIP","floor":23.0},{"not_picked":["Dodge and Roll+1","Deflect+1"],"picked":"Blade Dance+1","floor":25.0},{"not_picked":["Dagger Throw","Prepared+1"],"picked":"Concentrate+1","floor":28.0},{"not_picked":["A Thousand Cuts","Envenom"],"picked":"Burst+1","floor":33.0},{"not_picked":[],"picked":"Heel Hook+1","floor":35.0},{"not_picked":[],"picked":"Flash of Steel","floor":36.0},{"not_picked":[],"picked":"Bandage Up+1","floor":36.0},{"not_picked":[],"picked":"Mind Blast","floor":36.0},{"not_picked":["Outmaneuver+1"],"picked":"SKIP","floor":38.0},{"not_picked":[],"picked":"Cloak And Dagger+1","floor":39.0},{"not_picked":["Bane+1"],"picked":"SKIP","floor":40.0},{"not_picked":["Poisoned Stab+1"],"picked":"SKIP","floor":42.0},{"not_picked":["Outmaneuver+1"],"picked":"SKIP","floor":45.0},{"not_picked":["All Out Attack"],"picked":"SKIP","floor":46.0},{"not_picked":[],"picked":"Distraction+1","floor":48.0},{"not_picked":[],"picked":"Blade Dance+1","floor":52.0},{"not_picked":[],"picked":"Deflect+1","floor":54.0},{"not_picked":["PiercingWail+1"],"picked":"SKIP","floor":55.0},{"not_picked":["PiercingWail+1"],"picked":"SKIP","floor":55.0},{"not_picked":["Acrobatics+1"],"picked":"SKIP","floor":58.0},{"not_picked":["Prepared+1"],"picked":"SKIP","floor":59.0},{"not_picked":["Outmaneuver+1"],"picked":"SKIP","floor":61.0},{"not_picked":["Caltrops"],"picked":"SKIP","floor":62.0},{"not_picked":["Outmaneuver+1"],"picked":"SKIP","floor":63.0},{"not_picked":[],"picked":"Slice","floor":64.0},{"not_picked":["Choke"],"picked":"SKIP","floor":65.0},{"not_picked":["Prepared+1"],"picked":"SKIP","floor":69.0},{"not_picked":["Predator"],"picked":"SKIP","floor":70.0},{"not_picked":[],"picked":"Blur+1","floor":71.0},{"not_picked":["Acrobatics+1"],"picked":"SKIP","floor":72.0},{"not_picked":[],"picked":"Accuracy","floor":75.0},{"not_picked":["Outmaneuver+1"],"picked":"SKIP","floor":77.0},{"not_picked":["Bane"],"picked":"SKIP","floor":79.0},{"not_picked":[],"picked":"Die Die Die","floor":84.0},{"not_picked":["Catalyst+1"],"picked":"SKIP","floor":86.0},{"not_picked":[],"picked":"Leg Sweep+1","floor":89.0},{"not_picked":["Poisoned Stab+1"],"picked":"SKIP","floor":90.0},{"not_picked":[],"picked":"Slice","floor":94.0},{"not_picked":["Bane+1"],"picked":"SKIP","floor":95.0},{"not_picked":["Dodge and Roll+1"],"picked":"SKIP","floor":97.0},{"not_picked":[],"picked":"Calculated Gamble+1","floor":98.0},{"not_picked":["Eviscerate"],"picked":"SKIP","floor":99.0},{"not_picked":["Acrobatics+1"],"picked":"SKIP","floor":103},{"not_picked":[],"picked":"Deadly Poison+1","floor":104},{"not_picked":[],"picked":"Night Terror+1","floor":105},{"not_picked":[],"picked":"PiercingWail+1","floor":106},{"not_picked":[],"picked":"Flying Knee","floor":109},{"not_picked":[],"picked":"Slice","floor":111},{"not_picked":[],"picked":"Dagger Throw","floor":112},{"not_picked":["Dodge and Roll+1"],"picked":"SKIP","floor":113},{"not_picked":[],"picked":"Acrobatics+1","floor":114},{"not_picked":[],"picked":"PiercingWail+1","floor":115},{"not_picked":[],"picked":"Die Die Die","floor":118},{"not_picked":[],"picked":"Underhanded Strike","floor":120},{"not_picked":[],"picked":"Underhanded Strike","floor":121},{"not_picked":[],"picked":"Infinite Blades","floor":123},{"not_picked":[],"picked":"Dodge and Roll+1","floor":126},{"not_picked":[],"picked":"Cloak And Dagger+1","floor":128},{"not_picked":[],"picked":"Caltrops","floor":130},{"not_picked":[],"picked":"Escape Plan+1","floor":132},{"not_picked":[],"picked":"Finisher","floor":134},{"not_picked":[],"picked":"Doppelganger+1","floor":135},{"not_picked":[],"picked":"Skewer+1","floor":137}],"player_experience":375539,"potions_floor_usage":[],"damage_taken":[{"damage":1.0,"enemies":"Cultist","floor":1.0,"turns":3.0},{"damage":11.0,"enemies":"Jaw Worm","floor":2.0,"turns":2.0},{"damage":0.0,"enemies":"2 Louse","floor":3.0,"turns":1.0},{"damage":4.0,"enemies":"Blue Slaver","floor":4.0,"turns":4.0},{"damage":0.0,"enemies":"Exordium Thugs","floor":5.0,"turns":3.0},{"damage":22.0,"enemies":"3 Sentries","floor":6.0,"turns":7.0},{"damage":14.0,"enemies":"Gremlin Nob","floor":11.0,"turns":4.0},{"damage":8.0,"enemies":"Red Slaver","floor":12.0,"turns":5.0},{"damage":0.0,"enemies":"Lots of Slimes","floor":13.0,"turns":3.0},{"damage":10.0,"enemies":"Lagavulin","floor":14.0,"turns":5.0},{"damage":0.0,"enemies":"Hexaghost","floor":16.0,"turns":7.0},{"damage":13.0,"enemies":"Chosen","floor":18.0,"turns":4.0},{"damage":0.0,"enemies":"3 Byrds","floor":19.0,"turns":3.0},{"damage":4.0,"enemies":"Snake Plant","floor":21.0,"turns":4.0},{"damage":0.0,"enemies":"Gremlin Leader","floor":23.0,"turns":1.0},{"damage":7.0,"enemies":"Book of Stabbing","floor":25.0,"turns":4.0},{"damage":10.0,"enemies":"Slaver and Parasite","floor":28.0,"turns":3.0},{"damage":0.0,"floor":30.0,"turns":3.0},{"damage":3.0,"enemies":"Champ","floor":33.0,"turns":6.0},{"damage":19.0,"enemies":"3 Shapes","floor":35.0,"turns":5.0},{"damage":0.0,"enemies":"Orb Walker","floor":38.0,"turns":1.0},{"damage":0.0,"enemies":"Spire Growth","floor":39.0,"turns":2.0},{"damage":9.0,"enemies":"2 Orb Walkers","floor":40.0,"turns":3.0},{"damage":0.0,"enemies":"Nemesis","floor":42.0,"turns":3.0},{"damage":0.0,"enemies":"2 Orb Walkers","floor":45.0,"turns":2.0},{"damage":0.0,"enemies":"Maw","floor":46.0,"turns":3.0},{"damage":14.0,"enemies":"Sphere and 2 Shapes","floor":48.0,"turns":3.0},{"damage":35.0,"enemies":"Time Eater","floor":50.0,"turns":6.0},{"damage":0.0,"enemies":"Small Slimes","floor":52.0,"turns":1.0},{"damage":0.0,"enemies":"Cultist","floor":54.0,"turns":1.0},{"damage":0.0,"enemies":"Jaw Worm","floor":55.0,"turns":1.0},{"damage":0.0,"enemies":"Blue Slaver","floor":58.0,"turns":1.0},{"damage":0.0,"enemies":"3 Sentries","floor":59.0,"turns":1.0},{"damage":0.0,"enemies":"2 Fungi Beasts","floor":61.0,"turns":1.0},{"damage":0.0,"enemies":"Looter","floor":62.0,"turns":1.0},{"damage":0.0,"enemies":"Lots of Slimes","floor":63.0,"turns":1.0},{"damage":0.0,"enemies":"2 Fungi Beasts","floor":64.0,"turns":1.0},{"damage":0.0,"enemies":"Exordium Thugs","floor":65.0,"turns":1.0},{"damage":0.0,"enemies":"Slime Boss","floor":67.0,"turns":2.0},{"damage":0.0,"enemies":"Chosen","floor":69.0,"turns":2.0},{"damage":0.0,"enemies":"Shell Parasite","floor":70.0,"turns":1.0},{"damage":0.0,"enemies":"Snake Plant","floor":71.0,"turns":2.0},{"damage":6.0,"enemies":"3 Cultists","floor":72.0,"turns":2.0},{"damage":0.0,"enemies":"Gremlin Leader","floor":75.0,"turns":3.0},{"damage":0.0,"enemies":"Slavers","floor":77.0,"turns":2.0},{"damage":0.0,"enemies":"Centurion and Healer","floor":79.0,"turns":1.0},{"damage":0.0,"enemies":"Champ","floor":84.0,"turns":4.0},{"damage":0.0,"enemies":"Orb Walker","floor":86.0,"turns":2.0},{"damage":0.0,"floor":87.0,"turns":2.0},{"damage":0.0,"enemies":"3 Darklings","floor":89.0,"turns":2.0},{"damage":1.0,"enemies":"4 Shapes","floor":90.0,"turns":2.0},{"damage":0.0,"enemies":"Nemesis","floor":94.0,"turns":2.0},{"damage":0.0,"enemies":"Flame Bruiser 2 Orb","floor":95.0,"turns":3.0},{"damage":0.0,"enemies":"3 Darklings","floor":97.0,"turns":1.0},{"damage":0.0,"enemies":"Giant Head","floor":98.0,"turns":2.0},{"damage":0.0,"enemies":"Sphere and 2 Shapes","floor":99.0,"turns":2.0},{"damage":59.0,"enemies":"Time Eater","floor":101.0,"turns":8.0},{"damage":0,"enemies":"Jaw Worm","floor":103,"turns":1},{"damage":0,"enemies":"2 Louse","floor":104,"turns":1},{"damage":0,"enemies":"3 Sentries","floor":105,"turns":3},{"damage":0,"enemies":"Cultist","floor":106,"turns":1},{"damage":0,"enemies":"3 Louse","floor":109,"turns":1},{"damage":0,"enemies":"Lagavulin","floor":111,"turns":2},{"damage":0,"enemies":"Blue Slaver","floor":112,"turns":1},{"damage":0,"enemies":"Gremlin Nob","floor":113,"turns":2},{"damage":0,"enemies":"Looter","floor":114,"turns":1},{"damage":0,"enemies":"Lagavulin","floor":115,"turns":2},{"damage":0,"enemies":"Hexaghost","floor":118,"turns":5},{"damage":0,"enemies":"Chosen","floor":120,"turns":2},{"damage":0,"enemies":"2 Thieves","floor":121,"turns":2},{"damage":0,"enemies":"Snecko","floor":123,"turns":2},{"damage":11,"enemies":"Slaver and Parasite","floor":126,"turns":4},{"damage":0,"enemies":"Slavers","floor":128,"turns":3},{"damage":11,"enemies":"Gremlin Leader","floor":130,"turns":4},{"damage":0,"enemies":"Centurion and Healer","floor":132,"turns":4},{"damage":37,"enemies":"Collector","floor":135,"turns":8},{"damage":6,"enemies":"3 Darklings","floor":137,"turns":3},{"damage":56,"enemies":"Nemesis","floor":139,"turns":2}],"relics_obtained":[{"floor":6.0,"key":"Dead Branch"},{"floor":9.0,"key":"Toxic Egg 2"},{"floor":11.0,"key":"Shuriken"},{"floor":14.0,"key":"The Courier"},{"floor":23.0,"key":"Darkstone Periapt"},{"floor":25.0,"key":"Mummified Hand"},{"floor":26.0,"key":"Matryoshka"},{"floor":30.0,"key":"Red Mask"},{"floor":40.0,"key":"Dream Catcher"},{"floor":42.0,"key":"Ninja Scroll"},{"floor":43.0,"key":"Paper Crane"},{"floor":43.0,"key":"Snake Skull"},{"floor":45.0,"key":"Art of War"},{"floor":60.0,"key":"Potion Belt"},{"floor":60.0,"key":"Sundial"},{"floor":87.0,"key":"Ice Cream"},{"floor":133,"key":"Nilry\u0027s Codex"}],"event_choices":[{"event_name":"World of Goop","player_choice":"Gather Gold","floor":8.0,"damage_taken":0.0},{"event_name":"Forgotten Altar","player_choice":"Shed Blood","floor":20.0,"damage_taken":0.0},{"event_name":"Addict","player_choice":"Obtained Relic","floor":29.0,"damage_taken":0.0},{"event_name":"Masked Bandits","player_choice":"Fought over 106 gold","floor":30.0,"damage_taken":0.0},{"event_name":"Ghosts","player_choice":"Ignored","floor":31.0,"damage_taken":0.0},{"event_name":"SensoryStone","player_choice":"Memory 3","floor":36.0,"damage_taken":0.0},{"event_name":"Falling","player_choice":"Removed Attack","floor":37.0,"damage_taken":0.0},{"event_name":"Big Fish","player_choice":"Box","floor":53.0,"damage_taken":0.0},{"event_name":"World of Goop","player_choice":"Gather Gold","floor":56.0,"damage_taken":0.0},{"event_name":"Ghosts","player_choice":"Ignored","floor":73.0,"damage_taken":0.0},{"event_name":"The Mausoleum","player_choice":"Yes","floor":76.0,"damage_taken":0.0},{"event_name":"The Library","player_choice":"Read","floor":81.0,"damage_taken":0.0},{"event_name":"Mysterious Sphere","player_choice":"Fight","floor":87.0,"damage_taken":0.0},{"event_name":"Bonfire Elementals","player_choice":"RARE","floor":92.0,"damage_taken":0.0},{"event_name":"The Lab","player_choice":"Got Potions","floor":116,"damage_taken":0},{"event_name":"Addict","player_choice":"Obtained Relic","floor":122,"damage_taken":0},{"event_name":"Back to Basics","player_choice":"Elegance","floor":127,"damage_taken":0},{"event_name":"Vampires","player_choice":"Ignored","floor":131,"damage_taken":0},{"event_name":"Cursed Tome","player_choice":"Obtained Book","floor":133,"damage_taken":0}],"boss_relics":[{"not_picked":["Tiny House","Velvet Choker"],"picked":"Sozu"},{"not_picked":["Astrolabe","Black Star"],"picked":"Busted Crown"},{"not_picked":["Snecko Eye","Cursed Key"],"picked":"Empty Cage"},{"not_picked":["GraspOfShadows"],"picked":"VoidEssence"},{"not_picked":["BlightedDurian"],"picked":"MetallicRebirth"},{"not_picked":["BlightedDurian"],"picked":"VoidEssence"},{"not_picked":["Scatterbrain"],"picked":"BlightedDurian"},{"not_picked":["GraspOfShadows"],"picked":"MetallicRebirth"}],"items_purged_floors":[],"is_endless":true,"potions_floor_spawned":[2,5,12,13,16,21,23,25,33,38,48,52,55,58,59,63,65,71,72,79,84,86,87,94,95,101,103,104,106,115,118,121,123,130,135],"seed_played":"3605069244171953647","killed_by":"Nemesis","ascension_level":0,"potions_obtained":[{"floor":2.0,"key":"Explosive Potion"},{"floor":5.0,"key":"LiquidBronze"},{"floor":12.0,"key":"GamblersBrew"},{"floor":13.0,"key":"Weak Potion"},{"floor":16.0,"key":"SteroidPotion"}],"is_trial":true}