{"gold_per_floor":[110,122,137,148,98,98,131,145,145,145],"floor_reached":10,"playtime":307,"items_purged":[],"score":84,"play_id":"42e8cbb1-a81e-4d53-9033-39fa6e50035d","local_time":"20180628221552","is_ascension_mode":true,"campfire_choices":[{"data":"Zap","floor":6,"key":"SMITH"}],"neow_cost":"NONE","seed_source_timestamp":342092224142833,"circlet_count":0,"master_deck":["Strike_B","Strike_B","Strike_B","Defend_B","Defend_B","Defend_B","Defend_B","Zap+1","Dualcast","Cold Snap","Leap","Conserve Battery","Auto Shields"],"relics":["Cracked Core","Ancient Tea Set","Bottled Lightning","Kunai"],"potions_floor_usage":[7,10],"damage_taken":[{"damage":1,"enemies":"Cultist","floor":1,"turns":3},{"damage":1,"enemies":"Small Slimes","floor":2,"turns":4},{"damage":1,"enemies":"Jaw Worm","floor":3,"turns":3},{"damage":10,"enemies":"3 Louse","floor":4,"turns":4},{"damage":36,"enemies":"Gremlin Nob","floor":7,"turns":5},{"damage":12,"enemies":"Exordium Wildlife","floor":8,"turns":5},{"damage":31,"enemies":"Lagavulin","floor":10,"turns":5}],"seed_played":"-1274924648669793761","potions_obtained":[{"floor":3,"key":"PowerPotion"},{"floor":8,"key":"AttackPotion"}],"is_trial":false,"path_per_floor":["M","M","M","M","?","R","E","M","T"],"character_chosen":"DEFECT","items_purchased":[],"campfire_rested":0,"item_purchase_floors":[],"current_hp_per_floor":[74,73,72,62,62,62,33,21,21,0],"gold":145,"neow_bonus":"RANDOM_COMMON_RELIC","is_prod":false,"is_daily":false,"chose_seed":false,"campfire_upgraded":1,"win_rate":0,"timestamp":1530245752,"path_taken":["M","M","M","M","?","R","E","M","T","E"],"build_version":"2018-06-28","purchased_purges":0,"victory":false,"max_hp_per_floor":[75,75,75,75,75,75,75,75,75,75],"card_choices":[{"not_picked":["Loop","Reinforced Body"],"picked":"Cold Snap","floor":1},{"not_picked":["Reprogram","Go for the Eyes"],"picked":"Leap","floor":2},{"not_picked":["Doom and Gloom","Beam Cell"],"picked":"Conserve Battery","floor":3},{"not_picked":["Compile Driver","Tempest","Sweeping Beam"],"picked":"SKIP","floor":4},{"not_picked":["Coolheaded","Streamline"],"picked":"Auto Shields","floor":7},{"not_picked":["Stack","Heatsinks","Aggregate"],"picked":"SKIP","floor":8}],"player_experience":419037,"relics_obtained":[{"floor":7,"key":"Bottled Lightning"},{"floor":9,"key":"Kunai"}],"event_choices":[{"event_name":"The Cleric","player_choice":"Card Removal","floor":5,"damage_taken":0}],"boss_relics":[],"items_purged_floors":[],"is_endless":false,"potions_floor_spawned":[3,8],"killed_by":"Lagavulin","ascension_level":4}