{"path_per_floor":["M","?","?","?","M","R","M","R","T","$","M","M","$","?","R","B",null,"M","?","M","?","?","E","R","M","T","M","M","M","M","M","R","B",null,"M","M","M","E","M","R","T","R","M","M","R","M","R","B"],"character_chosen":"IRONCLAD","items_purchased":["Shrug It Off","Bandage Up"],"gold_per_floor":[115,115,115,115,131,131,146,146,146,92,104,122,27,27,27,132,132,132,132,87,12,12,12,12,12,12,12,12,12,12,12,12,12,12,12,12,12,12,12,12,12,12,12,12,12,12,12,12],"floor_reached":49,"campfire_rested":1,"playtime":8105,"current_hp_per_floor":[80,73,73,73,61,61,61,61,61,61,61,52,52,52,52,28,80,80,64,74,74,74,72,72,72,72,78,80,70,80,78,78,62,80,80,71,78,58,21,48,48,48,24,52,52,71,71,82],"items_purged":[],"gold":12,"score":510,"play_id":"5de84ab2-b8c2-4db0-b9e5-e0954fbb857c","is_prod":false,"is_daily":false,"is_ascension_mode":false,"campfire_upgraded":4,"path_taken":["M","?","?","?","M","R","M","R","T","$","M","?","?","?","R","BOSS","M","?","M","?","?","E","R","M","T","M","M","M","M","M","R","BOSS","M","?","?","M","?","E","M","R","T","R","M","M","R","M","R","BOSS"],"build_version":"2018-02-22-PROD2","purchased_purges":0,"victory":true,"master_deck":["Strike_R","Defend_R","Defend_R","Bash","Metallicize+1","Ghostly Armor+1","Metallicize+1","Shrug It Off","Iron Wave+1","Bandage Up","Reaper","Clothesline+1","Necronomicurse","Rage+1","Iron Wave+1","Shrug It Off+1","Burning Pact","Flex","Feed","Inflame","Madness","Madness","Flex+1","Clothesline+1","Barricade","Dual Wield+1"],"max_hp_per_floor":[80,80,80,80,80,80,80,80,80,80,80,80,80,80,80,80,80,80,80,80,80,80,80,80,80,80,80,80,80,80,80,80,80,80,83,89,89,89,92,92,92,92,95,95,95,98,98,98],"relics":["White Beast Statue","Peace Pipe","Ectoplasm","Necronomicon","Blood Vial","Frozen Eye","Mark of Pain","Bottled Flame","Orichalcum"],"card_choices":[{"not_picked":["Shrug It Off","Perfected Strike"],"picked":"Metallicize"},{"not_picked":["True Grit","Heavy Blade"],"picked":"Ghostly Armor"},{"not_picked":["Warcry","Dark Embrace"],"picked":"Metallicize"},{"not_picked":["Flex","Heavy Blade"],"picked":"Iron Wave"},{"not_picked":["Brutality","Bludgeon"],"picked":"Reaper"},{"not_picked":["Pommel Strike","Anger"],"picked":"Clothesline"},{"not_picked":["Pummel","Perfected Strike"],"picked":"Rage"},{"not_picked":["Heavy Blade","Armaments"],"picked":"Iron Wave"},{"not_picked":["Evolve","Spot Weakness"],"picked":"Shrug It Off"},{"not_picked":["Shockwave","Bloodletting"],"picked":"Burning Pact"},{"not_picked":["Heavy Blade","Blood for Blood"],"picked":"Flex"},{"not_picked":["Limit Break","Brutality"],"picked":"Feed"},{"not_picked":["Disarm","Twin Strike"],"picked":"Inflame"},{"not_picked":["Ghostly Armor","Armaments"],"picked":"Flex"},{"not_picked":["Perfected Strike","Clash"],"picked":"Clothesline"},{"not_picked":["Warcry","Rage"],"picked":"Barricade"},{"not_picked":["Warcry","Anger"],"picked":"Dual Wield"}],"player_experience":80775,"potions_floor_usage":[38,38,39,43,46,48,48,48],"damage_taken":[{"damage":0.0,"enemies":"2 Louse","floor":1.0,"turns":3.0},{"damage":12.0,"enemies":"Jaw Worm","floor":5.0,"turns":6.0},{"damage":0.0,"enemies":"Small Slimes","floor":7.0,"turns":6.0},{"damage":0.0,"enemies":"Blue Slaver","floor":11.0,"turns":4.0},{"damage":9.0,"enemies":"Exordium Thugs","floor":12.0,"turns":7.0},{"damage":28.0,"enemies":"The Guardian","floor":16.0,"turns":24.0},{"damage":0.0,"enemies":"Shell Parasite","floor":18.0,"turns":12.0},{"damage":2.0,"enemies":"2 Thieves","floor":20.0,"turns":4.0},{"damage":6.0,"enemies":"Book of Stabbing","floor":23.0,"turns":5.0},{"damage":16.0,"enemies":"Chosen and Byrds","floor":25.0,"turns":9.0},{"damage":0.0,"enemies":"Snake Plant","floor":27.0,"turns":5.0},{"damage":3.0,"enemies":"Cultist and Chosen","floor":28.0,"turns":7.0},{"damage":20.0,"enemies":"Sentry and Sphere","floor":29.0,"turns":10.0},{"damage":0.0,"enemies":"Snecko","floor":30.0,"turns":7.0},{"damage":6.0,"enemies":"Cultist and Chosen","floor":31.0,"turns":7.0},{"damage":35.0,"enemies":"Champ","floor":33.0,"turns":14.0},{"damage":6.0,"enemies":"Orb Walker","floor":35.0,"turns":6.0},{"damage":16.0,"enemies":"Mysterious Sphere","floor":36.0,"turns":7.0},{"damage":19.0,"enemies":"3 Shapes","floor":36.0,"turns":9.0},{"damage":19.0,"enemies":"3 Darklings","floor":37.0,"turns":10.0},{"damage":26,"enemies":"Nemesis","floor":38,"turns":11},{"damage":70,"enemies":"4 Shapes","floor":39,"turns":21},{"damage":53,"enemies":"Sphere and 2 Shapes","floor":43,"turns":11},{"damage":14,"enemies":"3 Darklings","floor":44,"turns":10},{"damage":18,"enemies":"4 Shapes","floor":46,"turns":7},{"damage":25,"enemies":"Time Eater","floor":48,"turns":28}],"event_choices":[{"event_name":"Golden Wing","player_choice":"Card Removal","floor":2.0,"damage_taken":0.0},{"event_name":"Liars Game","player_choice":"disagreed","floor":3.0,"damage_taken":0.0},{"event_name":"The Woman in Blue","player_choice":"Bought 0 Potions","floor":4.0,"damage_taken":0.0},{"event_name":"Living Wall","player_choice":"Forget","floor":14.0,"damage_taken":0.0},{"event_name":"Cursed Tome","player_choice":"Obtained Book","floor":19.0,"damage_taken":0.0},{"event_name":"Beggar","player_choice":"Gave Gold","floor":21.0,"damage_taken":0.0},{"event_name":"Fountain of Cleansing","player_choice":"Removed Curse","floor":22.0,"damage_taken":0.0},{"event_name":"Mysterious Sphere","player_choice":"Fight","floor":36.0,"damage_taken":0.0},{"event_name":"Winding Halls","player_choice":"Embrace Madness","floor":36.0,"damage_taken":0.0},{"event_name":"Wheel of Change","player_choice":"Curse","floor":36.0,"damage_taken":0.0}],"boss_relics":[],"potions_floor_spawned":[1,5,7,11,12,16,18,20,23,25,27,28,29,30,31,33,35,36,37,38,39,43,44,46],"seed_played":"4649280415259890976","ascension_level":0,"is_trial":false}