{"gold_per_floor":[411,176,194,30,42,67,67,92,142,142,142,167,167,194,194,273,273,292,342,353,367,170,203,253,253,253,253,433,448,35,54,54,54],"floor_reached":33,"playtime":1447,"items_purged":[],"score":673,"play_id":"fba17935-5147-4cec-b485-24ac1a9511b2","local_time":"20190426144844","is_ascension_mode":true,"campfire_choices":[{"data":"Apotheosis","floor":7.0,"key":"SMITH"},{"floor":10.0,"key":"REST"},{"floor":15.0,"key":"REST"},{"floor":25,"key":"REST"},{"floor":32,"key":"REST"}],"neow_cost":"TEN_PERCENT_HP_LOSS","seed_source_timestamp":2911034493399516,"circlet_count":0,"master_deck":["AscendersBane","Strike_B","Strike_B","Strike_B+1","Strike_B","Defend_B","Defend_B","Defend_B","Defend_B","Zap+1","Dualcast","Auto Shields","Apotheosis+1","Cold Snap+1","Coolheaded","Auto Shields","Beam Cell+1","Reinforced Body","Echo Form","Tempest","Biased Cognition","Stack","Cold Snap","Master of Strategy","Defragment"],"special_seed":0,"relics":["Cracked Core","Old Coin","Whetstone","Symbiotic Virus","Boot","Blood Vial","Turnip","Sundial","Nuclear Battery","Lantern","PreservedInsect","ClockworkSouvenir"],"potions_floor_usage":[23,29],"damage_taken":[{"damage":1.0,"enemies":"Cultist","floor":1.0,"turns":4.0},{"damage":4.0,"enemies":"Jaw Worm","floor":3.0,"turns":3.0},{"damage":8.0,"enemies":"2 Louse","floor":5.0,"turns":2.0},{"damage":17.0,"enemies":"3 Sentries","floor":6.0,"turns":11.0},{"damage":0.0,"enemies":"Lagavulin","floor":8.0,"turns":5.0},{"damage":6.0,"enemies":"3 Sentries","floor":12.0,"turns":7.0},{"damage":0.0,"enemies":"Lagavulin","floor":14.0,"turns":8.0},{"damage":18.0,"enemies":"Slime Boss","floor":16.0,"turns":9.0},{"damage":10.0,"enemies":"Shell Parasite","floor":18.0,"turns":6.0},{"damage":9.0,"enemies":"Spheric Guardian","floor":20.0,"turns":4.0},{"damage":13.0,"enemies":"Chosen and Byrds","floor":21.0,"turns":4.0},{"damage":36,"enemies":"Slavers","floor":23,"turns":7},{"damage":22,"enemies":"3 Cultists","floor":29,"turns":6},{"damage":0,"enemies":"Centurion and Healer","floor":31,"turns":4},{"damage":58,"enemies":"Collector","floor":33,"turns":14}],"seed_played":"5552296331638606183","potions_obtained":[{"floor":5.0,"key":"SmokeBomb"},{"floor":6.0,"key":"GamblersBrew"},{"floor":16.0,"key":"Regen Potion"},{"floor":21.0,"key":"Energy Potion"}],"is_trial":false,"path_per_floor":["M","$","M","$","M","E","R","E","T","R","?","E","?","E","R","B",null,"M","?","M","M","$","E","?","R","T","?","?","M","$","M","R","B"],"character_chosen":"DEFECT","items_purchased":["Apotheosis","Cold Snap","Whetstone","Biased Cognition","Stack","ClockworkSouvenir","Master of Strategy"],"campfire_rested":4,"item_purchase_floors":[2,2,4,22,22,30,30],"current_hp_per_floor":[63,63,59,59,51,34,34,34,34,53,58,54,33,35,55,39,62,54,54,47,36,36,17,17,37,37,51,33,13,13,15,35,0],"gold":54,"neow_bonus":"ONE_RARE_RELIC","is_prod":false,"is_daily":false,"chose_seed":false,"campfire_upgraded":1,"win_rate":0,"timestamp":1556286524,"path_taken":["M","$","M","$","?","E","R","E","T","R","?","E","?","E","R","BOSS","M","?","?","?","$","E","?","R","T","?","?","?","$","M","R","BOSS"],"build_version":"2019-01-23","purchased_purges":0,"victory":false,"max_hp_per_floor":[64,64,64,64,64,64,64,64,64,64,69,69,69,69,69,69,69,69,69,69,69,69,69,69,69,69,69,69,69,69,69,69,69],"card_choices":[{"not_picked":["Turbo","Hologram"],"picked":"Auto Shields","floor":1.0},{"not_picked":["Scrape","Gash"],"picked":"Coolheaded","floor":3.0},{"not_picked":["Double Energy","Steam"],"picked":"Auto Shields","floor":5.0},{"not_picked":["Thunder Strike","Redo"],"picked":"Beam Cell","floor":6.0},{"not_picked":["Redo","Barrage","Gash"],"picked":"SKIP","floor":8.0},{"not_picked":["Scrape","Stack","Redo"],"picked":"SKIP","floor":12.0},{"not_picked":["Hologram","Core Surge"],"picked":"Reinforced Body","floor":14.0},{"not_picked":["Reboot","Hyperbeam"],"picked":"Echo Form","floor":16.0},{"not_picked":["Streamline","Leap","Chaos"],"picked":"SKIP","floor":18.0},{"not_picked":["Stack","Turbo"],"picked":"Tempest","floor":20.0},{"not_picked":["Turbo","Hologram","Go for the Eyes"],"picked":"SKIP","floor":21.0},{"not_picked":["Auto Shields","Coolheaded","Gash+1"],"picked":"SKIP","floor":23},{"not_picked":["Steam","Steam Power"],"picked":"Cold Snap","floor":29},{"not_picked":["Beam Cell","Cold Snap"],"picked":"Defragment","floor":31}],"player_experience":208177,"relics_obtained":[{"floor":6.0,"key":"Symbiotic Virus"},{"floor":8.0,"key":"Boot"},{"floor":9.0,"key":"Blood Vial"},{"floor":12.0,"key":"Turnip"},{"floor":14.0,"key":"Sundial"},{"floor":23,"key":"Lantern"},{"floor":26,"key":"PreservedInsect"}],"event_choices":[{"damage_healed":0.0,"max_hp_gain":5.0,"max_hp_loss":0.0,"gold_gain":0.0,"event_name":"Big Fish","player_choice":"Donut","floor":11.0,"gold_loss":0.0,"damage_taken":0.0},{"damage_healed":0.0,"max_hp_gain":0.0,"max_hp_loss":0.0,"gold_gain":0.0,"event_name":"Shining Light","player_choice":"Entered Light","floor":13.0,"gold_loss":0.0,"damage_taken":21.0,"cards_upgraded":["Zap","Beam Cell"]},{"damage_healed":0.0,"max_hp_gain":0.0,"max_hp_loss":0.0,"gold_gain":100.0,"event_name":"The Joust","player_choice":"Bet on Murderer","floor":19.0,"gold_loss":50.0,"damage_taken":0.0},{"damage_healed":0,"gold_gain":50,"player_choice":"Stole From Cult","damage_taken":0,"max_hp_gain":0,"max_hp_loss":0,"event_name":"Nest","floor":24,"gold_loss":0},{"damage_healed":14,"gold_gain":0,"player_choice":"Heal","damage_taken":0,"max_hp_gain":0,"max_hp_loss":0,"event_name":"The Library","floor":27,"gold_loss":0},{"damage_healed":0,"gold_gain":180,"player_choice":"GOLD GOLD ","damage_taken":18,"max_hp_gain":0,"max_hp_loss":0,"event_name":"Knowing Skull","floor":28,"potions_obtained":[],"gold_loss":0,"cards_obtained":[]}],"is_beta":false,"boss_relics":[{"not_picked":["Snecko Eye","Empty Cage"],"picked":"Nuclear Battery"}],"items_purged_floors":[],"is_endless":false,"potions_floor_spawned":[5,6,8,16,21],"killed_by":"Collector","ascension_level":18}