{"path_per_floor":["M","M","?","T","?","R","E","R","T","M","M","M","R","M","R","B",null,"M","$","?","$","?","E","R","M","T","R","E","R","M","M","R","B",null,"M","?","M","?","?","E","R","M","T","E","R","$","M","$","R","B"],"character_chosen":"THE_SILENT","items_purchased":["Finisher","Mind Blast","Happy Flower"],"gold_per_floor":[113,123,123,123,123,123,149,149,224,237,247,262,262,276,276,375,375,385,243,143,43,43,77,77,94,94,94,123,123,137,149,149,247,277,294,294,312,312,312,344,344,355,355,380,380,145,158,33,33,33],"floor_reached":51,"campfire_rested":5,"playtime":5712,"current_hp_per_floor":[70,68,54,54,54,70,53,53,53,53,53,42,42,42,63,39,70,61,61,61,61,45,33,41,36,36,65,26,55,31,28,57,27,75,55,55,50,69,69,66,75,68,68,64,74,74,71,71,75,2],"items_purged":["Strike_G","Strike_G","Strike_G"],"gold":33,"score":597,"play_id":"ff78e5ca-a5c7-4ee7-9da9-ea0d361c8cc9","is_prod":false,"is_daily":false,"is_ascension_mode":true,"campfire_upgraded":6,"path_taken":["M","?","?","?","?","R","E","R","T","M","M","M","R","M","R","BOSS","M","$","?","$","?","E","R","M","T","R","E","R","?","M","R","BOSS","M","?","M","?","?","E","R","M","T","E","R","$","?","$","R","BOSS"],"build_version":"2018-02-15-PROD1","purchased_purges":3,"victory":true,"master_deck":["Defend_G","Defend_G","Defend_G+1","Defend_G+1","Defend_G","Survivor","Neutralize+1","Blade Dance+1","Blade Dance+1","Outmaneuver","Cloak And Dagger+1","Flying Knee","Acrobatics","Storm of Steel","Choke+1","Finisher","J.A.X.+1","Flying Knee","Well Laid Plans+1","Choke+1","Acrobatics+1","Terror+1","A Thousand Cuts+1","Cloak And Dagger+1","Writhe","Footwork","Mind Blast+1","Backflip+1"],"max_hp_per_floor":[70,70,70,70,70,70,70,70,70,70,70,70,70,70,70,70,70,70,70,70,70,70,70,70,70,70,70,70,70,70,70,70,70,75,75,75,75,75,75,75,75,75,75,75,75,75,75,75,75,75],"relics":["Sozu","Ancient Tea Set","Paper Crane","Ornamental Fan","Eternal Feather","Enchiridion","Mummified Hand","Calipers","Vajra","Tiny House","Prayer Wheel","Mercury Hourglass","War Paint","Happy Flower"],"card_choices":[{"not_picked":["Slice","Backflip"],"picked":"Blade Dance"},{"not_picked":["Calculated Gamble","Distraction"],"picked":"Blade Dance"},{"not_picked":["Slice","PiercingWail"],"picked":"Outmaneuver"},{"not_picked":["Caltrops","Leg Sweep"],"picked":"Cloak And Dagger"},{"not_picked":["Bane","Flechettes"],"picked":"Flying Knee"},{"not_picked":["Prepared","Flying Knee"],"picked":"Acrobatics"},{"not_picked":["Night Terror","Burst"],"picked":"Storm of Steel"},{"not_picked":["Prepared","Dagger Spray"],"picked":"Choke"},{"not_picked":["Slice","Bane"],"picked":"Flying Knee"},{"not_picked":["Deadly Poison","Slice"],"picked":"Well Laid Plans"},{"not_picked":["Venomology","Quick Slash"],"picked":"Choke"},{"not_picked":["Dagger Spray","Blade Dance"],"picked":"Acrobatics"},{"not_picked":["Slice","Eviscerate"],"picked":"Terror"},{"not_picked":["Unload","Tactician"],"picked":"A Thousand Cuts"},{"not_picked":["Bullet Time","Flying Knee"],"picked":"Cloak And Dagger"},{"not_picked":["Riddle With Holes","Flying Knee"],"picked":"Footwork"},{"not_picked":["Reflex","Flechettes"],"picked":"Backflip"}],"player_experience":77652,"potions_floor_usage":[],"damage_taken":[{"damage":0,"enemies":"Cultist","floor":1,"turns":4},{"damage":2,"enemies":"Jaw Worm","floor":2,"turns":4},{"damage":17,"enemies":"Lagavulin","floor":7,"turns":8},{"damage":0,"enemies":"2 Louse","floor":10,"turns":3},{"damage":0,"enemies":"Looter","floor":11,"turns":4},{"damage":11,"enemies":"Exordium Wildlife","floor":12,"turns":8},{"damage":0,"enemies":"Large Slime","floor":14,"turns":5},{"damage":24,"enemies":"The Guardian","floor":16,"turns":16},{"damage":9,"enemies":"Chosen","floor":18,"turns":7},{"damage":12,"enemies":"Gremlin Leader","floor":23,"turns":6},{"damage":5,"enemies":"Shell Parasite","floor":25,"turns":3},{"damage":39,"enemies":"Slavers","floor":28,"turns":5},{"damage":24,"enemies":"Centurion and Healer","floor":30,"turns":4},{"damage":3,"enemies":"Snecko","floor":31,"turns":2},{"damage":30,"enemies":"Collector","floor":33,"turns":4},{"damage":20,"enemies":"3 Darklings","floor":35,"turns":6},{"damage":5,"enemies":"Orb Walker","floor":37,"turns":3},{"damage":3,"enemies":"Nemesis","floor":40,"turns":4},{"damage":7,"enemies":"Sphere and 2 Shapes","floor":42,"turns":3},{"damage":4,"enemies":"Giant Head","floor":44,"turns":7},{"damage":3,"enemies":"4 Shapes","floor":47,"turns":4},{"damage":73,"enemies":"Donu and Deca","floor":50,"turns":8}],"event_choices":[{"event_name":"Shining Light","player_choice":"Entered Light","floor":3,"damage_taken":0},{"event_name":"Bonfire Elementals","player_choice":"BASIC","floor":5,"damage_taken":0},{"event_name":"Drug Dealer","player_choice":"Got JAXXED","floor":20,"damage_taken":0},{"event_name":"Cursed Tome","player_choice":"Obtained Book","floor":22,"damage_taken":0},{"event_name":"Mysterious Sphere","player_choice":"Ignore","floor":36,"damage_taken":0},{"event_name":"Winding Halls","player_choice":"Writhe","floor":38,"damage_taken":0}],"boss_relics":[{"not_picked":["Black Star","Runic Pyramid"],"picked":"Eternal Feather"},{"not_picked":["Question Card","The Specimen"],"picked":"Tiny House"}],"potions_floor_spawned":[1,7,12,14,16,23,30,31,33,35,37,44],"seed_played":"6785170979463823284","ascension_level":2,"is_trial":false}