{"gold_per_floor":[109,126,59,76,91,91,126,126,126,160,160,185,199,228,228,333,333,348,359,372,372,372],"floor_reached":22,"playtime":1220,"items_purged":[],"score":266,"play_id":"b5d1ab42-1286-4765-baf2-2563c897fada","local_time":"20190126195205","daily_mods":["SealedDeck","DeadlyEvents","Elite Swarm","Uncertain Future","Binary"],"is_ascension_mode":false,"campfire_choices":[{"data":"Coolheaded","floor":8,"key":"SMITH"},{"data":"Gash","floor":11,"key":"SMITH"},{"data":"Hologram","floor":15,"key":"SMITH"}],"neow_cost":"","seed_source_timestamp":0,"circlet_count":0,"master_deck":["Rebound+1","BootSequence","Hologram+1","Sweeping Beam+1","Steam","Auto Shields","Gash+1","Steam Power","Coolheaded+1","Hologram","Steam Power","Decay","Regret","Regret","Normality"],"relics":["Cracked Core","Busted Crown","Darkstone Periapt","Mercury Hourglass","Matryoshka","Oddly Smooth Stone","Whetstone","Calling Bell","Boot","Meat on the Bone","Emotion Chip","Sundial"],"potions_floor_usage":[7,7,12,14,20],"damage_taken":[{"damage":0,"enemies":"Cultist","floor":1,"turns":2},{"damage":0,"enemies":"Jaw Worm","floor":2,"turns":2},{"damage":0,"enemies":"Small Slimes","floor":4,"turns":2},{"damage":0,"enemies":"Red Slaver","floor":5,"turns":2},{"damage":5,"enemies":"Gremlin Nob","floor":7,"turns":3},{"damage":16,"enemies":"3 Sentries","floor":10,"turns":4},{"damage":0,"enemies":"Gremlin Nob","floor":12,"turns":3},{"damage":0,"enemies":"Exordium Wildlife","floor":13,"turns":3},{"damage":13,"enemies":"3 Sentries","floor":14,"turns":3},{"damage":13,"enemies":"The Guardian","floor":16,"turns":7},{"damage":35,"enemies":"Chosen","floor":18,"turns":5},{"damage":39,"enemies":"2 Thieves","floor":19,"turns":4},{"damage":24,"enemies":"Shelled Parasite and Fungi","floor":20,"turns":5},{"damage":31,"enemies":"Book of Stabbing","floor":22,"turns":3}],"seed_played":"33708863","potions_obtained":[{"floor":1,"key":"PowerPotion"},{"floor":4,"key":"Swift Potion"},{"floor":5,"key":"SneckoOil"},{"floor":7,"key":"SteroidPotion"},{"floor":12,"key":"SpeedPotion"},{"floor":14,"key":"LiquidBronze"},{"floor":18,"key":"Swift Potion"}],"is_trial":true,"path_per_floor":["M","M","$","M","M","?","E","R","T","E","R","E","M","E","R","B",null,"M","M","M","?","E"],"character_chosen":"DEFECT","items_purchased":["Steam Power"],"campfire_rested":0,"item_purchase_floors":[3],"current_hp_per_floor":[75,75,75,75,75,75,70,70,70,54,54,54,54,41,41,28,93,58,31,19,19,0],"gold":372,"neow_bonus":"","is_prod":false,"is_daily":false,"chose_seed":true,"campfire_upgraded":3,"win_rate":0,"timestamp":1548532325,"path_taken":["M","M","$","?","M","?","?","R","T","E","R","E","M","E","R","BOSS","M","M","M","?","?"],"build_version":"2019-01-23","purchased_purges":0,"victory":false,"max_hp_per_floor":[75,75,75,75,75,75,75,75,75,75,75,75,75,75,75,75,93,93,93,93,93,93],"card_choices":[],"player_experience":475237,"relics_obtained":[{"floor":7,"key":"Darkstone Periapt"},{"floor":9,"key":"Mercury Hourglass"},{"floor":10,"key":"Matryoshka"},{"floor":12,"key":"Oddly Smooth Stone"},{"floor":14,"key":"Whetstone"},{"floor":17,"key":"Boot"},{"floor":17,"key":"Meat on the Bone"},{"floor":17,"key":"Emotion Chip"}],"event_choices":[{"damage_healed":0,"gold_gain":0,"player_choice":"Cursed","damage_taken":0,"max_hp_gain":0,"max_hp_loss":0,"event_name":"Wheel of Change","floor":6,"gold_loss":0,"cards_obtained":["Decay"]},{"damage_healed":0,"gold_gain":0,"player_choice":"Gave Potion","damage_taken":0,"relics_obtained":["Sundial"],"max_hp_gain":0,"max_hp_loss":0,"event_name":"WeMeetAgain","floor":21,"gold_loss":0}],"is_beta":false,"boss_relics":[{"not_picked":["White Beast Statue","FrozenCore"],"picked":"Calling Bell"}],"items_purged_floors":[],"is_endless":false,"potions_floor_spawned":[1,4,5,7,12,14,18],"killed_by":"Book of Stabbing","ascension_level":0}