{"gold_per_floor":[116,126,126,76,93,93,108,120,120,135,155,155,155,173,173,277,277,291,291,96,96,171,171,182,28,28,40,40],"floor_reached":28,"playtime":1677,"items_purged":["Pain"],"score":311,"play_id":"fde93d71-bf67-4cbc-b2b9-a45f6af583cc","local_time":"20190113201938","is_ascension_mode":true,"campfire_choices":[{"data":"Creative AI","floor":6,"key":"SMITH"},{"floor":13,"key":"REST"},{"data":"Coolheaded","floor":15,"key":"SMITH"},{"data":"Ghostly","floor":23,"key":"SMITH"}],"neow_cost":"NONE","seed_source_timestamp":691796899990475,"circlet_count":0,"master_deck":["Defend_B","Defend_B","Defend_B","Defend_B","Dualcast","Creative AI+1","Storm","Steam Power","Conserve Battery","Coolheaded+1","Coolheaded","Seek","Conserve Battery","Echo Form","Static Discharge+1","Undo+1","Steam","Ghostly+1","Ghostly","Ghostly","Ghostly","Ghostly","Glacier","Hologram","Machine Learning","Conserve Battery","Core Surge"],"relics":["Cracked Core","Du-Vu Doll","WarpedTongs","Astrolabe","Regal Pillow","Shuriken"],"potions_floor_usage":[8,11,11,16,16,28],"damage_taken":[{"damage":0,"enemies":"Small Slimes","floor":1,"turns":3},{"damage":0,"enemies":"2 Louse","floor":2,"turns":2},{"damage":1,"enemies":"Cultist","floor":5,"turns":4},{"damage":13,"enemies":"Blue Slaver","floor":7,"turns":4},{"damage":14,"enemies":"Large Slime","floor":8,"turns":9},{"damage":13,"enemies":"2 Fungi Beasts","floor":10,"turns":4},{"damage":27,"enemies":"Exordium Thugs","floor":11,"turns":5},{"damage":10,"enemies":"3 Louse","floor":14,"turns":4},{"damage":27,"enemies":"The Guardian","floor":16,"turns":8},{"damage":12,"enemies":"Shell Parasite","floor":18,"turns":10},{"damage":0,"enemies":"Spheric Guardian","floor":24,"turns":9},{"damage":4,"enemies":"Snake Plant","floor":27,"turns":7},{"damage":44,"enemies":"Gremlin Leader","floor":28,"turns":13}],"seed_played":"-2157613748492873908","potions_obtained":[{"floor":1,"key":"FearPotion"},{"floor":5,"key":"Regen Potion"},{"floor":10,"key":"FocusPotion"},{"floor":11,"key":"SpeedPotion"},{"floor":14,"key":"Regen Potion"},{"floor":24,"key":"Block Potion"}],"is_trial":false,"path_per_floor":["M","M","?","?","M","R","M","M","T","M","M","?","R","M","R","B",null,"M","?","$","?","?","R","M","$","T","M","E"],"character_chosen":"DEFECT","items_purchased":["Glacier","Hologram","Regal Pillow"],"campfire_rested":1,"item_purchase_floors":[20,20,25],"current_hp_per_floor":[68,68,68,68,67,67,54,55,55,42,15,15,37,27,27,15,60,48,37,37,37,34,34,34,34,34,30,0],"gold":40,"neow_bonus":"ONE_RANDOM_RARE_CARD","is_prod":false,"is_daily":false,"chose_seed":false,"campfire_upgraded":3,"win_rate":0,"timestamp":1547410778,"path_taken":["M","M","?","?","M","R","M","M","T","M","M","?","R","?","R","BOSS","M","?","$","?","?","R","M","$","T","?","E"],"build_version":"2019-01-10","purchased_purges":1,"victory":false,"max_hp_per_floor":[75,75,75,75,75,75,75,75,75,75,75,75,75,75,75,75,75,75,37,37,37,37,37,37,37,37,37,37],"card_choices":[{"not_picked":["Sweeping Beam","Steam Power"],"picked":"Storm","floor":1},{"not_picked":["Lockon","Gash"],"picked":"Steam Power","floor":2},{"not_picked":["Beam Cell","Scrape"],"picked":"Conserve Battery","floor":5},{"not_picked":["Fission","Ball Lightning"],"picked":"Coolheaded","floor":7},{"not_picked":["Gash","Beam Cell"],"picked":"Coolheaded","floor":8},{"not_picked":["White Noise","Streamline"],"picked":"Seek","floor":10},{"not_picked":["Ball Lightning","Darkness"],"picked":"Conserve Battery","floor":11},{"not_picked":["Loop","Lockon","Rebound"],"picked":"SKIP","floor":14},{"not_picked":["All For One","Multi-Cast"],"picked":"Echo Form","floor":16},{"not_picked":["Barrage+1","Gash"],"picked":"Steam","floor":18},{"not_picked":["Stack","Rebound","Scrape"],"picked":"SKIP","floor":24},{"not_picked":["Stack","Reprogram+1"],"picked":"Core Surge","floor":27}],"player_experience":69056,"relics_obtained":[{"floor":9,"key":"Du-Vu Doll"},{"floor":26,"key":"Shuriken"}],"event_choices":[{"damage_healed":0,"gold_gain":0,"player_choice":"Ignored","damage_taken":0,"max_hp_gain":0,"max_hp_loss":0,"event_name":"Liars Game","floor":3,"gold_loss":0},{"cards_removed":["Strike_B"],"damage_healed":0,"gold_gain":0,"player_choice":"Card Removal","damage_taken":0,"max_hp_gain":0,"max_hp_loss":0,"event_name":"The Cleric","floor":4,"gold_loss":50},{"damage_healed":0,"gold_gain":0,"player_choice":"Rummage","damage_taken":0,"relics_obtained":["WarpedTongs"],"max_hp_gain":0,"max_hp_loss":0,"event_name":"Accursed Blacksmith","floor":12,"gold_loss":0,"cards_obtained":["Pain"]},{"damage_healed":0,"gold_gain":0,"player_choice":"Became a Ghost","damage_taken":0,"max_hp_gain":0,"max_hp_loss":38,"event_name":"Ghosts","floor":19,"gold_loss":0,"cards_obtained":["Ghostly","Ghostly","Ghostly","Ghostly","Ghostly"]},{"damage_healed":0,"gold_gain":0,"cards_transformed":["Zap","Streamline"],"player_choice":"Became Test Subject","damage_taken":0,"max_hp_gain":0,"max_hp_loss":0,"event_name":"Drug Dealer","floor":21,"gold_loss":0,"cards_obtained":["Machine Learning","Conserve Battery"]},{"damage_healed":0,"gold_gain":75,"player_choice":"Touch","damage_taken":3,"max_hp_gain":0,"max_hp_loss":0,"event_name":"FaceTrader","floor":22,"gold_loss":0}],"is_beta":false,"boss_relics":[{"not_picked":["Tiny House","Black Star"],"picked":"Astrolabe"}],"items_purged_floors":[20],"is_endless":false,"potions_floor_spawned":[1,5,10,11,14,24],"killed_by":"Gremlin Leader","ascension_level":7}