{"path_per_floor":["M","M","M","M","M","E","$","E","T","M","M","?","R","M","R","B",null,"M","$","?","M","M"],"character_chosen":"IRONCLAD","items_purchased":["Inflame","Spot Weakness","Apotheosis"],"gold_per_floor":[111,130,144,158,178,207,24,50,50,64,77,77,77,90,90,192,192,202,3,543,555,575],"floor_reached":23,"campfire_rested":0,"playtime":1373,"current_hp_per_floor":[75,80,80,80,72,50,50,50,50,62,74,74,74,86,86,63,94,94,94,38,43,50],"items_purged":["Strike_R"],"gold":575,"play_id":"3dd0b7f8-36cf-4513-85b9-1a66f855ed88","is_prod":false,"is_daily":false,"campfire_rituals":0,"campfire_upgraded":2,"is_hardmode":false,"path_taken":["M","M","?","M","?","E","$","E","T","M","M","?","R","M","R","BOSS","M","$","?","M","M","E"],"build_version":"2018-01-11-PROD2","purchased_purges":1,"victory":false,"master_deck":["Strike_R","Strike_R","Strike_R","Defend_R","Defend_R","Defend_R","Defend_R","Bash","Battle Trance","Headbutt","Battle Trance","Armaments","Cleave","Whirlwind","Inflame","Spot Weakness","Heavy Blade","Flex","Demon Form","Apotheosis","Inflame"],"max_hp_per_floor":[80,80,80,80,80,80,80,94,94,94,94,94,94,94,94,94,94,94,94,94,94,94],"relics":["Burning Blood","Magic Flower","Mango","Blood Vial","Mark of Pain"],"campfire_meditates":0,"card_choices":[{"not_picked":["Hemokinesis","Dual Wield"],"picked":"Battle Trance"},{"not_picked":["Bloodletting","Wild Strike"],"picked":"Headbutt"},{"not_picked":["Anger","Sword Boomerang"],"picked":"Battle Trance"},{"not_picked":["Iron Wave","Flex"],"picked":"Armaments"},{"not_picked":["Thunderclap","Corruption"],"picked":"Cleave"},{"not_picked":["Warcry","Reaper"],"picked":"Whirlwind"},{"not_picked":["Clothesline","Body Slam"],"picked":"Heavy Blade"},{"not_picked":["Feel No Pain","Sever Soul"],"picked":"Flex"},{"not_picked":["Brutality","Immolate"],"picked":"Demon Form"},{"not_picked":["Shrug It Off","Iron Wave"],"picked":"Inflame"}],"player_experience":239412,"potions_floor_usage":[18,21,23],"damage_taken":[{"damage":11,"enemies":"Blue Slaver","floor":1,"turns":5},{"damage":1,"enemies":"Small Slimes","floor":2,"turns":4},{"damage":0,"enemies":"2 Louse","floor":3,"turns":2},{"damage":0,"enemies":"Large Slime","floor":4,"turns":4},{"damage":14,"enemies":"Lots of Slimes","floor":5,"turns":6},{"damage":28,"enemies":"Gremlin Nob","floor":6,"turns":4},{"damage":23,"enemies":"3 Sentries","floor":8,"turns":4},{"damage":0,"enemies":"2 Fungi Beasts","floor":10,"turns":2},{"damage":0,"enemies":"3 Louse","floor":11,"turns":1},{"damage":0,"enemies":"Looter","floor":14,"turns":4},{"damage":35,"enemies":"Slime Boss","floor":16,"turns":6},{"damage":0,"enemies":"2 Thieves","floor":18,"turns":1},{"damage":7,"enemies":"Shell Parasite","floor":21,"turns":3},{"damage":5,"enemies":"Sentry and Sphere","floor":22,"turns":3},{"damage":55,"enemies":"Slavers","floor":23,"turns":5}],"event_choices":[{"event_name":"Upgrade Shrine","player_choice":"Upgraded","floor":12,"damage_taken":0},{"event_name":"Knowing Skull","player_choice":"GOLD GOLD GOLD GOLD GOLD GOLD ","floor":20,"damage_taken":0}],"boss_relics":[{"not_picked":["Tiny House","Eternal Feather"],"picked":"Mark of Pain"}],"potions_floor_spawned":[1,2,10,16],"seed_played":"-288805510585056160","killed_by":"Slavers","is_trial":false}