{"path_per_floor":["M","?","T","$","?","E","$","M","T","?","R","?","E","M","R","B",null,"M","?","?","M","$","E","M","R","T","?","$","R","M","?","R"],"character_chosen":"IRONCLAD","items_purchased":["Spot Weakness","Secret Weapon"],"gold_per_floor":[113,113,137,27,27,66,66,90,90,90,90,90,121,135,135,263,263,276,276,276,295,107,140,159,159,159,159,159,159,169,69,69],"floor_reached":33,"campfire_rested":2,"playtime":954,"current_hp_per_floor":[78,78,78,77,58,64,64,70,70,75,75,68,62,68,68,36,71,65,49,49,47,47,26,19,43,43,43,43,43,43,43,57],"items_purged":["Parasite"],"gold":69,"score":496,"play_id":"faacd2cb-189f-4642-818d-bf507f5caf6b","local_time":"20180306162018","is_prod":false,"is_daily":false,"is_ascension_mode":true,"campfire_upgraded":3,"timestamp":1520353218,"path_taken":["M","?","?","$","?","E","?","?","T","?","R","?","E","M","R","BOSS","M","?","?","M","$","E","?","R","T","?","?","R","M","?","R","BOSS"],"build_version":"2018-03-01-PROD1","purchased_purges":3,"victory":false,"master_deck":["Defend_R","Defend_R","Defend_R","Defend_R","Bash+1","Headbutt","Spot Weakness+1","Whirlwind+1","Heavy Blade+1","Offering","Secret Weapon","Bite","Bite","Bite","Bite","Bite","J.A.X."],"max_hp_per_floor":[80,80,80,77,77,77,77,77,77,82,82,82,82,82,82,82,82,82,82,82,82,82,82,82,82,82,57,57,57,57,57,57],"relics":["Burning Blood","NeowsBlessing","Bag of Preparation","Bloody Idol","Champion Belt","Ice Cream","Self Forming Clay","Art of War","Velvet Choker","Nilry\u0027s Codex","Bronze Scales","Ginger"],"card_choices":[{"not_picked":["Combust","Body Slam"],"picked":"Headbutt"},{"not_picked":["Intimidate","Sever Soul"],"picked":"Whirlwind"},{"not_picked":["Reaper","Rupture"],"picked":"Heavy Blade"},{"not_picked":["Impervious","Fiend Fire"],"picked":"Offering"}],"player_experience":208775,"potions_floor_usage":[13,23,24,33],"damage_taken":[{"damage":0,"enemies":"Jaw Worm","floor":1,"turns":1},{"damage":0,"enemies":"Lagavulin","floor":6,"turns":1},{"damage":0,"enemies":"Small Slimes","floor":8,"turns":1},{"damage":12,"enemies":"Gremlin Nob","floor":13,"turns":3},{"damage":0,"enemies":"Cultist","floor":14,"turns":3},{"damage":38,"enemies":"Slime Boss","floor":16,"turns":7},{"damage":12,"enemies":"3 Byrds","floor":18,"turns":3},{"damage":13,"enemies":"Shell Parasite","floor":21,"turns":3},{"damage":32,"enemies":"Slavers","floor":23,"turns":3},{"damage":18,"enemies":"Centurion and Healer","floor":24,"turns":2},{"damage":13,"enemies":"Cultist and Chosen","floor":30,"turns":3},{"damage":88,"enemies":"Champ","floor":33,"turns":6}],"event_choices":[{"event_name":"Living Wall","player_choice":"Grow","floor":2,"damage_taken":0},{"event_name":"Golden Idol","player_choice":"Take Damage","floor":5,"damage_taken":0},{"event_name":"Big Fish","player_choice":"Donut","floor":10,"damage_taken":0},{"event_name":"Scrap Ooze","player_choice":"success","floor":12,"damage_taken":7},{"event_name":"Cursed Tome","player_choice":"Obtained Book","floor":19,"damage_taken":0},{"event_name":"Forgotten Altar","player_choice":"Gave Idol","floor":20,"damage_taken":0},{"event_name":"Vampires","player_choice":"Became a vampire","floor":27,"damage_taken":0},{"event_name":"Drug Dealer","player_choice":"Got JAXXED","floor":31,"damage_taken":0}],"boss_relics":[{"not_picked":["Ectoplasm","Astrolabe"],"picked":"Velvet Choker"}],"potions_floor_spawned":[1,13,21,23],"seed_played":"-984821893011299293","killed_by":"Champ","ascension_level":12,"is_trial":false}