{"path_per_floor":["M","M","$","M","M","R","E","?","T","R","M","T","M","M","R","B",null,"M","?","$","M","M","E","?","R","T","M","R","?","M","M","R","B",null,"M","M","M","M","?","R","$","R","T","$","M","M","E","M","R","B"],"character_chosen":"IRONCLAD","items_purchased":["Kunai","Pommel Strike","Bottled Tornado","Mummified Hand"],"gold_per_floor":[114,129,129,144,159,159,189,264,314,314,329,329,344,359,359,459,459,474,474,172,187,202,232,232,232,307,322,322,322,337,352,352,452,452,467,482,497,512,537,537,287,287,287,37,52,67,97,112,112,112],"floor_reached":51,"campfire_rested":6,"playtime":2265,"current_hp_per_floor":[83,83,83,83,86,86,86,75,75,75,83,93,73,83,83,95,102,67,67,67,64,55,60,60,92,92,63,95,95,66,76,111,85,117,104,120,70,120,72,108,108,120,120,120,120,120,94,114,130,130],"items_purged":[],"gold":112,"score":884,"play_id":"86aa36f4-3570-4878-87ec-e61cf21422d2","local_time":"20180405105247","daily_mods":["Shiny","Uncertain Future","Hoarder"],"is_prod":false,"is_daily":true,"is_ascension_mode":false,"campfire_upgraded":3,"timestamp":1522947167,"path_taken":["M","M","$","M","M","R","E","?","T","R","M","?","?","M","R","BOSS","M","?","$","M","M","E","?","R","T","M","R","?","M","M","R","BOSS","M","?","M","M","?","R","$","R","T","?","M","M","E","M","R","BOSS"],"build_version":"2018-04-04","purchased_purges":0,"victory":true,"master_deck":["Double Tap","Double Tap","Double Tap","Demon Form","Demon Form","Demon Form","Berserk","Berserk","Bludgeon","Bludgeon","Bludgeon","Impervious","Impervious","Impervious","Feed","Feed","Feed","Juggernaut","Juggernaut","Juggernaut","Brutality","Brutality","Limit Break","Limit Break+1","Limit Break","Reaper","Reaper","Reaper","Exhume+1","Exhume","Exhume","Barricade","Barricade","Barricade","Offering","Offering","Offering","Fiend Fire","Fiend Fire","Fiend Fire","Dark Embrace","Dark Embrace","Dark Embrace","Immolate","Immolate","Immolate","Headbutt","Headbutt","Headbutt","Body Slam","Body Slam","Body Slam","Seeing Red","Seeing Red","Seeing Red","Spot Weakness","Spot Weakness","Spot Weakness","Corruption+1","Corruption","Corruption","Cleave","Cleave","Cleave","Shrug It Off","Shrug It Off","Shrug It Off","Inflame","Inflame","Inflame","Body Slam","Body Slam","Body Slam","Pommel Strike","Pommel Strike","Pommel Strike","Shrug It Off+1","Shrug It Off+1","Shrug It Off+1","Sentinel","Sentinel","Sentinel","Shrug It Off+1","Shrug It Off+1","Shrug It Off+1","Writhe","Writhe","Writhe","Perfected Strike","Perfected Strike","Perfected Strike","Feel No Pain+1","Feel No Pain+1","Feel No Pain+1","Perfected Strike","Perfected Strike","Perfected Strike","Heavy Blade+1","Heavy Blade+1","Heavy Blade+1","Inflame","Inflame","Inflame"],"max_hp_per_floor":[83,83,83,83,86,86,86,86,86,86,86,96,96,102,102,102,102,105,105,105,108,108,108,108,108,108,108,108,108,111,117,117,117,117,120,120,120,120,120,120,120,120,120,120,120,120,127,130,130,130],"relics":["Black Blood","Blood Vial","Prayer Wheel","Pear","Black Star","Kunai","Centennial Puzzle","Meat on the Bone","Ornamental Fan","Vajra","Magic Flower","Bottled Tornado","Dodecahedron","Mummified Hand","Strawberry","Lantern"],"card_choices":[{"not_picked":["Body Slam","Sword Boomerang"],"picked":"Headbutt","floor":1},{"not_picked":["Anger","Blood for Blood"],"picked":"Body Slam","floor":2},{"not_picked":["Twin Strike","Whirlwind"],"picked":"Seeing Red","floor":5},{"not_picked":["True Grit","Blood for Blood"],"picked":"Spot Weakness","floor":7},{"not_picked":["Flex","Perfected Strike"],"picked":"Corruption","floor":11},{"not_picked":["Rampage","Iron Wave"],"picked":"Cleave","floor":12},{"not_picked":["Brutality","Shockwave"],"picked":"Shrug It Off","floor":13},{"not_picked":["Clash","Dropkick"],"picked":"Inflame","floor":14},{"not_picked":["Body Slam","Havoc"],"picked":"Shrug It Off","floor":21},{"not_picked":["Corruption","True Grit"],"picked":"Sentinel","floor":22},{"not_picked":["Clothesline","Blood for Blood"],"picked":"Shrug It Off","floor":23},{"not_picked":["Rage","Inflame"],"picked":"Perfected Strike","floor":31},{"not_picked":["Clothesline","Carnage"],"picked":"Feel No Pain","floor":36},{"not_picked":["Thunderclap","Anger"],"picked":"Perfected Strike","floor":43},{"not_picked":["Warcry","Evolve"],"picked":"Heavy Blade","floor":46},{"not_picked":["Thunderclap","Shockwave"],"picked":"Inflame","floor":47}],"player_experience":276270,"potions_floor_usage":[5,16,21,22,23,27,45,50,50],"damage_taken":[{"damage":8,"enemies":"Small Slimes","floor":1,"turns":1},{"damage":4,"enemies":"Jaw Worm","floor":2,"turns":2},{"damage":0,"enemies":"Cultist","floor":4,"turns":2},{"damage":0,"enemies":"2 Fungi Beasts","floor":5,"turns":2},{"damage":4,"enemies":"Gremlin Nob","floor":7,"turns":2},{"damage":0,"enemies":"Red Slaver","floor":11,"turns":2},{"damage":36,"enemies":"Looter","floor":13,"turns":4},{"damage":4,"enemies":"Exordium Wildlife","floor":14,"turns":3},{"damage":20,"enemies":"Slime Boss","floor":16,"turns":5},{"damage":48,"enemies":"3 Byrds","floor":18,"turns":8},{"damage":14,"enemies":"Spheric Guardian","floor":21,"turns":4},{"damage":21,"enemies":"Centurion and Healer","floor":22,"turns":4},{"damage":47,"enemies":"Book of Stabbing","floor":23,"turns":5},{"damage":40,"enemies":"Chosen and Byrds","floor":27,"turns":5},{"damage":40,"enemies":"Sentry and Sphere","floor":30,"turns":6},{"damage":16,"enemies":"Centurion and Healer","floor":31,"turns":4},{"damage":55,"enemies":"Automaton","floor":33,"turns":5},{"damage":40,"enemies":"Orb Walker","floor":35,"turns":6},{"damage":38,"enemies":"3 Shapes","floor":36,"turns":10},{"damage":78,"enemies":"Spire Growth","floor":37,"turns":7},{"damage":24,"enemies":"Maw","floor":38,"turns":7},{"damage":70,"enemies":"Mysterious Sphere","floor":39,"turns":9},{"damage":4,"enemies":"3 Darklings","floor":45,"turns":4},{"damage":4,"enemies":"Spire Growth","floor":46,"turns":2},{"damage":48,"enemies":"Nemesis","floor":47,"turns":5},{"damage":3,"enemies":"Flame Bruiser 2 Orb","floor":48,"turns":4},{"damage":38,"enemies":"Time Eater","floor":50,"turns":7}],"event_choices":[{"event_name":"World of Goop","player_choice":"Gather Gold","floor":8,"damage_taken":0},{"event_name":"Transmorgrifier","player_choice":"Transform","floor":19,"damage_taken":0},{"event_name":"Back to Basics","player_choice":"Elegance","floor":24,"damage_taken":0},{"event_name":"The Mausoleum","player_choice":"Yes","floor":29,"damage_taken":0},{"event_name":"Mysterious Sphere","player_choice":"Fight","floor":39,"damage_taken":0}],"boss_relics":[{"not_picked":["Pandora\u0027s Box","Orrery"],"picked":"Black Star"},{"not_picked":["Velvet Choker","Calling Bell"],"picked":"Black Blood"}],"potions_floor_spawned":[2,5,11,21,22,23,37,39,46,48],"seed_played":"8108366420616761063","ascension_level":0,"is_trial":false}