{"gold_per_floor":[109,119,136,151,326,326,356,356,356,356,367,383,383,399,399,504,504,471,324,324,337,352,352,379,379,379,379],"floor_reached":27,"playtime":2367,"items_purged":["Doubt"],"score":259,"play_id":"0feaec89-2967-42e8-882f-f86c53a6dec0","local_time":"20180623224832","is_ascension_mode":true,"campfire_choices":[{"data":"Dualcast","floor":6,"key":"SMITH"},{"data":"Auto Shields","floor":8,"key":"SMITH"},{"data":"Zap","floor":10,"key":"SMITH"},{"data":"Redo","floor":13,"key":"SMITH"},{"data":"Coolheaded","floor":15,"key":"SMITH"},{"data":"Echo Form","floor":23,"key":"SMITH"},{"floor":25,"key":"REST"}],"neow_cost":"NONE","seed_source_timestamp":772424712715876,"circlet_count":0,"master_deck":["Strike_B","Strike_B","Strike_B","Strike_B","Defend_B","Defend_B","Defend_B","Defend_B","Zap+1","Dualcast+1","Beam Cell","Gash","Auto Shields+1","Coolheaded+1","Chill","Redo+1","Echo Form+1","Gash","Stack","Loop+1","Sunder+1","Doom and Gloom+1"],"relics":["Cracked Core","Bag of Preparation","Thread and Needle","Mercury Hourglass","Black Star","Ornamental Fan","Blue Candle","Meat on the Bone"],"potions_floor_usage":[16,16],"damage_taken":[{"damage":0,"enemies":"Cultist","floor":1,"turns":4},{"damage":0,"enemies":"Small Slimes","floor":2,"turns":2},{"damage":0,"enemies":"2 Louse","floor":3,"turns":2},{"damage":3,"enemies":"Blue Slaver","floor":4,"turns":3},{"damage":2,"enemies":"Exordium Wildlife","floor":11,"turns":3},{"damage":0,"enemies":"Large Slime","floor":12,"turns":5},{"damage":0,"enemies":"Blue Slaver","floor":14,"turns":3},{"damage":13,"enemies":"Hexaghost","floor":16,"turns":13},{"damage":13,"enemies":"2 Thieves","floor":18,"turns":5},{"damage":7,"enemies":"Shell Parasite","floor":21,"turns":7},{"damage":1,"enemies":"Centurion and Healer","floor":22,"turns":9},{"damage":28,"enemies":"Book of Stabbing","floor":24,"turns":8},{"damage":52,"enemies":"Gremlin Leader","floor":27,"turns":6}],"seed_played":"-3129268150219386043","potions_obtained":[{"floor":1,"key":"AttackPotion"},{"floor":11,"key":"PowerPotion"},{"floor":16,"key":"Energy Potion"},{"floor":24,"key":"Dexterity Potion"}],"is_trial":false,"path_per_floor":["M","M","M","M","?","R","?","R","T","R","M","M","R","M","R","B",null,"M","$","?","M","M","R","E","R","T"],"character_chosen":"DEFECT","items_purchased":["Gash","Stack"],"campfire_rested":1,"item_purchase_floors":[19,19],"current_hp_per_floor":[75,75,75,72,72,72,72,72,72,72,70,70,70,70,70,64,75,62,62,62,55,54,54,26,48,48,0],"gold":379,"neow_bonus":"RANDOM_COMMON_RELIC","is_prod":false,"is_daily":false,"chose_seed":false,"campfire_upgraded":6,"win_rate":0,"timestamp":1529804912,"path_taken":["M","M","M","?","?","R","?","R","T","R","M","M","R","M","R","BOSS","M","$","?","M","M","R","E","R","T","E"],"build_version":"2018-06-21v2","purchased_purges":1,"victory":false,"max_hp_per_floor":[75,75,75,75,75,75,75,75,75,75,75,75,75,75,75,75,75,75,75,75,75,75,75,75,75,75,75],"card_choices":[{"not_picked":["Fusion","Sweeping Beam"],"picked":"Beam Cell","floor":1},{"not_picked":["Compile Driver","Fusion"],"picked":"Gash","floor":2},{"not_picked":["Conserve Battery","Double Energy"],"picked":"Auto Shields","floor":3},{"not_picked":["Stack","Conserve Battery"],"picked":"Coolheaded","floor":4},{"not_picked":["FTL","Go for the Eyes"],"picked":"Chill","floor":11},{"not_picked":["Genetic Algorithm","Go for the Eyes"],"picked":"Redo","floor":12},{"not_picked":["Rebound","Rip and Tear","Ball Lightning"],"picked":"SKIP","floor":14},{"not_picked":["Meteor Strike","Seek"],"picked":"Echo Form","floor":16},{"not_picked":["Leap","Force Field+1","Barrage"],"picked":"SKIP","floor":18},{"not_picked":["Auto Shields","Turbo"],"picked":"Loop+1","floor":21},{"not_picked":["Tempest","Leap"],"picked":"Sunder+1","floor":22},{"not_picked":["Compile Driver","Storm"],"picked":"Doom and Gloom+1","floor":24}],"player_experience":257891,"relics_obtained":[{"floor":9,"key":"Mercury Hourglass"},{"floor":24,"key":"Ornamental Fan"},{"floor":24,"key":"Blue Candle"},{"floor":26,"key":"Meat on the Bone"}],"event_choices":[{"event_name":"Liars Game","player_choice":"agreed","floor":5,"damage_taken":0},{"event_name":"Dead Adventurer","player_choice":"Searched \u00272\u0027 times","floor":7,"damage_taken":0},{"event_name":"Drug Dealer","player_choice":"Ignored","floor":20,"damage_taken":0}],"boss_relics":[{"not_picked":["Runic Dome","Calling Bell"],"picked":"Black Star"}],"items_purged_floors":[19],"is_endless":false,"potions_floor_spawned":[1,11,16,24],"killed_by":"Gremlin Leader","ascension_level":3}