{"gold_per_floor":[112,112,77,10,10,41,58,58,58,58,58,72,83,96,96,172,172,184,184,19,30,43,75,75,109,109,109,121,135,135,146,146,222,222,232,232,232,4,4,4,15,48,48,48],"floor_reached":44,"playtime":1746,"items_purged":[],"score":877,"play_id":"aefca2c0-310c-4f44-8bdb-a691bad79284","local_time":"20190129173254","is_ascension_mode":true,"campfire_choices":[{"data":"Footwork","floor":8,"key":"SMITH"},{"data":"Dodge and Roll","floor":11,"key":"SMITH"},{"data":"Caltrops","floor":15,"key":"SMITH"},{"floor":27,"key":"REST"},{"floor":30,"key":"REST"},{"floor":32,"key":"REST"},{"data":"Night Terror","floor":40,"key":"SMITH"}],"neow_cost":"NONE","seed_source_timestamp":3023783535035428,"circlet_count":0,"master_deck":["AscendersBane","Defend_G","Defend_G","Defend_G","Defend_G","Defend_G","Strike_G","Strike_G","Strike_G","Strike_G","Survivor","Neutralize","Corpse Explosion","Dodge and Roll+1","Caltrops+1","Blur","Footwork+1","Caltrops+1","Blade Dance","Dash","Dash","Acrobatics","Infinite Blades","Footwork+1","Leg Sweep","Night Terror+1","PiercingWail","Blur","Leg Sweep","Backstab+1"],"relics":["Ring of the Serpent","Happy Flower","Darkstone Periapt","Shuriken","Oddly Smooth Stone","Art of War","Mango","Eternal Feather","The Courier","DollysMirror","Bottled Lightning","Centennial Puzzle"],"potions_floor_usage":[23,25,33],"damage_taken":[{"damage":7,"enemies":"Jaw Worm","floor":1,"turns":4},{"damage":22,"enemies":"3 Sentries","floor":6,"turns":4},{"damage":4,"enemies":"2 Louse","floor":7,"turns":2},{"damage":0,"enemies":"Cultist","floor":12,"turns":4},{"damage":0,"enemies":"Blue Slaver","floor":13,"turns":4},{"damage":1,"enemies":"Red Slaver","floor":14,"turns":4},{"damage":8,"enemies":"Hexaghost","floor":16,"turns":9},{"damage":25,"enemies":"2 Thieves","floor":18,"turns":3},{"damage":15,"enemies":"3 Byrds","floor":21,"turns":4},{"damage":8,"enemies":"3 Cultists","floor":22,"turns":3},{"damage":20,"enemies":"Slavers","floor":23,"turns":4},{"damage":27,"enemies":"Gremlin Leader","floor":25,"turns":8},{"damage":8,"enemies":"Chosen and Byrds","floor":28,"turns":6},{"damage":21,"enemies":"Snake Plant","floor":29,"turns":4},{"damage":20,"enemies":"3 Cultists","floor":31,"turns":4},{"damage":16,"enemies":"Automaton","floor":33,"turns":16},{"damage":35,"enemies":"3 Shapes","floor":35,"turns":7},{"damage":24,"enemies":"Orb Walker","floor":41,"turns":9},{"damage":46,"enemies":"Giant Head","floor":42,"turns":10},{"damage":25,"enemies":"4 Shapes","floor":44,"turns":1}],"seed_played":"-116996841816598219","potions_obtained":[{"floor":6,"key":"Ancient Potion"},{"floor":14,"key":"Fire Potion"},{"floor":23,"key":"Block Potion"},{"floor":25,"key":"Dexterity Potion"},{"floor":42,"key":"FairyPotion"}],"is_trial":false,"path_per_floor":["M","?","?","$","?","E","M","R","T","$","R","M","M","M","R","B",null,"M","?","$","M","M","E","?","E","T","R","M","M","R","M","R","B",null,"M","?","T","$","?","R","M","E","T","M"],"character_chosen":"THE_SILENT","items_purchased":["Caltrops","Dash","Acrobatics","GhostInAJar","DollysMirror","Leg Sweep"],"campfire_rested":3,"item_purchase_floors":[4,20,20,20,38,38],"current_hp_per_floor":[52,41,57,57,57,35,31,31,31,31,31,31,31,30,30,22,55,30,76,76,61,53,33,33,6,20,47,39,18,45,25,52,36,77,42,42,42,42,74,74,50,4,4,0],"gold":48,"neow_bonus":"ONE_RANDOM_RARE_CARD","is_prod":false,"is_daily":false,"chose_seed":false,"campfire_upgraded":4,"win_rate":0,"timestamp":1548783174,"path_taken":["M","?","?","?","?","E","?","R","T","$","R","M","M","M","R","BOSS","M","?","$","M","?","E","?","E","T","R","?","M","R","M","R","BOSS","M","?","?","$","?","R","?","E","T","?"],"build_version":"2019-01-23","purchased_purges":0,"victory":false,"max_hp_per_floor":[66,66,66,66,66,66,66,66,66,66,66,66,66,66,66,66,66,66,76,76,76,76,76,76,76,90,90,90,90,90,90,90,90,90,90,90,90,90,74,74,74,74,74,74],"card_choices":[{"not_picked":["Dagger Spray","Quick Slash"],"picked":"Dodge and Roll","floor":1},{"not_picked":["Blade Dance","Sucker Punch"],"picked":"Blur","floor":6},{"not_picked":["Dagger Spray","Prepared"],"picked":"Footwork","floor":7},{"not_picked":["Slice","Outmaneuver"],"picked":"Caltrops","floor":12},{"not_picked":["Masterful Stab","Bane","Catalyst"],"picked":"SKIP","floor":13},{"not_picked":["Prepared","Poisoned Stab"],"picked":"Blade Dance","floor":14},{"not_picked":["Malaise","Wraith Form v2"],"picked":"Glass Knife","floor":16},{"not_picked":["Well Laid Plans","Backstab"],"picked":"Dash","floor":18},{"not_picked":["Dagger Throw","Tactician"],"picked":"Infinite Blades","floor":21},{"not_picked":["Underhanded Strike","Crippling Poison"],"picked":"Footwork+1","floor":22},{"not_picked":["After Image","Slice","Poisoned Stab"],"picked":"SKIP","floor":23},{"not_picked":["Dash","Setup"],"picked":"Leg Sweep","floor":25},{"not_picked":["Finisher","Underhanded Strike","Dagger Throw+1"],"picked":"SKIP","floor":28},{"not_picked":["Poisoned Stab","Bouncing Flask","Quick Slash"],"picked":"SKIP","floor":29},{"not_picked":["Distraction","Concentrate","Underhanded Strike"],"picked":"SKIP","floor":31},{"not_picked":["Wraith Form v2","Bullet Time"],"picked":"Night Terror","floor":33},{"not_picked":["Poisoned Stab","Masterful Stab"],"picked":"PiercingWail","floor":35},{"not_picked":["Acrobatics+1","Predator","Prepared"],"picked":"SKIP","floor":41},{"not_picked":["Crippling Poison","Accuracy"],"picked":"Backstab+1","floor":42}],"player_experience":488634,"relics_obtained":[{"floor":6,"key":"Darkstone Periapt"},{"floor":9,"key":"Shuriken"},{"floor":23,"key":"Oddly Smooth Stone"},{"floor":25,"key":"Art of War"},{"floor":26,"key":"Mango"},{"floor":37,"key":"The Courier"},{"floor":42,"key":"Bottled Lightning"},{"floor":43,"key":"Centennial Puzzle"}],"event_choices":[{"damage_healed":0,"gold_gain":0,"player_choice":"Success","damage_taken":11,"relics_obtained":["Happy Flower"],"max_hp_gain":0,"max_hp_loss":0,"event_name":"Scrap Ooze","floor":2,"gold_loss":0},{"damage_healed":16,"gold_gain":0,"player_choice":"Healed","damage_taken":0,"max_hp_gain":0,"max_hp_loss":0,"event_name":"The Cleric","floor":3,"gold_loss":35},{"damage_healed":0,"gold_gain":0,"player_choice":"Upgraded","damage_taken":0,"max_hp_gain":0,"max_hp_loss":0,"event_name":"Upgrade Shrine","floor":5,"gold_loss":0,"cards_upgraded":["Caltrops"]},{"cards_removed":["Glass Knife"],"damage_healed":36,"gold_gain":0,"player_choice":"Offered Rare","damage_taken":0,"max_hp_gain":10,"max_hp_loss":0,"event_name":"Bonfire Elementals","floor":19,"gold_loss":0},{"damage_healed":0,"gold_gain":0,"player_choice":"Got Potions","damage_taken":0,"max_hp_gain":0,"max_hp_loss":0,"event_name":"Lab","floor":24,"gold_loss":0},{"cards_removed":["Strike_G"],"damage_healed":0,"gold_gain":0,"player_choice":"Removed Attack","damage_taken":0,"max_hp_gain":0,"max_hp_loss":0,"event_name":"Falling","floor":36,"gold_loss":0},{"damage_healed":74,"gold_gain":0,"player_choice":"Heal","damage_taken":0,"max_hp_gain":0,"max_hp_loss":16,"event_name":"The Moai Head","floor":39,"gold_loss":0}],"is_beta":false,"boss_relics":[{"not_picked":["Cursed Key","Calling Bell"],"picked":"Ring of the Serpent"},{"not_picked":["Fusion Hammer","Coffee Dripper"],"picked":"Eternal Feather"}],"items_purged_floors":[],"is_endless":false,"potions_floor_spawned":[6,14,16,18,22,23,25,42],"killed_by":"4 Shapes","ascension_level":15}