{"gold_per_floor":[109,20,31,43,43,75,75,86,86,101,113,113,113,126,126,197,197,216,216,266,36,55,55,70,89,89,104,104],"floor_reached":28,"playtime":765,"items_purged":[],"score":448,"play_id":"f1fa0e5e-bcf3-4340-a37c-baeea5e8d97b","local_time":"20190430200325","is_ascension_mode":true,"campfire_choices":[{"data":"Zap","floor":7,"key":"SMITH"},{"floor":13,"key":"REST"},{"floor":15,"key":"REST"},{"floor":23,"key":"REST"}],"neow_cost":"NONE","seed_source_timestamp":3740990558490290,"circlet_count":0,"master_deck":["AscendersBane","Strike_B+1","Strike_B+1","Strike_B+1","Strike_B+1","Defend_B+1","Defend_B+1","Defend_B+1","Defend_B+1","Zap+1","Dualcast","Scrape","FTL","Sweeping Beam","Sweeping Beam","Steam","Core Surge","Gash","White Noise","Turbo","Electrodynamics"],"relics":["Cracked Core","Matryoshka","Potion Belt","Shuriken","Bottled Lightning","Pen Nib","Busted Crown","ClockworkSouvenir","Shovel"],"potions_floor_usage":[6,14,27,28,28],"damage_taken":[{"damage":4,"enemies":"Small Slimes","floor":1,"turns":3},{"damage":2,"enemies":"Jaw Worm","floor":3,"turns":3},{"damage":1,"enemies":"Cultist","floor":4,"turns":3},{"damage":23,"enemies":"Lagavulin","floor":6,"turns":5},{"damage":6,"enemies":"Looter","floor":8,"turns":3},{"damage":1,"enemies":"3 Louse","floor":10,"turns":2},{"damage":22,"enemies":"Exordium Thugs","floor":11,"turns":3},{"damage":20,"enemies":"Gremlin Gang","floor":14,"turns":2},{"damage":38,"enemies":"Slime Boss","floor":16,"turns":8},{"damage":18,"enemies":"3 Byrds","floor":18,"turns":4},{"damage":0,"enemies":"Chosen","floor":22,"turns":3},{"damage":36,"enemies":"Shelled Parasite and Fungi","floor":24,"turns":5},{"damage":0,"enemies":"Centurion and Healer","floor":25,"turns":3},{"damage":4,"enemies":"3 Cultists","floor":27,"turns":3},{"damage":29,"enemies":"Book of Stabbing","floor":28,"turns":4}],"seed_played":"-4187815947505962974","potions_obtained":[{"floor":4,"key":"Block Potion"},{"floor":14,"key":"Fruit Juice"},{"floor":16,"key":"SmokeBomb"},{"floor":24,"key":"PowerPotion"},{"floor":25,"key":"Explosive Potion"},{"floor":27,"key":"LiquidBronze"}],"is_trial":false,"path_per_floor":["M","$","M","M","?","E","R","M","T","M","M","T","R","M","R","B",null,"M","?","?","$","M","R","M","M","T","M","E"],"character_chosen":"DEFECT","items_purchased":["FTL","ClockworkSouvenir"],"campfire_rested":3,"item_purchase_floors":[2,21],"current_hp_per_floor":[60,60,58,57,62,39,39,33,33,32,10,10,32,17,41,3,62,44,44,44,44,44,68,32,32,32,28,0],"gold":104,"neow_bonus":"THREE_CARDS","is_prod":false,"is_daily":false,"chose_seed":false,"campfire_upgraded":1,"win_rate":0,"timestamp":1556651005,"path_taken":["M","$","M","M","?","E","R","M","T","M","M","?","R","M","R","BOSS","M","?","?","$","M","R","M","M","T","M","E"],"build_version":"2019-01-23","purchased_purges":0,"victory":false,"max_hp_per_floor":[71,71,71,71,76,76,76,76,76,76,76,76,76,81,81,81,81,81,81,81,81,81,81,81,81,81,81,81],"card_choices":[{"not_picked":["Ball Lightning","Steam Power"],"picked":"Scrape","floor":0},{"not_picked":["Barrage","Storm","Force Field"],"picked":"SKIP","floor":1},{"not_picked":["Steam","Blizzard"],"picked":"Sweeping Beam","floor":3},{"not_picked":["Leap","Auto Shields"],"picked":"Sweeping Beam","floor":4},{"not_picked":["Redo","Static Discharge"],"picked":"Steam","floor":6},{"not_picked":["Stack","Hello World"],"picked":"Core Surge","floor":8},{"not_picked":["Ball Lightning","Fusion"],"picked":"Gash","floor":10},{"not_picked":["Conserve Battery","Sweeping Beam"],"picked":"White Noise","floor":11},{"not_picked":["Reprogram","Multi-Cast"],"picked":"Turbo","floor":14},{"not_picked":["Creative AI","Machine Learning"],"picked":"Electrodynamics","floor":16},{"not_picked":["Heatsinks"],"picked":"SKIP","floor":18},{"not_picked":["Consume"],"picked":"SKIP","floor":22},{"not_picked":["Stack"],"picked":"SKIP","floor":24},{"not_picked":["Rip and Tear"],"picked":"SKIP","floor":25},{"not_picked":["Rebound"],"picked":"SKIP","floor":27}],"player_experience":748085,"relics_obtained":[{"floor":6,"key":"Matryoshka"},{"floor":9,"key":"Potion Belt"},{"floor":9,"key":"Shuriken"},{"floor":12,"key":"Bottled Lightning"},{"floor":12,"key":"Pen Nib"},{"floor":26,"key":"Shovel"}],"event_choices":[{"damage_healed":0,"gold_gain":0,"player_choice":"Donut","damage_taken":0,"max_hp_gain":5,"max_hp_loss":0,"event_name":"Big Fish","floor":5,"gold_loss":0},{"damage_healed":0,"gold_gain":0,"player_choice":"Simplicity","damage_taken":0,"max_hp_gain":0,"max_hp_loss":0,"event_name":"Back to Basics","floor":19,"gold_loss":0,"cards_upgraded":["Strike_B","Strike_B","Strike_B","Strike_B","Defend_B","Defend_B","Defend_B","Defend_B"]},{"damage_healed":0,"gold_gain":50,"player_choice":"Stole From Cult","damage_taken":0,"max_hp_gain":0,"max_hp_loss":0,"event_name":"Nest","floor":20,"gold_loss":0}],"is_beta":false,"boss_relics":[{"not_picked":["Black Star","White Beast Statue"],"picked":"Busted Crown"}],"items_purged_floors":[],"is_endless":false,"potions_floor_spawned":[4,14,16,24,25,27],"killed_by":"Book of Stabbing","ascension_level":20}