{"gold_per_floor":[212,232,232,382,400,400,429,429,429,429,186,186,200,213,213,213],"floor_reached":16,"playtime":515,"items_purged":["Doubt"],"score":180,"play_id":"027981ec-8984-46bd-b1ac-f647299ea6e2","local_time":"20180904185229","is_ascension_mode":true,"campfire_choices":[{"data":"Cleave","floor":6,"key":"SMITH"},{"data":"Searing Blow","floor":8,"key":"SMITH"},{"data":"Searing Blow+1","floor":12,"key":"SMITH"},{"floor":15,"key":"REST"}],"neow_cost":"NONE","seed_source_timestamp":1744024118619433,"circlet_count":0,"master_deck":["Strike_R","Strike_R","Strike_R","Strike_R","Defend_R","Defend_R","Defend_R","Defend_R","Bash","AscendersBane","Searing Blow+2","Cleave+1","Blood for Blood","Shrug It Off"],"relics":["Burning Blood","Letter Opener","Bottled Flame","Vajra"],"potions_floor_usage":[16],"damage_taken":[{"damage":8,"enemies":"Jaw Worm","floor":1,"turns":4},{"damage":5,"enemies":"Small Slimes","floor":2,"turns":4},{"damage":9,"enemies":"2 Louse","floor":5,"turns":3},{"damage":56,"enemies":"Gremlin Nob","floor":7,"turns":5},{"damage":12,"enemies":"Looter","floor":13,"turns":3},{"damage":16,"enemies":"Blue Slaver","floor":14,"turns":3},{"damage":46,"enemies":"The Guardian","floor":16,"turns":8}],"seed_played":"7013975755711358682","potions_obtained":[{"floor":5,"key":"SmokeBomb"},{"floor":14,"key":"Fire Potion"}],"is_trial":false,"path_per_floor":["M","M","?","?","M","R","E","R","T","?","$","R","M","M","R"],"character_chosen":"IRONCLAD","items_purchased":["Vajra"],"campfire_rested":1,"item_purchase_floors":[11],"current_hp_per_floor":[66,67,67,67,64,64,14,14,14,39,39,39,33,23,45,0],"gold":213,"neow_bonus":"HUNDRED_GOLD","is_prod":false,"is_daily":false,"chose_seed":false,"campfire_upgraded":3,"win_rate":0,"timestamp":1536083549,"path_taken":["M","M","?","?","M","R","E","R","T","?","$","R","?","M","R","BOSS"],"build_version":"2018-08-30","purchased_purges":1,"victory":false,"max_hp_per_floor":[75,75,75,75,75,75,75,75,75,75,75,75,75,75,75,75],"card_choices":[{"not_picked":["Sword Boomerang","Heavy Blade"],"picked":"Searing Blow","floor":1},{"not_picked":["Iron Wave","Evolve"],"picked":"Cleave","floor":2},{"not_picked":["Inflame","True Grit"],"picked":"Blood for Blood","floor":5},{"not_picked":["Body Slam","Perfected Strike","Carnage"],"picked":"SKIP","floor":7},{"not_picked":["Clothesline","Corruption","Infernal Blade"],"picked":"SKIP","floor":13},{"not_picked":["Sentinel","Infernal Blade"],"picked":"Shrug It Off","floor":14}],"player_experience":313958,"relics_obtained":[{"floor":7,"key":"Letter Opener"},{"floor":9,"key":"Bottled Flame"}],"event_choices":[{"event_name":"Living Wall","player_choice":"Forget","floor":3,"damage_taken":0},{"event_name":"Liars Game","player_choice":"agreed","floor":4,"damage_taken":0},{"event_name":"Big Fish","player_choice":"Banana","floor":10,"damage_taken":0}],"is_beta":false,"boss_relics":[],"items_purged_floors":[11],"is_endless":false,"potions_floor_spawned":[5,14],"killed_by":"The Guardian","ascension_level":16}