{"gold_per_floor":[114,129,144,159,174,204,204,112,112,77,77,92,107,122,122,222,222,207,222,32,32,47,47,77,77,77,7,7,22,37,52,52,152,152,167,182,197,197,212,212,212,212,287,302,317,347,362,64,64,64],"floor_reached":51,"playtime":3014,"items_purged":[],"score":807,"play_id":"81a5cc9f-9680-4dac-8a57-d3aed636a017","local_time":"20180819145807","daily_mods":["Shiny","Uncertain Future","Binary"],"is_ascension_mode":false,"campfire_choices":[{"floor":7,"key":"REST"},{"data":"Cloak And Dagger","floor":11,"key":"SMITH"},{"data":"After Image","floor":15,"key":"SMITH"},{"data":"Cloak And Dagger","floor":23,"key":"SMITH"},{"data":"Accuracy","floor":25,"key":"SMITH"},{"floor":32,"key":"REST"},{"floor":40,"key":"REST"},{"data":"Burst","floor":42,"key":"SMITH"},{"floor":49,"key":"REST"}],"neow_cost":"","seed_source_timestamp":0,"circlet_count":0,"master_deck":["Venomology","Corpse Explosion","Malaise","Phantasmal Killer","Die Die Die","Adrenaline+1","Envenom","Doppelganger","Burst+1","Wraith Form v2","Tools of the Trade","Night Terror","Unload","After Image+1","Bullet Time","Storm of Steel","Glass Knife","A Thousand Cuts","Grand Finale","Backflip","Leg Sweep","Cloak And Dagger+1","Tools of the Trade","Cloak And Dagger+1","Leg Sweep","Accuracy+1","Cloak And Dagger","Accuracy","Acrobatics","Tools of the Trade","Quick Slash","Reflex","Prepared+1","Footwork","Blade Dance","Endless Agony","Tactician","Tactician","Cloak And Dagger","Slice+1","Venomology","Endless Agony","Writhe","Backflip+1","Tactician+1","Blade Dance+1","Calculated Gamble","Cloak And Dagger"],"special_seed":17762,"relics":["Ring of the Snake","Orichalcum","Tough Bandages","WristBlade","War Paint","Turnip","Runic Dome","Thread and Needle","Gremlin Horn","Bronze Scales","Toolbox"],"potions_floor_usage":[2,4,5,6,6,12,14,16,16,16,19,24,31,31,33,33,33,33,33,36,36,37,37,37,39,41,44,44,46,46,46,46,46,46,47,47,47,50,50],"damage_taken":[{"damage":6,"enemies":"Cultist","floor":1,"turns":3},{"damage":0,"enemies":"Small Slimes","floor":2,"turns":3},{"damage":5,"enemies":"Jaw Worm","floor":3,"turns":4},{"damage":0,"enemies":"Lots of Slimes","floor":4,"turns":1},{"damage":7,"enemies":"Blue Slaver","floor":5,"turns":5},{"damage":43,"enemies":"Gremlin Nob","floor":6,"turns":6},{"damage":1,"enemies":"Exordium Thugs","floor":12,"turns":5},{"damage":0,"enemies":"3 Louse","floor":13,"turns":3},{"damage":1,"enemies":"Large Slime","floor":14,"turns":3},{"damage":0,"enemies":"The Guardian","floor":16,"turns":10},{"damage":0,"enemies":"2 Thieves","floor":18,"turns":4},{"damage":0,"enemies":"3 Byrds","floor":19,"turns":3},{"damage":0,"enemies":"Snake Plant","floor":22,"turns":6},{"damage":10,"enemies":"Book of Stabbing","floor":24,"turns":5},{"damage":7,"enemies":"Centurion and Healer","floor":29,"turns":5},{"damage":0,"enemies":"Snecko","floor":30,"turns":3},{"damage":9,"enemies":"Snake Plant","floor":31,"turns":4},{"damage":31,"enemies":"Automaton","floor":33,"turns":12},{"damage":0,"enemies":"3 Shapes","floor":35,"turns":5},{"damage":14,"enemies":"3 Darklings","floor":36,"turns":4},{"damage":31,"enemies":"Maw","floor":37,"turns":10},{"damage":0,"enemies":"4 Shapes","floor":39,"turns":4},{"damage":0,"floor":41,"turns":7},{"damage":0,"enemies":"Sphere and 2 Shapes","floor":44,"turns":3},{"damage":0,"enemies":"3 Darklings","floor":45,"turns":3},{"damage":45,"enemies":"2 Orb Walkers","floor":46,"turns":6},{"damage":5,"enemies":"Maw","floor":47,"turns":7},{"damage":6,"enemies":"Donu and Deca","floor":50,"turns":7}],"seed_played":"-5091411404733603740","potions_obtained":[{"floor":3,"key":"AttackPotion"},{"floor":4,"key":"LiquidBronze"},{"floor":5,"key":"Swift Potion"},{"floor":6,"key":"Regen Potion"},{"floor":12,"key":"SteroidPotion"},{"floor":18,"key":"Dexterity Potion"},{"floor":19,"key":"Explosive Potion"},{"floor":24,"key":"FearPotion"},{"floor":35,"key":"EntropicBrew"},{"floor":37,"key":"GhostInAJar"},{"floor":39,"key":"Strength Potion"},{"floor":44,"key":"LiquidBronze"}],"is_trial":false,"path_per_floor":["M","M","M","M","M","E","R","$","T","?","R","M","M","M","R","B",null,"M","M","$","?","M","R","E","R","T","$","?","M","M","M","R","B",null,"M","M","M","?","M","R","?","R","T","M","M","E","M","$","R","B"],"character_chosen":"THE_SILENT","items_purchased":["Accuracy","Cloak And Dagger","Reflex","Prepared","Footwork","Tactician","Calculated Gamble","Cloak And Dagger","Toolbox"],"campfire_rested":4,"item_purchase_floors":[8,8,20,20,20,27,48,48,48],"current_hp_per_floor":[64,64,59,59,52,9,30,30,30,30,30,43,43,42,42,42,70,70,70,70,70,70,70,60,60,60,60,60,53,53,44,65,34,70,70,56,25,43,43,64,64,64,64,64,64,19,14,14,35,29],"gold":64,"neow_bonus":"","is_prod":false,"is_daily":true,"chose_seed":false,"campfire_upgraded":5,"win_rate":0,"timestamp":1534712287,"path_taken":["M","?","M","M","M","E","R","$","T","?","R","M","?","M","R","BOSS","M","M","$","?","M","R","E","R","T","?","?","M","M","M","R","BOSS","M","M","M","?","M","R","?","R","T","M","?","E","M","$","R","BOSS"],"build_version":"2018-08-16","purchased_purges":0,"victory":true,"max_hp_per_floor":[70,70,70,70,70,70,70,70,70,70,70,70,70,70,70,70,70,70,70,70,70,70,70,70,70,70,70,70,70,70,70,70,70,70,70,70,70,70,70,70,70,70,70,70,70,70,70,70,70,70],"card_choices":[{"not_picked":["Outmaneuver"],"picked":"Backflip","floor":1},{"not_picked":["Dodge and Roll"],"picked":"Leg Sweep","floor":2},{"not_picked":["Poisoned Stab"],"picked":"Cloak And Dagger","floor":3},{"not_picked":["Bouncing Flask"],"picked":"Tools of the Trade","floor":4},{"not_picked":["Outmaneuver"],"picked":"Cloak And Dagger","floor":5},{"not_picked":["Phantasmal Killer"],"picked":"Leg Sweep","floor":6},{"not_picked":["Dagger Throw"],"picked":"Accuracy","floor":12},{"not_picked":["Eviscerate"],"picked":"Acrobatics","floor":13},{"not_picked":["Masterful Stab","Deadly Poison"],"picked":"SKIP","floor":14},{"not_picked":["Die Die Die"],"picked":"Tools of the Trade","floor":16},{"not_picked":["Choke"],"picked":"Quick Slash","floor":18},{"not_picked":["Quick Slash","PiercingWail"],"picked":"SKIP","floor":19},{"not_picked":["Deadly Poison"],"picked":"Blade Dance","floor":22},{"not_picked":["Poisoned Stab"],"picked":"Endless Agony","floor":24},{"not_picked":["Outmaneuver+1"],"picked":"Cloak And Dagger","floor":29},{"not_picked":["Well Laid Plans+1","Phantasmal Killer"],"picked":"SKIP","floor":30},{"not_picked":["Choke"],"picked":"Slice+1","floor":31},{"not_picked":["Corpse Explosion"],"picked":"Venomology","floor":33},{"not_picked":["Bane+1","Choke+1"],"picked":"SKIP","floor":35},{"not_picked":["Slice+1","Masterful Stab"],"picked":"SKIP","floor":36},{"not_picked":["Skewer"],"picked":"Endless Agony","floor":37},{"not_picked":["Masterful Stab+1","Setup+1"],"picked":"SKIP","floor":39},{"not_picked":["Deflect+1"],"picked":"Backflip+1","floor":44},{"not_picked":["Prepared+1"],"picked":"Tactician+1","floor":45},{"not_picked":["Poisoned Stab+1"],"picked":"Blade Dance+1","floor":46},{"not_picked":["Deadly Poison","Dodge and Roll"],"picked":"SKIP","floor":47}],"player_experience":497634,"relics_obtained":[{"floor":6,"key":"Orichalcum"},{"floor":9,"key":"Tough Bandages"},{"floor":24,"key":"War Paint"},{"floor":26,"key":"Turnip"},{"floor":41,"key":"Thread and Needle"},{"floor":43,"key":"Gremlin Horn"},{"floor":46,"key":"Bronze Scales"}],"event_choices":[{"event_name":"World of Goop","player_choice":"Left","floor":10,"damage_taken":0},{"event_name":"N\u0027loth","player_choice":"Ignored","floor":21,"damage_taken":0},{"event_name":"The Library","player_choice":"Read","floor":28,"damage_taken":0},{"event_name":"Winding Halls","player_choice":"Writhe","floor":38,"damage_taken":0},{"event_name":"MindBloom","player_choice":"Fight","floor":41,"damage_taken":0}],"is_beta":true,"boss_relics":[{"not_picked":["Runic Pyramid","Philosopher\u0027s Stone"],"picked":"WristBlade"},{"not_picked":["Astrolabe","Coffee Dripper"],"picked":"Runic Dome"}],"items_purged_floors":[],"is_endless":false,"potions_floor_spawned":[3,4,5,6,12,18,19,24,35,37,39,44],"ascension_level":0}