{"gold_per_floor":[112,122,122,72,92,92,68,68,68,97,110,110,129,129,129,224,224,236,251,176,176],"floor_reached":21,"playtime":1363,"items_purged":["Pain"],"score":179,"play_id":"15030343-f451-4ede-b7dd-a2c1ba18522e","local_time":"20191005170137","is_ascension_mode":false,"campfire_choices":[{"data":"Combust","floor":6,"key":"SMITH"},{"data":"Cleave","floor":8,"key":"SMITH"},{"floor":15,"key":"REST"}],"neow_cost":"NONE","seed_source_timestamp":496705527968900,"circlet_count":0,"master_deck":["Strike_R","Strike_R","Strike_R","Strike_R","Defend_R+1","Defend_R","Defend_R","Defend_R+1","Bash","Decay","Parasite","Pummel","Combust+1","Carnage+1","Cleave+1","True Grit","Ghostly Armor","Burning Pact","Seeing Red+1","Demon Form","True Grit","Whirlwind+1","Iron Wave","Headbutt+1"],"relics":["Calling Bell","War Paint","Darkstone Periapt","Torii","Peace Pipe","Kunai","Prayer Wheel","Eternal Feather"],"potions_floor_usage":[10,16],"damage_taken":[{"damage":18,"enemies":"Jaw Worm","floor":1,"turns":4},{"damage":2,"enemies":"2 Louse","floor":2,"turns":4},{"damage":14,"enemies":"Cultist","floor":5,"turns":4},{"damage":6,"enemies":"3 Sentries","floor":10,"turns":3},{"damage":3,"enemies":"2 Fungi Beasts","floor":11,"turns":3},{"damage":5,"enemies":"Looter","floor":13,"turns":3},{"damage":32,"enemies":"Slime Boss","floor":16,"turns":7},{"damage":41,"enemies":"Spheric Guardian","floor":18,"turns":7},{"damage":32,"enemies":"2 Thieves","floor":19,"turns":4},{"damage":20,"enemies":"3 Cultists","floor":21,"turns":4}],"seed_played":"8794007094758756600","potions_obtained":[{"floor":1,"key":"Explosive Potion"},{"floor":11,"key":"Swift Potion"},{"floor":16,"key":"Poison Potion"},{"floor":19,"key":"FearPotion"}],"is_trial":false,"path_per_floor":["M","M","?","?","M","R","$","R","T","E","M","T","M","?","R","B",null,"M","M","$","M"],"character_chosen":"IRONCLAD","items_purchased":["Cleave"],"campfire_rested":1,"item_purchase_floors":[7],"current_hp_per_floor":[62,60,65,65,51,51,51,51,51,45,42,42,37,20,45,13,85,44,12,12,0],"gold":176,"neow_bonus":"BOSS_RELIC","is_prod":false,"is_daily":false,"chose_seed":false,"campfire_upgraded":2,"win_rate":0.0,"timestamp":1570266097,"path_taken":["M","M","?","?","M","R","$","R","T","E","M","?","?","?","R","BOSS","M","M","$","M"],"build_version":"2019-07-17","purchased_purges":1,"victory":false,"max_hp_per_floor":[80,80,85,85,85,85,85,85,85,85,85,85,85,85,85,85,85,85,85,85,85],"card_choices":[{"not_picked":["Shrug It Off","Dual Wield"],"picked":"Pummel","floor":1},{"not_picked":["Flex","Clothesline"],"picked":"Combust","floor":2},{"not_picked":["Sever Soul","Perfected Strike"],"picked":"Carnage","floor":5},{"not_picked":["Twin Strike","Sword Boomerang"],"picked":"True Grit","floor":10},{"not_picked":["Cleave","Pommel Strike"],"picked":"Ghostly Armor","floor":11},{"not_picked":["Heavy Blade","Warcry"],"picked":"Burning Pact","floor":13},{"not_picked":["Pommel Strike","Flex"],"picked":"Seeing Red","floor":13},{"not_picked":["Barricade","Bludgeon"],"picked":"Demon Form","floor":16},{"not_picked":["Shockwave","Headbutt"],"picked":"True Grit","floor":18},{"not_picked":["Clothesline","Disarm"],"picked":"Whirlwind+1","floor":18},{"not_picked":["Heavy Blade+1","Dropkick+1"],"picked":"Iron Wave","floor":19},{"not_picked":["Shrug It Off","Brutality"],"picked":"Headbutt+1","floor":19}],"player_experience":82245,"relics_obtained":[{"floor":0,"key":"War Paint"},{"floor":0,"key":"Darkstone Periapt"},{"floor":0,"key":"Torii"},{"floor":9,"key":"Peace Pipe"},{"floor":10,"key":"Kunai"},{"floor":12,"key":"Prayer Wheel"}],"event_choices":[{"damage_healed":0,"gold_gain":0,"player_choice":"Donut","damage_taken":0,"max_hp_gain":5,"max_hp_loss":0,"event_name":"Big Fish","floor":3,"gold_loss":0},{"cards_removed":["Strike_R"],"damage_healed":0,"gold_gain":0,"player_choice":"Card Removal","damage_taken":0,"max_hp_gain":0,"max_hp_loss":0,"event_name":"The Cleric","floor":4,"gold_loss":50},{"damage_healed":0,"gold_gain":0,"player_choice":"Entered Light","damage_taken":17,"max_hp_gain":0,"max_hp_loss":0,"event_name":"Shining Light","floor":14,"gold_loss":0,"cards_upgraded":["Carnage","Seeing Red"]}],"is_beta":false,"boss_relics":[{"not_picked":["Philosopher\u0027s Stone","Runic Dome"],"picked":"Eternal Feather"}],"items_purged_floors":[20],"is_endless":false,"potions_floor_spawned":[1,11,16,19],"killed_by":"3 Cultists","ascension_level":0}