{"gold_per_floor":[117,131,147,223,223,258,258,34,60,76,51,69,69,19,19,120,120,135,26,26,26,51,70,70,70,94,106,134,233,233,251,251,351,351,362,372,372,45,0,32,46,46,46,46,95,165,165,69,69,69],"floor_reached":51,"playtime":4027,"items_purged":["Strike_G"],"score":1009,"play_id":"8748b8d9-633b-400a-b2e5-c523717842d8","local_time":"20181007225840","is_ascension_mode":true,"campfire_choices":[{"floor":7.0,"key":"REST"},{"floor":13.0,"key":"REST"},{"floor":15.0,"key":"REST"},{"floor":25.0,"key":"REST"},{"floor":30.0,"key":"REST"},{"floor":32.0,"key":"REST"},{"floor":42,"key":"REST"},{"floor":44,"key":"REST"},{"floor":49,"key":"REST"}],"neow_cost":"NONE","seed_source_timestamp":0,"circlet_count":0,"master_deck":["Defend_G","Defend_G","Defend_G","Defend_G","Defend_G","Strike_G","Strike_G","Strike_G","Survivor","Neutralize","AscendersBane","Unload","Riddle With Holes","Infinite Blades","Flying Knee","Leg Sweep","All Out Attack","Backflip","Deflect","Underhanded Strike","After Image","Sucker Punch+1","Infinite Blades","Riddle With Holes","Blade Dance+1","Eviscerate+1","Predator+1","Envenom","Accuracy","Venomology","Neutralize","Deep Breath","Terror","Dagger Throw","Deflect","Bane","Bouncing Flask+1","Blur","The Bomb","Jack Of All Trades","PiercingWail","Backflip"],"special_seed":0,"relics":["Ring of the Snake","Lantern","Oddly Smooth Stone","Blood Vial","Vajra","Fusion Hammer","Shuriken","Happy Flower","Bronze Scales","Juzu Bracelet","Busted Crown","Snake Skull","Red Mask","Pantograph","Regal Pillow","Mango","Pear"],"potions_floor_usage":[40,40,41,41,50,50,50],"damage_taken":[{"damage":6.0,"enemies":"Jaw Worm","floor":1.0,"turns":5.0},{"damage":0.0,"enemies":"Small Slimes","floor":2.0,"turns":3.0},{"damage":0.0,"enemies":"2 Louse","floor":3.0,"turns":2.0},{"damage":26.0,"enemies":"Gremlin Nob","floor":6.0,"turns":5.0},{"damage":0.0,"enemies":"Exordium Wildlife","floor":10.0,"turns":2.0},{"damage":0.0,"enemies":"Large Slime","floor":12.0,"turns":4.0},{"damage":57.0,"enemies":"Hexaghost","floor":16.0,"turns":10.0},{"damage":15.0,"enemies":"Spheric Guardian","floor":18.0,"turns":4.0},{"damage":0.0,"enemies":"3 Byrds","floor":23.0,"turns":6.0},{"damage":4.0,"enemies":"Colosseum Slavers","floor":24.0,"turns":3.0},{"damage":18.0,"enemies":"Cultist and Chosen","floor":27.0,"turns":6.0},{"damage":21.0,"enemies":"Gremlin Leader","floor":28.0,"turns":6.0},{"damage":0.0,"enemies":"Snake Plant","floor":31.0,"turns":3.0},{"damage":22.0,"enemies":"Champ","floor":33.0,"turns":7.0},{"damage":0.0,"enemies":"3 Shapes","floor":35.0,"turns":8.0},{"damage":9.0,"enemies":"3 Darklings","floor":36.0,"turns":5.0},{"damage":37,"enemies":"Nemesis","floor":40,"turns":5},{"damage":0,"enemies":"Maw","floor":41,"turns":6},{"damage":25,"enemies":"Mysterious Sphere","floor":45,"turns":13},{"damage":61,"enemies":"Awakened One","floor":50,"turns":11}],"seed_played":"-5813853860279569771","potions_obtained":[{"floor":3.0,"key":"Fire Potion"},{"floor":6.0,"key":"SteroidPotion"},{"floor":10.0,"key":"SkillPotion"},{"floor":27.0,"key":"FearPotion"},{"floor":31.0,"key":"Poison Potion"},{"floor":33.0,"key":"GamblersBrew"},{"floor":36.0,"key":"Dexterity Potion"},{"floor":40,"key":"PowerPotion"}],"is_trial":false,"path_per_floor":["M","M","M","?","?","E","R","$","T","M","$","M","R","$","R","B",null,"M","$","?","?","T","M","?","R","T","M","E","?","R","M","R","B",null,"M","M","?","$","?","E","M","R","T","R","?","T","?","$","R","B"],"character_chosen":"THE_SILENT","items_purchased":["Blood Vial","Backflip","Underhanded Strike","Infinite Blades","Riddle With Holes","Snake Skull","Terror","Dagger Throw","Deflect","PiercingWail","Backflip"],"campfire_rested":9,"item_purchase_floors":[8,11,14,19,19,38,38,38,38,48,48],"current_hp_per_floor":[57,57,57,57,32,6,27,27,27,29,29,31,52,52,70,13,56,43,43,43,43,43,45,43,64,64,48,29,29,50,52,70,48,65,67,60,60,60,60,25,27,48,48,70,59,69,64,64,94,33],"gold":69,"neow_bonus":"TRANSFORM_CARD","is_prod":false,"is_daily":false,"chose_seed":false,"campfire_upgraded":0,"win_rate":0,"timestamp":1538967520,"path_taken":["M","M","M","?","?","E","R","$","T","M","$","M","R","$","R","BOSS","M","$","?","?","?","M","?","R","T","?","E","?","R","M","R","BOSS","M","M","?","$","?","E","M","R","T","R","?","?","?","?","R","BOSS"],"build_version":"2018-10-04v2","purchased_purges":1,"victory":true,"max_hp_per_floor":[70,70,70,70,70,70,70,70,70,70,70,70,70,70,70,70,70,70,70,70,70,70,70,70,70,70,70,70,70,70,70,70,70,70,70,70,70,70,70,70,70,70,70,70,84,94,94,94,94,94],"card_choices":[{"not_picked":["Poisoned Stab","Quick Slash"],"picked":"Riddle With Holes","floor":1.0},{"not_picked":["Dagger Spray","Sucker Punch"],"picked":"Infinite Blades","floor":2.0},{"not_picked":["Setup","Expertise"],"picked":"Flying Knee","floor":3.0},{"not_picked":["Catalyst","Quick Slash"],"picked":"Leg Sweep","floor":6.0},{"not_picked":["Poisoned Stab","Flying Knee"],"picked":"All Out Attack","floor":10.0},{"not_picked":["Deadly Poison","Masterful Stab"],"picked":"Deflect","floor":12.0},{"not_picked":["Grand Finale","Venomology"],"picked":"After Image","floor":16.0},{"not_picked":["Concentrate","Expertise"],"picked":"Sucker Punch+1","floor":18.0},{"not_picked":["Cloak And Dagger","Calculated Gamble"],"picked":"Blade Dance+1","floor":23.0},{"not_picked":["Setup","Calculated Gamble"],"picked":"Eviscerate+1","floor":27.0},{"not_picked":["Slice+1","Choke"],"picked":"Predator+1","floor":28.0},{"not_picked":["Sucker Punch","Expertise","Dodge and Roll"],"picked":"SKIP","floor":31.0},{"not_picked":["Adrenaline","Phantasmal Killer"],"picked":"Envenom","floor":33.0},{"not_picked":["Flying Knee"],"picked":"SKIP","floor":35.0},{"not_picked":[],"picked":"Accuracy","floor":36.0},{"not_picked":[],"picked":"Bane","floor":40},{"not_picked":[],"picked":"Bouncing Flask+1","floor":41},{"not_picked":[],"picked":"Blur","floor":45},{"not_picked":[],"picked":"The Bomb","floor":47},{"not_picked":[],"picked":"Jack Of All Trades","floor":47}],"player_experience":1812840,"relics_obtained":[{"floor":6.0,"key":"Oddly Smooth Stone"},{"floor":9.0,"key":"Vajra"},{"floor":22.0,"key":"Happy Flower"},{"floor":26.0,"key":"Bronze Scales"},{"floor":28.0,"key":"Juzu Bracelet"},{"floor":40,"key":"Pantograph"},{"floor":43,"key":"Regal Pillow"},{"floor":45,"key":"Mango"},{"floor":46,"key":"Pear"}],"event_choices":[{"event_name":"Golden Wing","player_choice":"Gained Gold","floor":4.0,"damage_taken":0.0},{"event_name":"Scrap Ooze","player_choice":"success","floor":5.0,"damage_taken":25.0},{"event_name":"Beggar","player_choice":"Ignored","floor":20.0,"damage_taken":0.0},{"event_name":"The Mausoleum","player_choice":"Yes","floor":21.0,"damage_taken":0.0},{"event_name":"Colosseum","player_choice":"Fight","floor":24.0,"damage_taken":0.0},{"event_name":"Colosseum","player_choice":"Fled From Nobs","floor":24.0,"damage_taken":0.0},{"event_name":"Nest","player_choice":"Stole From Cult","floor":29.0,"damage_taken":0.0},{"event_name":"Match and Keep!","player_choice":"3 cards matched","floor":37,"damage_taken":0},{"event_name":"Tomb of Lord Red Mask","player_choice":"Paid","floor":39,"damage_taken":0},{"event_name":"Mysterious Sphere","player_choice":"Fight","floor":45,"damage_taken":0},{"event_name":"SensoryStone","player_choice":"Memory 2","floor":47,"damage_taken":0}],"is_beta":false,"boss_relics":[{"not_picked":["Ring of the Serpent","Philosopher\u0027s Stone"],"picked":"Fusion Hammer"},{"not_picked":["Cursed Key","Calling Bell"],"picked":"Busted Crown"}],"items_purged_floors":[8],"is_endless":false,"potions_floor_spawned":[3,6,10,24,27,31,33,36,40],"ascension_level":10}