{"gold_per_floor":[112,112,123,135,135,135,169,182,182,132,132,132,82,99,99,196,196,206,223,62,62,80,80,80],"floor_reached":24,"playtime":3268,"items_purged":["Strike_G","Defend_G"],"score":216,"play_id":"28ed3cb6-bc43-4580-8ac1-59f33bce6140","local_time":"20180629174403","is_ascension_mode":true,"campfire_choices":[{"data":"Cloak And Dagger","floor":6,"key":"SMITH"},{"floor":12,"key":"REST"},{"floor":15,"key":"REST"},{"floor":23,"key":"REST"}],"neow_cost":"NONE","seed_source_timestamp":1702371257582919,"circlet_count":0,"master_deck":["Defend_G","Defend_G","Defend_G","Strike_G","Strike_G","Survivor","Neutralize+1","Terror","Cloak And Dagger+1","Heel Hook","Dagger Throw","Dagger Spray","Predator","Quick Slash","Phantasmal Killer","Sucker Punch+1","Prepared","Footwork","Malaise","Accuracy","Predator+1"],"relics":["Ring of the Snake","Du-Vu Doll","Smiling Mask","Unceasing Top","Philosopher\u0027s Stone"],"potions_floor_usage":[7,22],"damage_taken":[{"damage":0,"enemies":"Jaw Worm","floor":1,"turns":6},{"damage":0,"enemies":"2 Louse","floor":3,"turns":4},{"damage":0,"enemies":"Cultist","floor":4,"turns":3},{"damage":9,"enemies":"3 Sentries","floor":7,"turns":10},{"damage":11,"enemies":"3 Louse","floor":8,"turns":4},{"damage":0,"enemies":"Red Slaver","floor":14,"turns":3},{"damage":25,"enemies":"The Guardian","floor":16,"turns":16},{"damage":4,"enemies":"Chosen","floor":18,"turns":6},{"damage":1,"enemies":"Shell Parasite","floor":19,"turns":4},{"damage":14,"enemies":"Chosen and Byrds","floor":22,"turns":5},{"damage":71,"enemies":"Book of Stabbing","floor":24,"turns":6}],"seed_played":"-2533494034384103163","potions_obtained":[{"floor":4,"key":"SpeedPotion"},{"floor":19,"key":"SkillPotion"}],"is_trial":false,"path_per_floor":["M","?","M","M","?","R","E","M","T","?","?","R","$","M","R","B",null,"M","M","$","?","M","R"],"character_chosen":"THE_SILENT","items_purchased":["Footwork","Malaise"],"campfire_rested":3,"item_purchase_floors":[20,20],"current_hp_per_floor":[70,63,63,63,56,56,47,36,36,36,36,57,57,57,70,45,70,66,65,65,65,51,70,0],"gold":80,"neow_bonus":"UPGRADE_CARD","is_prod":false,"is_daily":false,"chose_seed":false,"campfire_upgraded":1,"win_rate":0,"timestamp":1530308643,"path_taken":["M","?","?","M","?","R","E","M","T","?","?","R","?","M","R","BOSS","M","M","$","?","M","R","E"],"build_version":"2018-06-21v2","purchased_purges":2,"victory":false,"max_hp_per_floor":[70,70,70,70,70,70,70,70,70,70,70,70,70,70,70,70,70,70,70,70,70,70,70,70],"card_choices":[{"not_picked":["Slice","Cloak And Dagger"],"picked":"Terror","floor":1},{"not_picked":["Slice","Deadly Poison"],"picked":"Cloak And Dagger","floor":3},{"not_picked":["Venomology","Endless Agony"],"picked":"Heel Hook","floor":4},{"not_picked":["Acrobatics","Setup"],"picked":"Dagger Throw","floor":7},{"not_picked":["Deflect","Riddle With Holes"],"picked":"Dagger Spray","floor":8},{"not_picked":["Crippling Poison","Deadly Poison"],"picked":"Quick Slash","floor":14},{"not_picked":["Wraith Form v2","Corpse Explosion"],"picked":"Phantasmal Killer","floor":16},{"not_picked":["Flechettes+1","Riddle With Holes"],"picked":"Sucker Punch+1","floor":18},{"not_picked":["Deflect","Catalyst"],"picked":"Prepared","floor":19},{"not_picked":["Calculated Gamble","Skewer"],"picked":"Predator+1","floor":22}],"player_experience":1247336,"relics_obtained":[{"floor":7,"key":"Smiling Mask"},{"floor":9,"key":"Unceasing Top"}],"event_choices":[{"event_name":"Golden Wing","player_choice":"Card Removal","floor":2,"damage_taken":0},{"event_name":"Scrap Ooze","player_choice":"success","floor":5,"damage_taken":7},{"event_name":"The Cleric","player_choice":"Card Removal","floor":10,"damage_taken":0},{"event_name":"Living Wall","player_choice":"Change","floor":11,"damage_taken":0},{"event_name":"The Library","player_choice":"Read","floor":21,"damage_taken":0}],"boss_relics":[{"not_picked":["Ectoplasm","Orrery"],"picked":"Philosopher\u0027s Stone"}],"items_purged_floors":[13,20],"is_endless":false,"potions_floor_spawned":[4,19],"killed_by":"Book of Stabbing","ascension_level":2}