{"gold_per_floor":[114,114,125,141,21,21,47,47,47,57,68,102,181,197,197,197],"floor_reached":16,"playtime":3304,"items_purged":["Normality"],"score":140,"play_id":"63e28f45-166f-40bb-a12e-7b26ab657287","local_time":"20180813203417","is_ascension_mode":true,"campfire_choices":[{"floor":6,"key":"REST"},{"data":"Hologram","floor":15,"key":"SMITH"}],"neow_cost":"NONE","seed_source_timestamp":41683044323046,"circlet_count":0,"master_deck":["Strike_B","Strike_B","Strike_B","Strike_B","Defend_B","Defend_B","Defend_B","Defend_B","Zap","Dualcast","Genetic Algorithm","Hologram+1","Cold Snap","Leap","Turbo","All For One","Steam","Gash","Meteor Strike","Beam Cell"],"relics":["Cracked Core","Cables","Kunai","Ancient Tea Set","Omamori","Tiny Chest"],"potions_floor_usage":[7,10,16],"damage_taken":[{"damage":13,"enemies":"Jaw Worm","floor":1,"turns":4},{"damage":3,"enemies":"Cultist","floor":3,"turns":3},{"damage":11,"enemies":"Small Slimes","floor":4,"turns":3},{"damage":25,"enemies":"Gremlin Nob","floor":7,"turns":4},{"damage":1,"enemies":"Gremlin Gang","floor":10,"turns":4},{"damage":3,"enemies":"3 Louse","floor":11,"turns":3},{"damage":7,"enemies":"3 Sentries","floor":12,"turns":5},{"damage":1,"enemies":"Looter","floor":14,"turns":3},{"damage":61,"enemies":"Slime Boss","floor":16,"turns":12}],"seed_played":"1461232971210742894","potions_obtained":[{"floor":3,"key":"Swift Potion"},{"floor":7,"key":"SteroidPotion"},{"floor":11,"key":"SpeedPotion"}],"is_trial":false,"path_per_floor":["M","?","M","M","$","R","E","?","T","M","M","E","T","M","R"],"character_chosen":"DEFECT","items_purchased":["Turbo"],"campfire_rested":1,"item_purchase_floors":[5],"current_hp_per_floor":[62,62,59,48,48,70,45,70,70,69,66,59,59,58,58,0],"gold":197,"neow_bonus":"THREE_CARDS","is_prod":false,"is_daily":false,"chose_seed":false,"campfire_upgraded":1,"win_rate":0,"timestamp":1534206857,"path_taken":["M","?","M","?","$","R","E","?","T","M","?","E","?","M","R","BOSS"],"build_version":"2018-08-09","purchased_purges":1,"victory":false,"max_hp_per_floor":[75,75,75,75,75,75,75,75,75,75,75,75,75,75,75,75],"card_choices":[{"not_picked":["Streamline","Barrage"],"picked":"Genetic Algorithm","floor":0},{"not_picked":["Barrage","Storm"],"picked":"Hologram","floor":1},{"not_picked":["Barrage","Compile Driver"],"picked":"Cold Snap","floor":3},{"not_picked":["Chaos","Rip and Tear"],"picked":"Leap","floor":4},{"not_picked":["Leap","Barrage"],"picked":"All For One","floor":7},{"not_picked":["Rebound","Stack"],"picked":"Steam","floor":10},{"not_picked":["Redo","Hello World"],"picked":"Gash","floor":11},{"not_picked":["Turbo","Doom and Gloom"],"picked":"Meteor Strike","floor":12},{"not_picked":["Sweeping Beam","Darkness"],"picked":"Beam Cell","floor":14}],"player_experience":1520881,"relics_obtained":[{"floor":7,"key":"Kunai"},{"floor":9,"key":"Ancient Tea Set"},{"floor":12,"key":"Omamori"},{"floor":13,"key":"Tiny Chest"}],"event_choices":[{"event_name":"Accursed Blacksmith","player_choice":"Rummage","floor":2,"damage_taken":0},{"event_name":"Big Fish","player_choice":"Banana","floor":8,"damage_taken":0}],"is_beta":false,"boss_relics":[],"items_purged_floors":[5],"is_endless":false,"potions_floor_spawned":[3,7,11],"killed_by":"Slime Boss","ascension_level":5}