{"gold_per_floor":[109,7,7,7,19,19,45,62,88,88,117,131,146,172,172,269,269,252,167,34,54,65,65,82,82,108,108],"floor_reached":27,"playtime":2133,"items_purged":[],"score":258,"play_id":"51b78a64-42e8-48c7-b6ce-d38151ed0d5d","local_time":"20190728071443","is_ascension_mode":false,"campfire_choices":[{"floor":6,"key":"REST"},{"floor":10,"key":"REST"},{"floor":15,"key":"REST"},{"floor":23,"key":"REST"},{"floor":25,"key":"REST"}],"neow_cost":"NONE","seed_source_timestamp":129638205371688,"circlet_count":0,"master_deck":["Strike_B","Strike_B","Strike_B","Strike_B","Defend_B","Defend_B","Defend_B","Defend_B","Zap","Dualcast","Dramatic Entrance+1","Capacitor","Stack","Regret","Steam","Lockon+1","Double Energy","Cold Snap","Conserve Battery","Ball Lightning","Gash","Chill","Steam","Loop","Defragment","Buffer","Gash","Gash+1","Doom and Gloom","Good Instincts","Rip and Tear","Leap","Echo Form","Leap","Turbo","Amplify"],"relics":["Cracked Core","Omamori","Prayer Wheel","Bag of Preparation","Regal Pillow","Centennial Puzzle","Whetstone","Runic Pyramid","Blood Vial","Vajra"],"potions_floor_usage":[12,13,16],"damage_taken":[{"damage":0,"enemies":"Small Slimes","floor":1,"turns":2},{"damage":16,"enemies":"Jaw Worm","floor":5,"turns":4},{"damage":44,"enemies":"Gremlin Nob","floor":7,"turns":5},{"damage":1,"enemies":"Cultist","floor":8,"turns":4},{"damage":28,"enemies":"3 Sentries","floor":11,"turns":10},{"damage":0,"enemies":"Exordium Wildlife","floor":12,"turns":1},{"damage":3,"enemies":"Gremlin Gang","floor":13,"turns":4},{"damage":16,"enemies":"Lagavulin","floor":14,"turns":5},{"damage":54,"enemies":"Hexaghost","floor":16,"turns":10},{"damage":22,"enemies":"2 Thieves","floor":18,"turns":4},{"damage":7,"enemies":"Spheric Guardian","floor":21,"turns":4},{"damage":13,"enemies":"3 Cultists","floor":22,"turns":6},{"damage":14,"enemies":"Sentry and Sphere","floor":24,"turns":5},{"damage":83,"enemies":"Gremlin Leader","floor":27,"turns":9}],"seed_played":"-7981059719967523011","potions_obtained":[{"floor":5,"key":"Dexterity Potion"},{"floor":8,"key":"Poison Potion"},{"floor":11,"key":"Explosive Potion"},{"floor":21,"key":"SpeedPotion"}],"is_trial":false,"path_per_floor":["M","$","?","?","M","R","E","M","T","R","E","M","M","E","R","B",null,"M","?","$","M","M","R","M","R","T","E"],"character_chosen":"DEFECT","items_purchased":["Melter","Stack","Doom and Gloom","Good Instincts"],"campfire_rested":5,"item_purchase_floors":[2,2,20,20],"current_hp_per_floor":[75,75,75,75,59,75,31,30,30,67,39,39,36,20,57,3,75,53,53,53,48,37,74,61,75,75,0],"gold":108,"neow_bonus":"RANDOM_COLORLESS","is_prod":false,"is_daily":false,"chose_seed":false,"campfire_upgraded":0,"win_rate":0.0,"timestamp":1564308883,"path_taken":["M","$","?","?","M","R","E","M","T","R","E","M","M","E","R","BOSS","M","?","$","M","M","R","M","R","T","E"],"build_version":"2019-07-17","purchased_purges":0,"victory":false,"max_hp_per_floor":[75,75,75,75,75,75,75,75,75,75,75,75,75,75,75,75,75,75,75,75,75,75,75,75,75,75,75],"card_choices":[{"not_picked":["Self Repair","Storm"],"picked":"Capacitor","floor":1},{"not_picked":["Gash","Beam Cell"],"picked":"Steam","floor":5},{"not_picked":["Darkness","Gash"],"picked":"Lockon","floor":5},{"not_picked":["Barrage","Steam Power"],"picked":"Double Energy","floor":7},{"not_picked":["Turbo","Sweeping Beam"],"picked":"Cold Snap","floor":8},{"not_picked":["Turbo","Rainbow"],"picked":"Conserve Battery","floor":8},{"not_picked":["Stack","Steam"],"picked":"Ball Lightning","floor":11},{"not_picked":["Double Energy","Stack"],"picked":"Gash","floor":12},{"not_picked":["Machine Learning","Rebound"],"picked":"Chill","floor":12},{"not_picked":["Hologram","Hello World"],"picked":"Steam","floor":13},{"not_picked":["Coolheaded","Darkness"],"picked":"Loop","floor":13},{"not_picked":["Reprogram","Stack"],"picked":"Defragment","floor":14},{"not_picked":["Amplify","Reboot"],"picked":"Buffer","floor":16},{"not_picked":["Streamline","Self Repair"],"picked":"Gash","floor":18},{"not_picked":["Lockon","Sweeping Beam"],"picked":"Gash+1","floor":18},{"not_picked":["Coolheaded","Compile Driver"],"picked":"Rip and Tear","floor":21},{"not_picked":["Sweeping Beam","Barrage"],"picked":"Leap","floor":21},{"not_picked":["Steam","Streamline"],"picked":"Echo Form","floor":22},{"not_picked":["Streamline","Rip and Tear"],"picked":"Leap","floor":22},{"not_picked":["Steam+1","Compile Driver"],"picked":"Turbo","floor":24},{"not_picked":["Doom and Gloom","Darkness"],"picked":"Amplify","floor":24}],"player_experience":245901,"relics_obtained":[{"floor":7,"key":"Bag of Preparation"},{"floor":9,"key":"Regal Pillow"},{"floor":11,"key":"Centennial Puzzle"},{"floor":14,"key":"Whetstone"},{"floor":26,"key":"Vajra"}],"event_choices":[{"damage_healed":0,"gold_gain":0,"player_choice":"Box","damage_taken":0,"relics_obtained":["Omamori"],"max_hp_gain":0,"max_hp_loss":0,"event_name":"Big Fish","floor":3,"gold_loss":0,"cards_obtained":["Regret"]},{"cards_removed":["Melter"],"damage_healed":0,"gold_gain":0,"player_choice":"Gave Card","damage_taken":0,"relics_obtained":["Prayer Wheel"],"max_hp_gain":0,"max_hp_loss":0,"event_name":"WeMeetAgain","floor":4,"gold_loss":0},{"damage_healed":0,"gold_gain":0,"player_choice":"Obtained Relic","damage_taken":0,"relics_obtained":["Blood Vial"],"max_hp_gain":0,"max_hp_loss":0,"event_name":"Addict","floor":19,"gold_loss":85}],"is_beta":false,"boss_relics":[{"not_picked":["Cursed Key","FrozenCore"],"picked":"Runic Pyramid"}],"items_purged_floors":[],"is_endless":false,"potions_floor_spawned":[5,8,11,21],"killed_by":"Gremlin Leader","ascension_level":0}