{"gold_per_floor":[114,129,144,144,159,189,219,219,269,284,299,299,13,28,28,128,128,143,143,143,158,188,188],"floor_reached":23,"playtime":1450,"items_purged":[],"score":223,"play_id":"b18ccef4-d330-4527-99d0-8d4603e6a500","local_time":"20190721115923","daily_mods":["Chimera","Uncertain Future","DeadlyEvents"],"is_ascension_mode":false,"campfire_choices":[{"floor":8,"key":"REST"},{"data":"Zap","floor":12,"key":"SMITH"},{"floor":15,"key":"REST"}],"neow_cost":"","seed_source_timestamp":0,"circlet_count":0,"master_deck":["Bash","Survivor","Zap+1","Strike_R","Strike_G","Strike_B","Defend_R","Defend_G","Defend_B","Cold Snap","Ball Lightning","Capacitor","Sweeping Beam","Auto Shields","Streamline","Undo","Gash","Loop","Leap","Rebound","Static Discharge","Turbo","Blind","Beam Cell","Conserve Battery","Hyperbeam","Ball Lightning","Hyperbeam","Cold Snap","Ball Lightning"],"special_seed":18098,"relics":["Cracked Core","Dream Catcher","Regal Pillow","PreservedInsect","Velvet Choker","Art of War"],"potions_floor_usage":[6,22,22,23],"damage_taken":[{"damage":0,"enemies":"Jaw Worm","floor":1,"turns":4},{"damage":0,"enemies":"Cultist","floor":2,"turns":3},{"damage":2,"enemies":"Small Slimes","floor":3,"turns":3},{"damage":7,"enemies":"2 Fungi Beasts","floor":5,"turns":3},{"damage":26,"enemies":"Gremlin Nob","floor":6,"turns":4},{"damage":14,"enemies":"Lagavulin","floor":7,"turns":9},{"damage":8,"enemies":"Lots of Slimes","floor":10,"turns":6},{"damage":3,"enemies":"Large Slime","floor":11,"turns":5},{"damage":7,"enemies":"3 Louse","floor":14,"turns":4},{"damage":43,"enemies":"The Guardian","floor":16,"turns":10},{"damage":4,"enemies":"Shell Parasite","floor":18,"turns":6},{"damage":2,"enemies":"Chosen","floor":21,"turns":4},{"damage":3,"enemies":"Book of Stabbing","floor":22,"turns":3},{"damage":57,"enemies":"Gremlin Leader","floor":23,"turns":7}],"seed_played":"-4166405544974942499","potions_obtained":[{"floor":2,"key":"Regen Potion"},{"floor":7,"key":"LiquidBronze"},{"floor":11,"key":"Poison Potion"},{"floor":16,"key":"LiquidBronze"},{"floor":21,"key":"Strength Potion"},{"floor":22,"key":"SkillPotion"}],"is_trial":false,"path_per_floor":["M","M","M","?","M","E","E","R","T","M","M","R","$","M","R","B",null,"M","?","?","M","E","E"],"character_chosen":"DEFECT","items_purchased":["Leap","Rebound","Static Discharge","Turbo","Blind"],"campfire_rested":2,"item_purchase_floors":[13,13,13,13,13],"current_hp_per_floor":[75,75,73,73,66,52,38,75,75,67,64,64,64,57,75,32,75,71,57,57,55,52,0],"gold":188,"neow_bonus":"","is_prod":false,"is_daily":true,"chose_seed":false,"campfire_upgraded":1,"win_rate":0.0,"timestamp":1563721163,"path_taken":["M","M","M","?","?","E","?","R","T","M","M","R","$","M","R","BOSS","M","?","?","M","?","E"],"build_version":"2019-07-17","purchased_purges":0,"victory":false,"max_hp_per_floor":[75,75,75,75,75,75,75,75,75,75,75,75,75,75,75,75,75,75,80,80,80,80,80],"card_choices":[{"not_picked":["Rebound","Barrage"],"picked":"Cold Snap","floor":1},{"not_picked":["Rebound","Leap"],"picked":"Ball Lightning","floor":2},{"not_picked":["Barrage","Beam Cell"],"picked":"Coolheaded","floor":3},{"not_picked":["Leap","Gash"],"picked":"Sweeping Beam","floor":5},{"not_picked":["Rainbow","Storm"],"picked":"Auto Shields","floor":6},{"not_picked":["Stack","Turbo"],"picked":"Streamline","floor":7},{"not_picked":["Reinforced Body","Leap"],"picked":"Undo","floor":8},{"not_picked":["Compile Driver","Beam Cell"],"picked":"Gash","floor":10},{"not_picked":["Double Energy","Go for the Eyes"],"picked":"Loop","floor":11},{"not_picked":["Heatsinks","FTL"],"picked":"Beam Cell","floor":14},{"not_picked":["Capacitor","Go for the Eyes"],"picked":"Conserve Battery","floor":15},{"not_picked":["Fission","Multi-Cast"],"picked":"Hyperbeam","floor":16},{"not_picked":["Leap","Coolheaded"],"picked":"Ball Lightning","floor":18},{"not_picked":["Barrage","Rip and Tear+1"],"picked":"Cold Snap","floor":21},{"not_picked":["Blizzard","Undo"],"picked":"Ball Lightning","floor":22}],"player_experience":214027,"relics_obtained":[{"floor":6,"key":"Dream Catcher"},{"floor":7,"key":"Regal Pillow"},{"floor":9,"key":"PreservedInsect"},{"floor":22,"key":"Art of War"}],"event_choices":[{"damage_healed":0,"gold_gain":0,"cards_transformed":["Coolheaded"],"player_choice":"Transformed","damage_taken":0,"max_hp_gain":0,"max_hp_loss":0,"event_name":"Transmorgrifier","floor":4,"gold_loss":0,"cards_obtained":["Capacitor"]},{"damage_healed":0,"gold_gain":0,"player_choice":"Shed Blood","damage_taken":19,"max_hp_gain":5,"max_hp_loss":0,"event_name":"Forgotten Altar","floor":19,"gold_loss":0},{"damage_healed":0,"gold_gain":0,"player_choice":"Copied","damage_taken":0,"max_hp_gain":0,"max_hp_loss":0,"event_name":"Duplicator","floor":20,"gold_loss":0,"cards_obtained":["Hyperbeam"]}],"is_beta":false,"boss_relics":[{"not_picked":["Eternal Feather","Calling Bell"],"picked":"Velvet Choker"}],"items_purged_floors":[],"is_endless":false,"potions_floor_spawned":[2,7,11,16,21,22],"killed_by":"Gremlin Leader","ascension_level":0}