{"gold_per_floor":[112,124,6,6,6,40,52,72,142,142,158,193,193,221,221,299,299,314,326,27,27,27],"floor_reached":22,"playtime":2154,"items_purged":[],"score":458,"play_id":"4b7e1db5-86b1-4dc3-b867-ba4ee72bcc66","local_time":"20190720225055","is_ascension_mode":true,"campfire_choices":[{"floor":13.0,"key":"REST"},{"floor":15.0,"key":"REST"}],"neow_cost":"NONE","seed_source_timestamp":0,"circlet_count":0,"master_deck":["AscendersBane","Defend_G","Defend_G","Defend_G","Defend_G","Strike_G","Strike_G","Strike_G","Strike_G","Survivor","Neutralize+1","Dagger Spray","Well Laid Plans","Bouncing Flask","Sucker Punch","Venomology","Deadly Poison","Noxious Fumes","Deflect","Dagger Spray","Poisoned Stab","Burst","Bane","Deadly Poison","Cloak And Dagger","Poisoned Stab","Footwork","Backflip"],"special_seed":0,"relics":["Ring of the Snake","NeowsBlessing","Tingsha","Bottled Flame","Regal Pillow","Prayer Wheel","Empty Cage","Potion Belt"],"potions_floor_usage":[18,18,18,21,21,21],"damage_taken":[{"damage":0.0,"enemies":"Small Slimes","floor":1.0,"turns":1.0},{"damage":0.0,"enemies":"2 Louse","floor":2.0,"turns":1.0},{"damage":0.0,"enemies":"3 Sentries","floor":6.0,"turns":1.0},{"damage":2.0,"enemies":"Jaw Worm","floor":7.0,"turns":4.0},{"damage":4.0,"enemies":"Blue Slaver","floor":8.0,"turns":4.0},{"damage":6.0,"enemies":"2 Fungi Beasts","floor":11.0,"turns":3.0},{"damage":53.0,"enemies":"Gremlin Nob","floor":12.0,"turns":5.0},{"damage":41.0,"enemies":"3 Sentries","floor":14.0,"turns":7.0},{"damage":23.0,"enemies":"The Guardian","floor":16.0,"turns":10.0},{"damage":10,"enemies":"Spheric Guardian","floor":18,"turns":4},{"damage":23,"enemies":"Shell Parasite","floor":19,"turns":5},{"damage":10,"enemies":"Colosseum Slavers","floor":21,"turns":3},{"damage":20,"enemies":"Shelled Parasite and Fungi","floor":22,"turns":2}],"seed_played":"1393118249556586637","potions_obtained":[{"floor":2.0,"key":"Regen Potion"},{"floor":7.0,"key":"Regen Potion"},{"floor":16.0,"key":"SkillPotion"},{"floor":19,"key":"EssenceOfSteel"}],"is_trial":false,"path_per_floor":["M","M","$","?","?","E","M","M","T","?","M","E","R","E","R","B",null,"M","M","$","?","M"],"character_chosen":"THE_SILENT","items_purchased":["Bouncing Flask","Sucker Punch","Potion Belt","Footwork","Backflip"],"campfire_rested":2,"item_purchase_floors":[3,3,20,20,20],"current_hp_per_floor":[59,59,59,59,64,64,62,67,67,67,61,23,59,18,54,31,61,51,28,28,18,0],"gold":27,"neow_bonus":"THREE_ENEMY_KILL","is_prod":false,"is_daily":false,"chose_seed":false,"campfire_upgraded":0,"win_rate":0,"timestamp":1563677455,"path_taken":["M","M","$","?","?","E","M","M","T","?","M","E","R","E","R","BOSS","M","M","$","?","M"],"build_version":"2019-01-23","purchased_purges":0,"victory":false,"max_hp_per_floor":[66,66,66,66,71,71,71,71,71,71,71,71,71,71,71,71,71,71,71,71,71,71],"card_choices":[{"not_picked":["Prepared","Cloak And Dagger"],"picked":"Dagger Spray","floor":1.0},{"not_picked":["Dodge and Roll","All Out Attack"],"picked":"Well Laid Plans","floor":2.0},{"not_picked":["Finisher","Poisoned Stab"],"picked":"Venomology","floor":6.0},{"not_picked":["Prepared","Backflip"],"picked":"Deadly Poison","floor":7.0},{"not_picked":["Bane","Prepared"],"picked":"Noxious Fumes","floor":8.0},{"not_picked":["Blade Dance","Infinite Blades"],"picked":"Deflect","floor":11.0},{"not_picked":["Venomology","Expertise"],"picked":"Dagger Spray","floor":12.0},{"not_picked":["Well Laid Plans","Blade Dance"],"picked":"Poisoned Stab","floor":14.0},{"not_picked":["Die Die Die","Wraith Form v2"],"picked":"Burst","floor":16.0},{"not_picked":["Flying Knee","Masterful Stab"],"picked":"Bane","floor":18},{"not_picked":["Finisher","Expertise"],"picked":"Deadly Poison","floor":18},{"not_picked":["Finisher","Quick Slash+1"],"picked":"Cloak And Dagger","floor":19},{"not_picked":["Underhanded Strike","Backflip"],"picked":"Poisoned Stab","floor":19}],"player_experience":2706222,"relics_obtained":[{"floor":6.0,"key":"Tingsha"},{"floor":9.0,"key":"Bottled Flame"},{"floor":12.0,"key":"Regal Pillow"},{"floor":14.0,"key":"Prayer Wheel"}],"event_choices":[{"damage_healed":0.0,"max_hp_gain":0.0,"max_hp_loss":0.0,"gold_gain":0.0,"event_name":"The Cleric","player_choice":"Leave","floor":4.0,"gold_loss":0.0,"damage_taken":0.0},{"damage_healed":0.0,"max_hp_gain":5.0,"max_hp_loss":0.0,"gold_gain":0.0,"event_name":"Big Fish","player_choice":"Donut","floor":5.0,"gold_loss":0.0,"damage_taken":0.0},{"damage_healed":0.0,"max_hp_gain":0.0,"max_hp_loss":0.0,"gold_gain":0.0,"event_name":"Living Wall","player_choice":"Grow","floor":10.0,"gold_loss":0.0,"damage_taken":0.0,"cards_upgraded":["Neutralize"]},{"damage_healed":0,"gold_gain":0,"player_choice":"Fight","damage_taken":0,"max_hp_gain":0,"max_hp_loss":0,"event_name":"Colosseum","floor":21,"gold_loss":0},{"damage_healed":0,"gold_gain":0,"player_choice":"Fled From Nobs","damage_taken":0,"max_hp_gain":0,"max_hp_loss":0,"event_name":"Colosseum","floor":21,"gold_loss":0}],"is_beta":false,"boss_relics":[{"not_picked":["Orrery","Ring of the Serpent"],"picked":"Empty Cage"}],"items_purged_floors":[],"is_endless":false,"potions_floor_spawned":[2,7,16,19],"killed_by":"Shelled Parasite and Fungi","ascension_level":20}