{"gold_per_floor":[111,127,35,35,35,66,66,93,150,18,18,47,47,74,74,151,151,171,224,224,235,235,270,270],"floor_reached":24,"playtime":1109,"items_purged":[],"score":513,"play_id":"04dc4829-fdc1-4ea3-9d21-d47f65aa527d","local_time":"20190705155326","is_ascension_mode":true,"campfire_choices":[{"data":"Neutralize","floor":7.0,"key":"SMITH"},{"data":"Strike_G","floor":15.0,"key":"PURGE"}],"neow_cost":"NONE","seed_source_timestamp":98884728079154,"circlet_count":0,"master_deck":["AscendersBane","Defend_G","Defend_G","Defend_G","Defend_G","Strike_G","Strike_G","Strike_G","Survivor","Neutralize+1","Deadly Poison","Poisoned Stab","Caltrops","Bane","Masterful Stab","Crippling Poison","Footwork","Sucker Punch","Catalyst","Envenom","Deadly Poison+1","Deflect"],"special_seed":0,"relics":["Ring of the Snake","NeowsBlessing","Oddly Smooth Stone","Peace Pipe","Tiny Chest","PreservedInsect","Question Card","Busted Crown","Bag of Marbles","Sundial"],"potions_floor_usage":[24,24],"damage_taken":[{"damage":0.0,"enemies":"2 Louse","floor":1.0,"turns":1.0},{"damage":0.0,"enemies":"Jaw Worm","floor":2.0,"turns":1.0},{"damage":0.0,"enemies":"3 Sentries","floor":6.0,"turns":1.0},{"damage":20.0,"enemies":"Gremlin Nob","floor":8.0,"turns":4.0},{"damage":7.0,"enemies":"Lagavulin","floor":12.0,"turns":7.0},{"damage":15.0,"enemies":"3 Sentries","floor":14.0,"turns":8.0},{"damage":10.0,"enemies":"Hexaghost","floor":16.0,"turns":9.0},{"damage":5.0,"enemies":"Spheric Guardian","floor":18.0,"turns":4.0},{"damage":0.0,"enemies":"Chosen","floor":21.0,"turns":3.0},{"damage":21.0,"enemies":"Gremlin Leader","floor":23.0,"turns":4.0},{"damage":10,"enemies":"Centurion and Healer","floor":24,"turns":1}],"seed_played":"1978233444343272699","potions_obtained":[{"floor":1.0,"key":"Dexterity Potion"},{"floor":8.0,"key":"Ancient Potion"},{"floor":16.0,"key":"Explosive Potion"},{"floor":23.0,"key":"AttackPotion"}],"is_trial":false,"path_per_floor":["M","M","$","?","?","E","R","E","T","$","?","E","?","E","R","B",null,"M","T","?","M","?","E","M"],"character_chosen":"THE_SILENT","items_purchased":["Caltrops","Bane","Footwork","SpeedPotion"],"campfire_rested":0,"item_purchase_floors":[3,3,10,10],"current_hp_per_floor":[59,59,59,59,64,64,64,44,44,44,44,37,37,22,22,12,56,51,51,31,31,31,10,0],"gold":270,"neow_bonus":"THREE_ENEMY_KILL","is_prod":false,"is_daily":false,"chose_seed":false,"campfire_upgraded":1,"win_rate":0,"timestamp":1562356406,"path_taken":["M","M","$","?","?","E","R","E","T","$","?","E","?","E","R","BOSS","M","?","?","M","?","E","?"],"build_version":"2019-01-23","purchased_purges":0,"victory":false,"max_hp_per_floor":[66,66,66,66,71,71,71,71,71,71,71,71,71,71,71,71,71,71,71,76,76,76,76,76],"card_choices":[{"not_picked":["Caltrops","Catalyst"],"picked":"Deadly Poison","floor":1.0},{"not_picked":["Slice","Calculated Gamble"],"picked":"Poisoned Stab","floor":2.0},{"not_picked":["Phantasmal Killer","Cloak And Dagger"],"picked":"Masterful Stab","floor":6.0},{"not_picked":["PiercingWail","Slice"],"picked":"Crippling Poison","floor":8.0},{"not_picked":["Escape Plan","Prepared"],"picked":"Sucker Punch","floor":12.0},{"not_picked":["Well Laid Plans","Acrobatics"],"picked":"Catalyst","floor":14.0},{"not_picked":["Wraith Form v2","Adrenaline","Glass Knife"],"picked":"Envenom","floor":16.0},{"not_picked":["Crippling Poison"],"picked":"Deadly Poison+1","floor":18.0},{"not_picked":["Distraction"],"picked":"Deflect","floor":21.0},{"not_picked":["Infinite Blades","Tools of the Trade"],"picked":"SKIP","floor":23.0}],"player_experience":2679021,"relics_obtained":[{"floor":6.0,"key":"Oddly Smooth Stone"},{"floor":8.0,"key":"Peace Pipe"},{"floor":9.0,"key":"Tiny Chest"},{"floor":12.0,"key":"PreservedInsect"},{"floor":14.0,"key":"Question Card"},{"floor":19.0,"key":"Bag of Marbles"},{"floor":23.0,"key":"Sundial"}],"event_choices":[{"cards_removed":["Strike_G"],"damage_healed":0.0,"max_hp_gain":0.0,"max_hp_loss":0.0,"gold_gain":0.0,"event_name":"Living Wall","player_choice":"Forget","floor":4.0,"gold_loss":0.0,"damage_taken":0.0},{"damage_healed":0.0,"max_hp_gain":5.0,"max_hp_loss":0.0,"gold_gain":0.0,"event_name":"Big Fish","player_choice":"Donut","floor":5.0,"gold_loss":0.0,"damage_taken":0.0},{"damage_healed":0.0,"max_hp_gain":0.0,"max_hp_loss":0.0,"gold_gain":0.0,"event_name":"The Cleric","player_choice":"Leave","floor":11.0,"gold_loss":0.0,"damage_taken":0.0},{"cards_removed":["Defend_G"],"damage_healed":0.0,"max_hp_gain":0.0,"max_hp_loss":0.0,"gold_gain":0.0,"event_name":"Purifier","player_choice":"Purged","floor":13.0,"gold_loss":0.0,"damage_taken":0.0},{"damage_healed":0.0,"max_hp_gain":5.0,"max_hp_loss":0.0,"gold_gain":0.0,"event_name":"Forgotten Altar","player_choice":"Shed Blood","floor":20.0,"gold_loss":0.0,"damage_taken":25.0},{"damage_healed":0.0,"max_hp_gain":0.0,"max_hp_loss":0.0,"gold_gain":0.0,"event_name":"Match and Keep!","player_choice":"0 cards matched","floor":22.0,"gold_loss":0.0,"damage_taken":0.0,"cards_obtained":[]}],"is_beta":false,"boss_relics":[{"not_picked":["Astrolabe","Lizard Tail"],"picked":"Busted Crown"}],"items_purged_floors":[],"is_endless":false,"potions_floor_spawned":[1,8,16,23],"killed_by":"Centurion and Healer","ascension_level":19}