{"gold_per_floor":[111,128,108,126,72,72,98,98,122,140,157,174,139,173,173,245,245,262,262],"floor_reached":19,"playtime":1288,"items_purged":[],"score":388,"play_id":"e06fd41c-8cf2-4ed1-a576-f3aa210d9e5c","local_time":"20190525185722","is_ascension_mode":true,"campfire_choices":[{"data":"White Noise","floor":6.0,"key":"SMITH"},{"data":"Redo","floor":8.0,"key":"SMITH"},{"floor":15.0,"key":"REST"}],"neow_cost":"NONE","seed_source_timestamp":203436923948821,"circlet_count":0,"master_deck":["AscendersBane","Strike_B","Strike_B","Strike_B","Strike_B","Defend_B","Defend_B","Defend_B","Defend_B","Zap","Dualcast","White Noise+1","Leap","Darkness","Gash","Redo+1","Reinforced Body","Electrodynamics","Loop","Defragment","Biased Cognition","Self Repair"],"special_seed":0,"relics":["Cracked Core","NeowsBlessing","Juzu Bracelet","DataDisk","Blood Vial","Eternal Feather"],"potions_floor_usage":[],"damage_taken":[{"damage":0.0,"enemies":"Jaw Worm","floor":1.0,"turns":1.0},{"damage":0.0,"enemies":"Cultist","floor":2.0,"turns":1.0},{"damage":0.0,"enemies":"2 Louse","floor":4.0,"turns":1.0},{"damage":28.0,"enemies":"Lagavulin","floor":7.0,"turns":7.0},{"damage":0.0,"enemies":"2 Fungi Beasts","floor":10.0,"turns":2.0},{"damage":4.0,"enemies":"Blue Slaver","floor":11.0,"turns":3.0},{"damage":9.0,"enemies":"Exordium Thugs","floor":12.0,"turns":4.0},{"damage":24.0,"enemies":"3 Sentries","floor":14.0,"turns":6.0},{"damage":38.0,"enemies":"The Guardian","floor":16.0,"turns":9.0},{"damage":27,"enemies":"Shell Parasite","floor":18,"turns":7},{"damage":38,"enemies":"Chosen","floor":19,"turns":3}],"seed_played":"5942875736091553672","potions_obtained":[{"floor":2.0,"key":"Poison Potion"},{"floor":3.0,"key":"EssenceOfSteel"},{"floor":4.0,"key":"Explosive Potion"},{"floor":11.0,"key":"Swift Potion"}],"is_trial":false,"path_per_floor":["M","M","?","M","$","R","E","R","T","M","M","M","?","E","R","B",null,"M","M"],"character_chosen":"DEFECT","items_purchased":["Gash"],"campfire_rested":1,"item_purchase_floors":[5],"current_hp_per_floor":[64,64,64,64,64,64,36,36,36,36,32,23,40,16,37,1,54,29,0],"gold":262,"neow_bonus":"THREE_ENEMY_KILL","is_prod":false,"is_daily":false,"chose_seed":false,"campfire_upgraded":2,"win_rate":0,"timestamp":1558825042,"path_taken":["M","M","?","?","$","R","E","R","T","M","M","M","?","E","R","BOSS","M","M"],"build_version":"2019-01-23","purchased_purges":0,"victory":false,"max_hp_per_floor":[71,71,71,71,71,71,71,71,71,71,71,71,71,71,71,71,71,71,71],"card_choices":[{"not_picked":["Stack","Aggregate"],"picked":"White Noise","floor":1.0},{"not_picked":["Hologram","Hello World"],"picked":"Leap","floor":2.0},{"not_picked":["Go for the Eyes","Compile Driver"],"picked":"Darkness","floor":4.0},{"not_picked":["Skim","Hello World"],"picked":"Redo","floor":7.0},{"not_picked":["Compile Driver","Redo"],"picked":"Reinforced Body","floor":10.0},{"not_picked":["Beam Cell","Turbo"],"picked":"Electrodynamics","floor":11.0},{"not_picked":["Melter","Storm"],"picked":"Loop","floor":12.0},{"not_picked":["FTL","Storm"],"picked":"Defragment","floor":14.0},{"not_picked":["Creative AI","Thunder Strike"],"picked":"Biased Cognition","floor":16.0},{"not_picked":["Redo","Beam Cell"],"picked":"Self Repair","floor":18}],"player_experience":2610804,"relics_obtained":[{"floor":7.0,"key":"Juzu Bracelet"},{"floor":9.0,"key":"DataDisk"},{"floor":14.0,"key":"Blood Vial"}],"event_choices":[{"damage_healed":0.0,"max_hp_gain":0.0,"max_hp_loss":0.0,"gold_gain":0.0,"event_name":"The Woman in Blue","player_choice":"Bought 1 Potion","floor":3.0,"gold_loss":0.0,"damage_taken":0.0},{"damage_healed":17.0,"max_hp_gain":0.0,"max_hp_loss":0.0,"gold_gain":0.0,"event_name":"The Cleric","player_choice":"Healed","floor":13.0,"gold_loss":35.0,"damage_taken":0.0}],"is_beta":false,"boss_relics":[{"not_picked":["Velvet Choker","Astrolabe"],"picked":"Eternal Feather"}],"items_purged_floors":[],"is_endless":false,"potions_floor_spawned":[2,4,11],"killed_by":"Chosen","ascension_level":18}