{"gold_per_floor":[217,232,232,244,261,261,295,295,347,365,375,387,387,398,398,498,498,516,533,547,3,21,21],"floor_reached":23,"playtime":1173,"items_purged":[],"score":199,"play_id":"238f7372-0caf-458c-9517-85d2ad8f8173","local_time":"20191021171702","is_ascension_mode":false,"campfire_choices":[{"floor":6,"key":"REST"},{"floor":13,"key":"REST"},{"floor":15,"key":"REST"}],"neow_cost":"NONE","seed_source_timestamp":75115494841030,"circlet_count":0,"master_deck":["Strike_P","Strike_P","Strike_P","Strike_P","Defend_P","Defend_P","Defend_P","Defend_P","Eruption","Vigilance","Evaluate","WindmillStrike","CrushJoints","SashWhip","MasterReality","Decay","WheelKick","Protect","FollowUp","Protect","Devotion","Perseverance","EmptyBody+1","EmptyFist","FollowUp","SandsOfTime","SignatureMove+1"],"relics":["PureWater","The Courier","Blood Vial","Cursed Key","Strawberry","Juzu Bracelet","HornCleat"],"potions_floor_usage":[2,11,16,16,19],"damage_taken":[{"damage":0,"enemies":"Cultist","floor":1,"turns":4},{"damage":9,"enemies":"2 Louse","floor":2,"turns":4},{"damage":0,"enemies":"Jaw Worm","floor":4,"turns":5},{"damage":16,"enemies":"Large Slime","floor":5,"turns":4},{"damage":21,"enemies":"Gremlin Nob","floor":7,"turns":5},{"damage":5,"enemies":"2 Fungi Beasts","floor":10,"turns":4},{"damage":2,"enemies":"Looter","floor":11,"turns":2},{"damage":10,"enemies":"Red Slaver","floor":12,"turns":4},{"damage":5,"enemies":"Blue Slaver","floor":14,"turns":5},{"damage":48,"enemies":"The Guardian","floor":16,"turns":10},{"damage":6,"enemies":"Chosen","floor":18,"turns":6},{"damage":22,"enemies":"2 Thieves","floor":19,"turns":5},{"damage":35,"enemies":"Centurion and Healer","floor":20,"turns":8},{"damage":0,"enemies":"Snecko","floor":22,"turns":5},{"damage":33,"enemies":"Slavers","floor":23,"turns":1}],"seed_played":"191038352788616443","potions_obtained":[{"floor":1,"key":"SteroidPotion"},{"floor":7,"key":"SteroidPotion"},{"floor":10,"key":"Fire Potion"},{"floor":11,"key":"CultistPotion"},{"floor":16,"key":"DistilledChaos"},{"floor":20,"key":"SpeedPotion"},{"floor":22,"key":"Energy Potion"}],"is_trial":false,"path_per_floor":["M","M","T","M","M","R","E","?","T","M","M","M","R","M","R","B",null,"M","M","M","$","M","E"],"character_chosen":"WATCHER","items_purchased":["Strawberry","Juzu Bracelet","HornCleat","FollowUp","SandsOfTime"],"campfire_rested":3,"item_purchase_floors":[21,21,21,21,21],"current_hp_per_floor":[72,63,63,63,47,68,47,47,47,44,44,36,57,54,72,24,72,66,46,13,20,22,0],"gold":21,"neow_bonus":"HUNDRED_GOLD","is_prod":false,"is_daily":false,"chose_seed":false,"campfire_upgraded":0,"win_rate":0.0,"timestamp":1571689022,"path_taken":["M","M","?","M","M","R","E","?","T","M","?","M","R","M","R","BOSS","M","M","M","$","M","E"],"build_version":"2019-10-21","purchased_purges":0,"victory":false,"max_hp_per_floor":[72,72,72,72,72,72,72,72,72,72,72,72,72,72,72,72,72,72,72,72,79,79,79],"card_choices":[{"not_picked":["Meditate","Crescendo"],"picked":"Evaluate","floor":1},{"not_picked":["Swivel","Vengeance"],"picked":"WindmillStrike","floor":2},{"not_picked":["Crescendo","Study"],"picked":"CrushJoints","floor":4},{"not_picked":["CutThroughFate","ThirdEye"],"picked":"SashWhip","floor":5},{"not_picked":["Indignation","Weave"],"picked":"MasterReality","floor":7},{"not_picked":["Halt","MentalFortress"],"picked":"WheelKick","floor":10},{"not_picked":["Vengeance","ThirdEye"],"picked":"Protect","floor":11},{"not_picked":["Sanctity","Consecrate"],"picked":"FollowUp","floor":12},{"not_picked":["Crescendo","CutThroughFate"],"picked":"Protect","floor":14},{"not_picked":["Ragnarok","DeusExMachina"],"picked":"Devotion","floor":16},{"not_picked":["Evaluate","Prostrate"],"picked":"Perseverance","floor":18},{"not_picked":["Evaluate","LikeWater"],"picked":"EmptyBody+1","floor":19},{"not_picked":["CrushJoints","FlurryOfBlows"],"picked":"EmptyFist","floor":20},{"not_picked":["Crescendo","Omniscience"],"picked":"SignatureMove+1","floor":22}],"player_experience":468737,"relics_obtained":[{"floor":7,"key":"The Courier"},{"floor":9,"key":"Blood Vial"}],"event_choices":[{"damage_healed":0,"gold_gain":0,"player_choice":"Cursed","damage_taken":0,"max_hp_gain":0,"max_hp_loss":0,"event_name":"Wheel of Change","floor":8,"gold_loss":0,"cards_obtained":["Decay"]}],"is_beta":true,"boss_relics":[{"not_picked":["Busted Crown","Velvet Choker"],"picked":"Cursed Key"}],"items_purged_floors":[],"is_endless":false,"potions_floor_spawned":[1,7,10,11,16,20,22],"killed_by":"Slavers","ascension_level":0}