{"gold_per_floor":[117,117,42,11,29,47,47,65,117,175,350,350],"floor_reached":12,"playtime":825,"items_purged":["Strike_B"],"score":82,"play_id":"3d9a367b-023a-4c29-a0ff-800cad7bc5d8","local_time":"20180731221439","is_ascension_mode":true,"campfire_choices":[{"floor":7,"key":"REST"}],"neow_cost":"FIFTY_PERCENT_DAMAGE","seed_source_timestamp":82497002206887,"circlet_count":0,"master_deck":["Strike_B","Strike_B","Defend_B","Defend_B+1","Defend_B+1","Zap","Dualcast","Reboot","Reprogram","Sunder","Steam","Turbo","Steam","Steam","Doubt"],"relics":["Cracked Core","Pen Nib","Juzu Bracelet"],"potions_floor_usage":[12,12,12],"damage_taken":[{"damage":0,"enemies":"Cultist","floor":1,"turns":3},{"damage":0,"enemies":"Small Slimes","floor":5,"turns":2},{"damage":0,"enemies":"2 Louse","floor":6,"turns":2},{"damage":0,"enemies":"2 Fungi Beasts","floor":8,"turns":2},{"damage":4,"enemies":"3 Sentries","floor":10,"turns":7},{"damage":95,"enemies":"Gremlin Nob","floor":12,"turns":5}],"seed_played":"-152969083615940994","potions_obtained":[{"floor":5,"key":"SneckoOil"},{"floor":10,"key":"Strength Potion"},{"floor":10,"key":"FocusPotion"}],"is_trial":false,"path_per_floor":["M","?","$","?","M","M","R","M","T","?","?"],"character_chosen":"DEFECT","items_purchased":[],"campfire_rested":1,"item_purchase_floors":[],"current_hp_per_floor":[38,23,23,23,23,23,45,45,45,41,41,0],"gold":350,"neow_bonus":"TRANSFORM_TWO_CARDS","is_prod":false,"is_daily":false,"chose_seed":false,"campfire_upgraded":0,"win_rate":0,"timestamp":1533089679,"path_taken":["M","?","$","?","M","M","R","M","T","?","?","E"],"build_version":"2018-07-26","purchased_purges":1,"victory":false,"max_hp_per_floor":[75,75,75,75,75,75,75,75,75,75,75,75],"card_choices":[{"not_picked":["Go for the Eyes","Streamline"],"picked":"Sunder","floor":1},{"not_picked":["Blizzard","Cold Snap"],"picked":"Steam","floor":5},{"not_picked":["Hologram","Coolheaded"],"picked":"Turbo","floor":6},{"not_picked":["Stack","Lockon"],"picked":"Steam","floor":8},{"not_picked":["Lockon","Force Field"],"picked":"Steam","floor":10}],"player_experience":1410380,"relics_obtained":[{"floor":9,"key":"Pen Nib"},{"floor":10,"key":"Juzu Bracelet"}],"event_choices":[{"event_name":"Shining Light","player_choice":"Entered Light","floor":2,"damage_taken":0},{"event_name":"World of Goop","player_choice":"Left","floor":4,"damage_taken":0},{"event_name":"Dead Adventurer","player_choice":"Searched \u00271\u0027 times","floor":10,"damage_taken":0},{"event_name":"Liars Game","player_choice":"agreed","floor":11,"damage_taken":0}],"is_beta":false,"boss_relics":[],"items_purged_floors":[3],"is_endless":false,"potions_floor_spawned":[5,10,10],"killed_by":"Gremlin Nob","ascension_level":4}