{"gold_per_floor":[114,289,306,319,338,371,390,416,439,3,13,33,33,49,49,144,144,155,80,80,92,5,5,16,16,16,16,27,47,47,61,61,156,156,168,179,159,3,20,20],"floor_reached":40,"playtime":2878,"items_purged":["Doubt"],"score":469,"play_id":"687a9a13-55f1-480f-9627-8e24c488f77c","local_time":"20190719164814","is_ascension_mode":false,"campfire_choices":[{"floor":15,"key":"REST"},{"data":"Zap","floor":23,"key":"SMITH"},{"data":"Streamline","floor":25,"key":"SMITH"},{"data":"Auto Shields","floor":30,"key":"SMITH"},{"data":"Dualcast","floor":32,"key":"SMITH"}],"neow_cost":"NONE","seed_source_timestamp":262939796629745,"circlet_count":0,"master_deck":["Strike_B","Strike_B","Strike_B","Defend_B","Defend_B","Defend_B","Defend_B","Zap+1","Dualcast+1","Forethought+1","Glacier","Genetic Algorithm","Buffer","Steam","Self Repair","BootSequence","Defragment","Sweeping Beam","Deep Breath","Gash","Undo","Streamline+1","Echo Form","Sunder+1","Double Energy+1","Static Discharge","Steam","Gash","Sunder+1","Leap+1","Auto Shields+1","Chill","Rainbow","Streamline","Darkness","Undo+1"],"relics":["FrozenCore","Sundial","Happy Flower","Centennial Puzzle","Vajra","Unceasing Top","Philosopher\u0027s Stone","DataDisk"],"potions_floor_usage":[6,6,6,16,29,29,33,39,39,39,40],"damage_taken":[{"damage":0,"enemies":"Small Slimes","floor":1,"turns":3},{"damage":6,"enemies":"Jaw Worm","floor":3,"turns":4},{"damage":0,"enemies":"2 Louse","floor":4,"turns":3},{"damage":0,"enemies":"Large Slime","floor":5,"turns":7},{"damage":0,"enemies":"Gremlin Nob","floor":6,"turns":2},{"damage":49,"enemies":"Exordium Thugs","floor":7,"turns":9},{"damage":3,"enemies":"Looter","floor":11,"turns":3},{"damage":14,"enemies":"Gremlin Gang","floor":12,"turns":5},{"damage":5,"enemies":"3 Louse","floor":14,"turns":5},{"damage":7,"enemies":"Slime Boss","floor":16,"turns":13},{"damage":3,"enemies":"Shell Parasite","floor":18,"turns":12},{"damage":15,"enemies":"Spheric Guardian","floor":21,"turns":4},{"damage":6,"enemies":"Shelled Parasite and Fungi","floor":24,"turns":8},{"damage":2,"enemies":"Snake Plant","floor":28,"turns":5},{"damage":0,"enemies":"Centurion and Healer","floor":29,"turns":7},{"damage":3,"enemies":"Shelled Parasite and Fungi","floor":31,"turns":7},{"damage":48,"enemies":"Collector","floor":33,"turns":9},{"damage":19,"enemies":"3 Darklings","floor":35,"turns":9},{"damage":35,"enemies":"3 Shapes","floor":36,"turns":6},{"damage":44,"enemies":"Spire Growth","floor":39,"turns":6},{"damage":59,"enemies":"Giant Head","floor":40,"turns":9}],"seed_played":"-560153797732237107","potions_obtained":[{"floor":1,"key":"FearPotion"},{"floor":4,"key":"PowerPotion"},{"floor":5,"key":"Fire Potion"},{"floor":12,"key":"FearPotion"},{"floor":18,"key":"EssenceOfSteel"},{"floor":28,"key":"Fire Potion"},{"floor":29,"key":"FearPotion"},{"floor":33,"key":"Poison Potion"},{"floor":36,"key":"SteroidPotion"},{"floor":37,"key":"Regen Potion"},{"floor":39,"key":"Regen Potion"}],"is_trial":false,"path_per_floor":["M","?","M","M","M","E","M","T","T","$","M","M","?","M","R","B",null,"M","?","?","M","$","R","M","R","T","?","M","M","R","M","R","B",null,"M","M","?","$","M","E"],"character_chosen":"DEFECT","items_purchased":["Defragment","Vajra","Sweeping Beam","Deep Breath","Static Discharge","Steam","DataDisk"],"campfire_rested":1,"item_purchase_floors":[10,10,10,10,22,22,38],"current_hp_per_floor":[75,75,69,69,69,69,27,27,27,27,31,24,24,26,48,48,75,72,72,72,64,64,64,65,65,65,65,70,70,70,74,74,33,75,63,35,35,35,12,0],"gold":20,"neow_bonus":"RANDOM_COLORLESS","is_prod":false,"is_daily":false,"chose_seed":false,"campfire_upgraded":4,"win_rate":0.0,"timestamp":1563565694,"path_taken":["M","?","M","M","M","E","M","?","T","?","M","M","?","M","R","BOSS","M","?","?","?","?","R","M","R","T","?","?","M","R","M","R","BOSS","M","M","?","$","M","E"],"build_version":"2019-07-17","purchased_purges":1,"victory":false,"max_hp_per_floor":[75,75,75,75,75,75,75,75,75,75,75,75,75,75,75,75,75,75,75,75,75,75,75,75,75,75,75,75,75,75,75,75,75,75,75,75,75,75,75,75],"card_choices":[{"not_picked":["Compile Driver","Beam Cell"],"picked":"Glacier","floor":1},{"not_picked":["Hello World","Sweeping Beam"],"picked":"Genetic Algorithm","floor":3},{"not_picked":["Redo","Reinforced Body"],"picked":"Buffer","floor":4},{"not_picked":["Hologram","Turbo"],"picked":"Steam","floor":5},{"not_picked":["Buffer","Turbo"],"picked":"Self Repair","floor":6},{"not_picked":["Darkness","Rebound"],"picked":"BootSequence","floor":7},{"not_picked":["Hologram","All For One"],"picked":"Gash","floor":11},{"not_picked":["Turbo","Cold Snap"],"picked":"Undo","floor":12},{"not_picked":["Beam Cell","Barrage"],"picked":"Streamline","floor":14},{"not_picked":["All For One","Reboot"],"picked":"Echo Form","floor":16},{"not_picked":["Cold Snap","Streamline"],"picked":"Sunder","floor":18},{"not_picked":["Self Repair","Blizzard"],"picked":"Double Energy+1","floor":21},{"not_picked":["Turbo","Cold Snap"],"picked":"Gash","floor":24},{"not_picked":["Conserve Battery","Steam Power+1"],"picked":"Leap+1","floor":28},{"not_picked":["Barrage","Beam Cell"],"picked":"Auto Shields","floor":29},{"not_picked":["Compile Driver","Self Repair"],"picked":"Chill","floor":31},{"not_picked":["Meteor Strike","Echo Form"],"picked":"Rainbow","floor":33},{"not_picked":["Leap","Lockon"],"picked":"Streamline","floor":35},{"not_picked":["Reprogram","Rip and Tear"],"picked":"Darkness","floor":36},{"not_picked":["Streamline+1","Gash+1"],"picked":"Undo+1","floor":39}],"player_experience":203822,"relics_obtained":[{"floor":6,"key":"Sundial"},{"floor":8,"key":"Happy Flower"},{"floor":9,"key":"Centennial Puzzle"},{"floor":26,"key":"Unceasing Top"}],"event_choices":[{"damage_healed":0,"gold_gain":175,"player_choice":"AGREE","damage_taken":0,"max_hp_gain":0,"max_hp_loss":0,"event_name":"Liars Game","floor":2,"gold_loss":0,"cards_obtained":["Doubt"]},{"damage_healed":0,"gold_gain":0,"player_choice":"Grow","damage_taken":0,"max_hp_gain":0,"max_hp_loss":0,"event_name":"Living Wall","floor":13,"gold_loss":0,"cards_upgraded":["Forethought"]},{"cards_removed":["Strike_B"],"damage_healed":0,"gold_gain":0,"player_choice":"Gave Gold","damage_taken":0,"max_hp_gain":0,"max_hp_loss":0,"event_name":"Beggar","floor":19,"gold_loss":75},{"damage_healed":0,"gold_gain":0,"player_choice":"Forge","damage_taken":0,"max_hp_gain":0,"max_hp_loss":0,"event_name":"Accursed Blacksmith","floor":20,"gold_loss":0,"cards_upgraded":["Sunder"]},{"damage_healed":0,"gold_gain":0,"player_choice":"Copied","damage_taken":0,"max_hp_gain":0,"max_hp_loss":0,"event_name":"Duplicator","floor":27,"gold_loss":0,"cards_obtained":["Sunder"]},{"damage_healed":0,"gold_gain":0,"player_choice":"Bought 1 Potion","damage_taken":0,"max_hp_gain":0,"max_hp_loss":0,"event_name":"The Woman in Blue","floor":37,"gold_loss":0}],"is_beta":false,"boss_relics":[{"not_picked":["Inserter","Busted Crown"],"picked":"FrozenCore"},{"not_picked":["Astrolabe","Fusion Hammer"],"picked":"Philosopher\u0027s Stone"}],"items_purged_floors":[10],"is_endless":false,"potions_floor_spawned":[1,4,5,12,18,28,29,33,36,39],"killed_by":"Giant Head","ascension_level":0}