{"path_per_floor":["M","?","$","?","?","E","R","E","T","M","R","E","R","M","R","B",null,"M","$","?","?","$","R","E","R","T","E","M","M"],"character_chosen":"DEFECT","items_purchased":["Coolheaded","Loop+1","Master of Strategy"],"gold_per_floor":[115,115,15,15,15,50,50,79,105,116,116,147,147,161,161,258,258,274,13,13,13,13,13,43,43,43,74,92,106,106],"floor_reached":30,"campfire_rested":6,"playtime":55524,"item_purchase_floors":[3,19,19],"current_hp_per_floor":[72,72,72,72,72,25,47,20,20,18,40,11,33,32,54,13,75,57,57,57,41,41,63,41,63,63,35,16,2,0],"items_purged":["Normality"],"gold":106,"score":296,"play_id":"e9afb38b-993f-487b-a590-17f81e77fdec","local_time":"20180608195301","is_prod":false,"is_daily":false,"chose_seed":false,"is_ascension_mode":true,"campfire_upgraded":0,"win_rate":0.0,"timestamp":1528512781,"campfire_choices":[{"floor":7,"key":"REST"},{"floor":11,"key":"REST"},{"floor":13,"key":"REST"},{"floor":15,"key":"REST"},{"floor":23,"key":"REST"},{"floor":25,"key":"REST"}],"path_taken":["M","?","$","?","?","E","R","E","T","M","R","E","R","M","R","BOSS","M","$","?","?","$","R","E","R","T","E","?","M","M"],"build_version":"2018-05-31","seed_source_timestamp":820483819829793,"purchased_purges":1,"victory":false,"master_deck":["Strike_B","Strike_B","Strike_B","Strike_B","Defend_B","Defend_B","Defend_B","Zap","Dualcast","Cold Snap","Coolheaded","Multi-Cast","Aggregate","Fusion","Conserve Battery","Double Energy","Compile Driver","Stack","Leap","Auto Shields","Electrodynamics+1","Melter","Loop+1","Master of Strategy","Defragment+1","Madness","Blizzard","Fusion+1","Beam Cell+1","Hello World+1","Genetic Algorithm+1","Sweeping Beam","Self Repair+1","Thunder Strike"],"max_hp_per_floor":[75,75,75,75,75,75,75,75,75,75,75,75,75,75,75,75,75,75,75,75,75,75,75,75,75,75,75,75,75,75],"relics":["Cracked Core","Peace Pipe","Bag of Preparation","Ancient Tea Set","Dream Catcher","Frozen Egg 2","Philosopher\u0027s Stone","Lantern","Prayer Wheel","Pantograph"],"card_choices":[{"not_picked":["Tempest","Darkness"],"picked":"Cold Snap","floor":1},{"not_picked":["Reboot","Machine Learning"],"picked":"Aggregate","floor":6},{"not_picked":["Storm","Chill"],"picked":"Fusion","floor":8},{"not_picked":["Consume","Chill"],"picked":"Conserve Battery","floor":10},{"not_picked":["Capacitor","Steam"],"picked":"Double Energy","floor":11},{"not_picked":["Cold Snap","Beam Cell"],"picked":"Compile Driver","floor":12},{"not_picked":["Beam Cell","Compile Driver"],"picked":"Stack","floor":13},{"not_picked":["Tempest","Hologram"],"picked":"Leap","floor":14},{"not_picked":["Glacier","Consume"],"picked":"Auto Shields","floor":15},{"not_picked":["Multi-Cast","Thunder Strike"],"picked":"Electrodynamics+1","floor":16},{"not_picked":["Glacier+1","Consume"],"picked":"Melter","floor":18},{"not_picked":["Compile Driver","Hologram"],"picked":"Blizzard","floor":23},{"not_picked":["Leap","Conserve Battery"],"picked":"Fusion+1","floor":24},{"not_picked":["Steam","Cold Snap+1"],"picked":"Beam Cell+1","floor":25},{"not_picked":["Auto Shields+1","Sweeping Beam"],"picked":"Hello World+1","floor":27},{"not_picked":["Compile Driver","Beam Cell"],"picked":"Genetic Algorithm+1","floor":28},{"not_picked":["Compile Driver","Consume"],"picked":"Sweeping Beam","floor":28},{"not_picked":["Loop+1","Darkness"],"picked":"Self Repair+1","floor":29},{"not_picked":["White Noise","Ball Lightning"],"picked":"Thunder Strike","floor":29}],"player_experience":513239,"potions_floor_usage":[16,16,18,24],"damage_taken":[{"damage":3,"enemies":"Jaw Worm","floor":1,"turns":4},{"damage":47,"enemies":"Gremlin Nob","floor":6,"turns":6},{"damage":27,"enemies":"3 Sentries","floor":8,"turns":8},{"damage":2,"enemies":"Cultist","floor":10,"turns":4},{"damage":29,"enemies":"Lagavulin","floor":12,"turns":7},{"damage":1,"enemies":"2 Louse","floor":14,"turns":3},{"damage":41,"enemies":"Slime Boss","floor":16,"turns":21},{"damage":18,"enemies":"3 Byrds","floor":18,"turns":3},{"damage":22,"enemies":"Slavers","floor":24,"turns":3},{"damage":28,"enemies":"Gremlin Leader","floor":27,"turns":8},{"damage":19,"enemies":"Shell Parasite","floor":28,"turns":4},{"damage":14,"enemies":"3 Cultists","floor":29,"turns":4},{"damage":9,"enemies":"Slaver and Parasite","floor":30,"turns":1}],"relics_obtained":[{"floor":6,"key":"Bag of Preparation"},{"floor":8,"key":"Ancient Tea Set"},{"floor":9,"key":"Dream Catcher"},{"floor":12,"key":"Frozen Egg 2"},{"floor":24,"key":"Lantern"},{"floor":26,"key":"Prayer Wheel"},{"floor":27,"key":"Pantograph"}],"event_choices":[{"event_name":"Accursed Blacksmith","player_choice":"Rummage","floor":2,"damage_taken":0},{"event_name":"Living Wall","player_choice":"Change","floor":4,"damage_taken":0},{"event_name":"Liars Game","player_choice":"disagreed","floor":5,"damage_taken":0},{"event_name":"The Library","player_choice":"Read","floor":20,"damage_taken":0},{"event_name":"Knowing Skull","player_choice":"CARD ","floor":21,"damage_taken":0}],"boss_relics":[{"not_picked":["White Beast Statue","Velvet Choker"],"picked":"Philosopher\u0027s Stone"}],"items_purged_floors":[3],"potions_floor_spawned":[10,14,16,18,28],"seed_played":"-6651303733551749377","killed_by":"Slaver and Parasite","ascension_level":1,"potions_obtained":[{"floor":10,"key":"Strength Potion"},{"floor":14,"key":"SpeedPotion"},{"floor":16,"key":"Explosive Potion"},{"floor":18,"key":"Poison Potion"},{"floor":28,"key":"Ancient Potion"}],"is_trial":false}