{"gold_per_floor":[119,45,59,78,78,78,3,3,29,59,59,69,104,120,120,197,197,209,83,147,197,247,247],"floor_reached":23,"playtime":2201,"items_purged":["Strike_R"],"score":358,"play_id":"8d3a73cd-23e9-443b-9965-4ec49bfafec9","local_time":"20190314165903","is_ascension_mode":true,"campfire_choices":[{"data":"Disarm","floor":6.0,"key":"SMITH"},{"data":"Hemokinesis","floor":8.0,"key":"SMITH"},{"data":"Bloodletting","floor":15.0,"key":"SMITH"}],"neow_cost":"NONE","seed_source_timestamp":1423120084528828,"circlet_count":0,"master_deck":["AscendersBane","Strike_R","Strike_R+1","Defend_R+1","Defend_R","Defend_R+1","Defend_R","Bash","Cleave","Shockwave+1","Disarm+1","Hemokinesis+1","Disarm","True Grit","Combust","Bloodletting+1","Exhume","Juggernaut","Headbutt","Iron Wave","Armaments","Clash","Pummel","Shrug It Off","Spot Weakness","Decay","J.A.X."],"special_seed":0,"relics":["Burning Blood","War Paint","Bag of Marbles","SsserpentHead","Blue Candle","Orrery"],"potions_floor_usage":[20,20],"damage_taken":[{"damage":0.0,"enemies":"Small Slimes","floor":1.0,"turns":3.0},{"damage":6.0,"enemies":"2 Louse","floor":3.0,"turns":2.0},{"damage":2.0,"enemies":"Cultist","floor":4.0,"turns":4.0},{"damage":24.0,"enemies":"Gremlin Nob","floor":10.0,"turns":4.0},{"damage":2.0,"enemies":"3 Louse","floor":12.0,"turns":3.0},{"damage":10.0,"enemies":"Lagavulin","floor":13.0,"turns":6.0},{"damage":11.0,"enemies":"Large Slime","floor":14.0,"turns":4.0},{"damage":25.0,"enemies":"Slime Boss","floor":16.0,"turns":8.0},{"damage":10.0,"enemies":"Chosen","floor":18.0,"turns":3.0},{"damage":37,"enemies":"2 Thieves","floor":20,"turns":5},{"damage":30,"enemies":"Book of Stabbing","floor":23,"turns":3}],"seed_played":"-2893101973743314112","potions_obtained":[{"floor":3.0,"key":"Dexterity Potion"},{"floor":4.0,"key":"SteroidPotion"},{"floor":16.0,"key":"AttackPotion"},{"floor":18.0,"key":"LiquidBronze"}],"is_trial":false,"path_per_floor":["M","$","M","M","?","R","?","R","T","E","?","M","E","M","R","B",null,"M","$","M","?","?","E"],"character_chosen":"IRONCLAD","items_purchased":["Shockwave","Shrug It Off"],"campfire_rested":0,"item_purchase_floors":[2,19],"current_hp_per_floor":[74,74,74,75,52,52,52,52,52,34,34,38,34,29,29,10,59,55,55,24,24,24,0],"gold":247,"neow_bonus":"REMOVE_CARD","is_prod":false,"is_daily":false,"chose_seed":false,"campfire_upgraded":3,"win_rate":0,"timestamp":1552597143,"path_taken":["M","$","M","M","?","R","?","R","T","E","?","M","E","M","R","BOSS","M","$","?","?","?","E"],"build_version":"2019-01-23","purchased_purges":1,"victory":false,"max_hp_per_floor":[75,75,75,75,75,75,75,75,75,75,75,75,75,75,75,75,75,75,75,75,75,75,75],"card_choices":[{"not_picked":["Pommel Strike","Entrench"],"picked":"Cleave","floor":1.0},{"not_picked":["Havoc","True Grit"],"picked":"Disarm","floor":3.0},{"not_picked":["Body Slam","Uppercut"],"picked":"Hemokinesis","floor":4.0},{"not_picked":["Cleave","Uppercut"],"picked":"Disarm","floor":10.0},{"not_picked":["Perfected Strike","Whirlwind"],"picked":"True Grit","floor":12.0},{"not_picked":["Disarm","Sentinel"],"picked":"Combust","floor":13.0},{"not_picked":["Twin Strike","Shrug It Off"],"picked":"Bloodletting","floor":14.0},{"not_picked":["Dark Embrace","Barricade"],"picked":"Exhume","floor":16.0},{"not_picked":["Feel No Pain","Headbutt"],"picked":"Juggernaut","floor":17.0},{"not_picked":["Wild Strike","Blood for Blood"],"picked":"Headbutt","floor":17.0},{"not_picked":["Sever Soul","Cleave"],"picked":"Iron Wave","floor":17.0},{"not_picked":["Body Slam","Anger"],"picked":"Armaments","floor":17.0},{"not_picked":["Sword Boomerang","Havoc"],"picked":"Clash","floor":17.0},{"not_picked":["Cleave","Wild Strike"],"picked":"Pummel","floor":18.0},{"not_picked":["Body Slam","Warcry"],"picked":"Spot Weakness","floor":20}],"player_experience":2369931,"relics_obtained":[{"floor":9.0,"key":"War Paint"},{"floor":10.0,"key":"Bag of Marbles"},{"floor":13.0,"key":"Blue Candle"}],"event_choices":[{"damage_healed":0.0,"max_hp_gain":0.0,"max_hp_loss":0.0,"gold_gain":0.0,"event_name":"Shining Light","player_choice":"Entered Light","floor":5.0,"gold_loss":0.0,"damage_taken":23.0,"cards_upgraded":["Shockwave","Strike_R"]},{"cards_removed":["Strike_R"],"damage_healed":0.0,"max_hp_gain":0.0,"max_hp_loss":0.0,"gold_gain":0.0,"event_name":"The Cleric","player_choice":"Card Removal","floor":7.0,"gold_loss":75.0,"damage_taken":0.0},{"damage_healed":0.0,"max_hp_gain":0.0,"max_hp_loss":0.0,"gold_gain":0.0,"event_name":"FaceTrader","player_choice":"Trade","floor":11.0,"gold_loss":0.0,"damage_taken":0.0,"relics_obtained":["SsserpentHead"]},{"damage_healed":0,"gold_gain":0,"player_choice":"Smashed Altar","damage_taken":0,"max_hp_gain":0,"max_hp_loss":0,"event_name":"Forgotten Altar","floor":21,"gold_loss":0,"cards_obtained":["Decay"]},{"damage_healed":0,"gold_gain":0,"player_choice":"Obtain J.A.X.","damage_taken":0,"max_hp_gain":0,"max_hp_loss":0,"event_name":"Drug Dealer","floor":22,"gold_loss":0,"cards_obtained":["J.A.X."]}],"is_beta":false,"boss_relics":[{"not_picked":["Tiny House","Coffee Dripper"],"picked":"Orrery"}],"items_purged_floors":[19],"is_endless":false,"potions_floor_spawned":[3,4,10,16,18],"killed_by":"Book of Stabbing","ascension_level":16}