{"gold_per_floor":[118,118,143,143,164,164,200,200,246,5,43,62,62,127,127,252,252,276,302,217,217,13,13,51,51,51,151,171,171,219,219,219,345,345,370,384,414,414,747,778,277,304,304,338,94,114,146,146,146,146,146,146,20,56,56],"floor_reached":56,"playtime":4591,"items_purged":["Defend_P","Defend_P"],"score":1821,"play_id":"d19d7bb5-d328-4683-8555-2a4fc17a48b2","local_time":"20190914141616","is_ascension_mode":true,"campfire_choices":[{"data":"BattleHymn","floor":6.0,"key":"SMITH"},{"data":"Crescendo","floor":8.0,"key":"SMITH"},{"data":"Vigilance","floor":15.0,"key":"SMITH"},{"data":"CarveReality","floor":23.0,"key":"SMITH"},{"floor":25.0,"key":"REST"},{"data":"BowlingBash","floor":32.0,"key":"SMITH"},{"floor":49.0,"key":"RECALL"},{"data":"EmptyMind","floor":52.0,"key":"SMITH"}],"neow_cost":"NONE","seed_source_timestamp":0,"circlet_count":0,"master_deck":["Defend_P","Eruption","Vigilance+1","Crescendo+1","BattleHymn+1","EmptyFist","EmptyBody","Apotheosis+1","CarveReality+1","FlurryOfBlows+1","Vault","BowlingBash+1","Bite","Bite+1","Bite","Bite","Bite","WaveOfTheHand","DevaForm","Vengeance+1","Metamorphosis","Panache","ClearTheMind+1","EmptyMind+1","SandsOfTime","DeceiveReality","EmptyMind+1","ClearTheMind","WindmillStrike+1"],"special_seed":0,"relics":["PureWater","Oddly Smooth Stone","Regal Pillow","Bronze Scales","Centennial Puzzle","Tiny Chest","SacredBark","Juzu Bracelet","Dodecahedron","MutagenicStrength","Vajra","PreservedInsect","Mercury Hourglass","CeramicFish","VioletLotus","Whetstone","Lantern","Pen Nib","Question Card","Bag of Preparation","Potion Belt","Art of War","TeardropLocket"],"potions_floor_usage":[55,55,55,55,55],"damage_taken":[{"damage":0.0,"enemies":"Cultist","floor":1.0,"turns":2.0},{"damage":0.0,"enemies":"2 Louse","floor":3.0,"turns":1.0},{"damage":0.0,"enemies":"Jaw Worm","floor":5.0,"turns":3.0},{"damage":6.0,"enemies":"Lagavulin","floor":7.0,"turns":6.0},{"damage":12.0,"enemies":"Gremlin Nob","floor":11.0,"turns":3.0},{"damage":8.0,"enemies":"Exordium Thugs","floor":12.0,"turns":2.0},{"damage":2.0,"enemies":"3 Sentries","floor":14.0,"turns":3.0},{"damage":0.0,"enemies":"Slime Boss","floor":16.0,"turns":5.0},{"damage":9.0,"enemies":"2 Thieves","floor":18.0,"turns":2.0},{"damage":8.0,"enemies":"Slavers","floor":24.0,"turns":3.0},{"damage":1.0,"enemies":"Chosen","floor":28.0,"turns":2.0},{"damage":0.0,"enemies":"Gremlin Leader","floor":30.0,"turns":4.0},{"damage":1.0,"enemies":"Collector","floor":33.0,"turns":5.0},{"damage":0.0,"enemies":"Orb Walker","floor":35.0,"turns":2.0},{"damage":0.0,"enemies":"3 Shapes","floor":37.0,"turns":3.0},{"damage":16.0,"enemies":"Giant Head","floor":40.0,"turns":5.0},{"damage":0.0,"enemies":"Reptomancer","floor":44.0,"turns":5.0},{"damage":0.0,"enemies":"Jaw Worm Horde","floor":46.0,"turns":2.0},{"damage":0.0,"enemies":"Nemesis","floor":47.0,"turns":3.0},{"damage":43.0,"enemies":"Time Eater","floor":50.0,"turns":6.0},{"damage":4.0,"enemies":"Shield and Spear","floor":54.0,"turns":2.0},{"damage":73,"enemies":"The Heart","floor":55,"turns":6}],"seed_played":"6939875554528216326","potions_obtained":[{"floor":0.0,"key":"Poison Potion"},{"floor":0.0,"key":"EntropicBrew"},{"floor":0.0,"key":"EssenceOfSteel"},{"floor":11.0,"key":"Explosive Potion"},{"floor":30.0,"key":"Dexterity Potion"},{"floor":33.0,"key":"Poison Potion"},{"floor":35.0,"key":"Strength Potion"},{"floor":40.0,"key":"StancePotion"},{"floor":47.0,"key":"Poison Potion"},{"floor":54.0,"key":"LiquidBronze"}],"is_trial":false,"path_per_floor":["M","?","M","?","M","R","E","R","T","$","E","M","?","E","R","B",null,"M","T","?","?","$","R","E","R","T","?","M","?","E","?","R","B",null,"M","?","M","?","?","E","$","T","T","E","$","M","E","?","R","B",null,"R","$","E","B",null],"character_chosen":"WATCHER","items_purchased":["Apotheosis","Vajra","PowerPotion","EmptyMind","Lantern","Pen Nib","SandsOfTime","Potion Belt","EntropicBrew","Regen Potion","SteroidPotion"],"campfire_rested":1,"item_purchase_floors":[10,22,22,41,41,41,41,45,45,53,53],"current_hp_per_floor":[59,43,43,40,40,40,34,34,34,34,22,14,14,12,12,12,52,43,43,43,43,43,43,35,65,65,65,64,45,45,45,45,45,45,45,35,41,41,41,33,33,33,33,43,43,45,45,43,43,9,35,35,35,36,31],"gold":56,"neow_bonus":"THREE_SMALL_POTIONS","is_prod":false,"is_daily":false,"chose_seed":false,"campfire_upgraded":6,"win_rate":0,"timestamp":1568427376,"path_taken":["M","?","M","?","M","R","E","R","T","?","E","?","?","E","R","BOSS","M","?","?","?","$","R","E","R","T","?","M","?","E","?","R","BOSS","M","?","M","?","?","E","$","?","T","E","?","M","E","?","R","BOSS","R","$","E","BOSS"],"build_version":"2019-09-12","purchased_purges":2,"victory":true,"max_hp_per_floor":[65,65,65,65,65,65,65,65,65,65,65,65,65,65,65,65,65,65,65,65,65,65,65,65,65,65,65,65,45,45,45,45,45,45,45,45,45,45,45,45,45,45,45,45,45,45,45,43,43,43,43,43,43,43,43],"card_choices":[{"not_picked":["SpiritShield","EmptyBody"],"picked":"Crescendo","floor":1.0},{"not_picked":["BowlingBash","Weave"],"picked":"BattleHymn","floor":3.0},{"not_picked":["Protect","ClearTheMind"],"picked":"EmptyFist","floor":5.0},{"not_picked":["JustLucky","Tantrum"],"picked":"EmptyBody","floor":7.0},{"not_picked":["Sanctity","ThirdEye"],"picked":"CarveReality","floor":11.0},{"not_picked":["Halt","Crescendo","Weave"],"picked":"SKIP","floor":12.0},{"not_picked":["FollowUp","JustLucky"],"picked":"FlurryOfBlows","floor":14.0},{"not_picked":["Wish","Omniscience"],"picked":"Vault","floor":16.0},{"not_picked":["Tantrum","CarveReality+1","Wireheading+1"],"picked":"SKIP","floor":18.0},{"not_picked":["Evaluate","Establishment+1","Scrawl+1"],"picked":"SKIP","floor":24.0},{"not_picked":["CrushJoints","Weave"],"picked":"BowlingBash","floor":28.0},{"not_picked":["CutThroughFate","Halt"],"picked":"WaveOfTheHand","floor":30.0},{"not_picked":["FlowState","Vault"],"picked":"DevaForm","floor":33.0},{"not_picked":["Conclude+1","Devotion"],"picked":"Vengeance+1","floor":35.0},{"not_picked":["Dramatic Entrance","Swift Strike"],"picked":"Metamorphosis","floor":36.0},{"not_picked":["Transmutation","Impatience"],"picked":"Panache","floor":36.0},{"not_picked":["Fasting+1","CrushJoints"],"picked":"ClearTheMind+1","floor":37.0},{"not_picked":["Conclude+1","Clarity","EmptyFist"],"picked":"SKIP","floor":40.0},{"not_picked":["Wireheading","Weave+1","Prostrate"],"picked":"DeceiveReality","floor":44.0},{"not_picked":["CrushJoints","CutThroughFate","CarveReality"],"picked":"EmptyMind+1","floor":46.0},{"not_picked":["Perseverance+1","DevaForm","ThirdEye+1"],"picked":"ClearTheMind","floor":47.0},{"not_picked":["EmptyFist","BattleHymn","Prostrate+1"],"picked":"WindmillStrike+1","floor":54.0}],"player_experience":1048269,"relics_obtained":[{"floor":7.0,"key":"Regal Pillow"},{"floor":9.0,"key":"Bronze Scales"},{"floor":11.0,"key":"Centennial Puzzle"},{"floor":14.0,"key":"Tiny Chest"},{"floor":19.0,"key":"Juzu Bracelet"},{"floor":24.0,"key":"PreservedInsect"},{"floor":26.0,"key":"Mercury Hourglass"},{"floor":30.0,"key":"CeramicFish"},{"floor":40.0,"key":"Whetstone"},{"floor":43.0,"key":"Question Card"},{"floor":44.0,"key":"Bag of Preparation"},{"floor":47.0,"key":"Art of War"},{"floor":54.0,"key":"TeardropLocket"}],"event_choices":[{"damage_healed":0.0,"max_hp_gain":0.0,"max_hp_loss":0.0,"gold_gain":0.0,"event_name":"Golden Idol","player_choice":"Take Damage","floor":2.0,"gold_loss":0.0,"damage_taken":16.0,"relics_obtained":["Golden Idol"]},{"damage_healed":0.0,"max_hp_gain":0.0,"max_hp_loss":0.0,"gold_gain":0.0,"event_name":"Scrap Ooze","player_choice":"Success","floor":4.0,"gold_loss":0.0,"damage_taken":3.0,"relics_obtained":["Oddly Smooth Stone"]},{"damage_healed":0.0,"max_hp_gain":0.0,"max_hp_loss":0.0,"gold_gain":0.0,"event_name":"Upgrade Shrine","player_choice":"Upgraded","floor":13.0,"gold_loss":0.0,"damage_taken":0.0,"cards_upgraded":["Apotheosis"]},{"damage_healed":0.0,"max_hp_gain":0.0,"max_hp_loss":0.0,"gold_gain":0.0,"event_name":"Addict","player_choice":"Obtained Relic","floor":20.0,"gold_loss":85.0,"damage_taken":0.0,"relics_obtained":["Dodecahedron"]},{"damage_healed":0.0,"max_hp_gain":0.0,"max_hp_loss":0.0,"gold_gain":0.0,"event_name":"Drug Dealer","player_choice":"Inject Mutagens","floor":21.0,"gold_loss":0.0,"damage_taken":0.0,"relics_obtained":["MutagenicStrength"]},{"damage_healed":0.0,"max_hp_gain":0.0,"max_hp_loss":0.0,"gold_gain":100.0,"event_name":"Golden Shrine","player_choice":"Pray","floor":27.0,"gold_loss":0.0,"damage_taken":0.0},{"damage_healed":0.0,"max_hp_gain":0.0,"max_hp_loss":20.0,"gold_gain":0.0,"event_name":"Vampires","player_choice":"Became a vampire","floor":29.0,"gold_loss":0.0,"damage_taken":0.0,"cards_obtained":["Bite","Bite","Bite","Bite","Bite"]},{"cards_removed":["Defend_P"],"damage_healed":0.0,"max_hp_gain":0.0,"max_hp_loss":0.0,"gold_gain":0.0,"event_name":"Back to Basics","player_choice":"Elegance","floor":31.0,"gold_loss":0.0,"damage_taken":0.0},{"damage_healed":0.0,"max_hp_gain":0.0,"max_hp_loss":0.0,"gold_gain":0.0,"event_name":"SensoryStone","player_choice":"Memory 3","floor":36.0,"gold_loss":0.0,"damage_taken":10.0},{"damage_healed":0.0,"max_hp_gain":0.0,"max_hp_loss":0.0,"gold_gain":0.0,"event_name":"Tomb of Lord Red Mask","player_choice":"Ignored","floor":38.0,"gold_loss":0.0,"damage_taken":0.0},{"damage_healed":0.0,"max_hp_gain":0.0,"max_hp_loss":0.0,"gold_gain":333.0,"event_name":"The Moai Head","player_choice":"Gave Idol","floor":39.0,"relics_lost":["Golden Idol"],"gold_loss":0.0,"damage_taken":0.0},{"damage_healed":0.0,"max_hp_gain":0.0,"max_hp_loss":2.0,"gold_gain":0.0,"event_name":"Winding Halls","player_choice":"Max HP","floor":48.0,"gold_loss":0.0,"damage_taken":0.0}],"is_beta":true,"boss_relics":[{"not_picked":["Runic Dome","Ectoplasm"],"picked":"SacredBark"},{"not_picked":["Astrolabe","Pandora\u0027s Box"],"picked":"VioletLotus"}],"items_purged_floors":[10,41],"is_endless":false,"potions_floor_spawned":[5,7,11,30,33,35,37,40,47,54],"ascension_level":7}