{"gold_per_floor":[112,38,57,57,71,71,111,34,34,70,70,44,44,58,58,186,186,201,217,43,68,91,135,135,158,158,173,216,216,216,235,235,235],"floor_reached":33,"playtime":4463,"items_purged":["Strike_R"],"score":406,"play_id":"930bc2a3-639a-429b-bab7-5058df6677a9","local_time":"20180727210518","is_ascension_mode":true,"campfire_choices":[{"data":"Shrug It Off","floor":6,"key":"SMITH"},{"floor":11,"key":"REST"},{"data":"Armaments","floor":13,"key":"SMITH"},{"data":"Feed","floor":15,"key":"SMITH"},{"data":"True Grit","floor":24,"key":"SMITH"},{"floor":29,"key":"REST"},{"floor":32,"key":"REST"}],"neow_cost":"NONE","seed_source_timestamp":2090241842115851,"circlet_count":0,"master_deck":["Strike_R","Strike_R","Strike_R","Strike_R","Defend_R","Defend_R","Defend_R","Defend_R","Bash+1","Twin Strike","Feed+1","Shrug It Off+1","Clothesline","Thunderclap","Impervious","Impervious","Armaments+1","Headbutt","Dropkick","Feed","Flame Barrier+1","Power Through","True Grit+1","Flex+1","Perfected Strike+1","Feed","Flex+1","Blood for Blood","Hemokinesis","Power Through","Shrug It Off+1"],"relics":["Burning Blood","Golden Idol","Singing Bowl","Vajra","Dream Catcher","Sozu","Question Card","Anchor","Dead Branch"],"potions_floor_usage":[16,25,28],"damage_taken":[{"damage":7,"enemies":"2 Louse","floor":1,"turns":3},{"damage":2,"enemies":"Jaw Worm","floor":3,"turns":3},{"damage":0,"enemies":"Small Slimes","floor":5,"turns":2},{"damage":27,"enemies":"3 Sentries","floor":7,"turns":9},{"damage":36,"enemies":"Lagavulin","floor":10,"turns":7},{"damage":7,"enemies":"Gremlin Gang","floor":14,"turns":4},{"damage":43,"enemies":"Hexaghost","floor":16,"turns":13},{"damage":18,"enemies":"2 Thieves","floor":18,"turns":4},{"damage":14,"enemies":"Shell Parasite","floor":19,"turns":8},{"damage":10,"enemies":"Snake Plant","floor":21,"turns":5},{"damage":13,"enemies":"3 Cultists","floor":22,"turns":7},{"damage":4,"enemies":"Book of Stabbing","floor":23,"turns":6},{"damage":0,"enemies":"Centurion and Healer","floor":25,"turns":6},{"damage":44,"enemies":"Chosen and Byrds","floor":27,"turns":7},{"damage":20,"enemies":"Gremlin Leader","floor":28,"turns":7},{"damage":11,"enemies":"Snecko","floor":31,"turns":5},{"damage":125,"enemies":"Collector","floor":33,"turns":11}],"seed_played":"4043961428045845803","potions_obtained":[{"floor":7,"key":"EssenceOfSteel"},{"floor":10,"key":"Poison Potion"},{"floor":16,"key":"Fire Potion"}],"is_trial":false,"path_per_floor":["M","$","M","?","M","R","E","$","T","E","R","$","R","M","R","B",null,"M","M","$","M","M","E","R","M","T","M","E","R","?","M","R"],"character_chosen":"IRONCLAD","items_purchased":["Feed","Impervious","Headbutt","Power Through","True Grit"],"campfire_rested":3,"item_purchase_floors":[2,8,12,20,20],"current_hp_per_floor":[79,79,83,63,72,72,54,54,54,24,50,50,50,52,52,19,96,88,86,86,86,83,89,89,99,99,65,51,88,88,83,122,0],"gold":235,"neow_bonus":"UPGRADE_CARD","is_prod":false,"is_daily":false,"chose_seed":false,"campfire_upgraded":4,"win_rate":0,"timestamp":1532739918,"path_taken":["M","$","M","?","M","R","E","?","T","E","R","$","R","M","R","BOSS","M","M","$","M","M","E","R","M","T","M","E","R","?","?","R","BOSS"],"build_version":"2018-07-19v2","purchased_purges":1,"victory":false,"max_hp_per_floor":[80,80,83,83,86,86,89,89,89,89,89,89,89,92,92,96,96,100,106,106,110,114,118,118,122,122,126,126,126,126,126,128,128],"card_choices":[{"not_picked":["Warcry","Fire Breathing"],"picked":"Twin Strike","floor":1},{"not_picked":["Wild Strike","Sword Boomerang"],"picked":"Shrug It Off","floor":3},{"not_picked":["Pommel Strike","Thunderclap"],"picked":"Clothesline","floor":5},{"not_picked":["Flex","Heavy Blade"],"picked":"Thunderclap","floor":7},{"not_picked":["Metallicize","Dropkick"],"picked":"Impervious","floor":10},{"not_picked":["Hemokinesis","Thunderclap"],"picked":"Armaments","floor":11},{"not_picked":["Iron Wave","Metallicize"],"picked":"Dropkick","floor":14},{"not_picked":["Limit Break","Exhume"],"picked":"Feed","floor":16},{"not_picked":["Flex+1","Pommel Strike"],"picked":"Flame Barrier+1","floor":18},{"not_picked":["Armaments","Iron Wave","Body Slam"],"picked":"Singing Bowl","floor":19},{"not_picked":["Havoc","Burning Pact"],"picked":"Flex+1","floor":21},{"not_picked":["Searing Blow","Warcry"],"picked":"Perfected Strike+1","floor":22},{"not_picked":["Body Slam","Carnage"],"picked":"Feed","floor":23},{"not_picked":["Fire Breathing+1","Sword Boomerang","Metallicize"],"picked":"Flex+1","floor":25},{"not_picked":["Clothesline","Infernal Blade+1","Cleave"],"picked":"Blood for Blood","floor":27},{"not_picked":["Twin Strike+1","Iron Wave","Rampage"],"picked":"Hemokinesis","floor":28},{"not_picked":["Hemokinesis","Wild Strike","Thunderclap+1"],"picked":"Power Through","floor":29},{"not_picked":["Disarm","Iron Wave","Body Slam"],"picked":"Shrug It Off+1","floor":31},{"not_picked":["Shrug It Off","Pummel+1","Burning Pact","Anger"],"picked":"Singing Bowl","floor":32}],"player_experience":1364732,"relics_obtained":[{"floor":7,"key":"Singing Bowl"},{"floor":9,"key":"Vajra"},{"floor":10,"key":"Dream Catcher"},{"floor":23,"key":"Question Card"},{"floor":26,"key":"Anchor"},{"floor":28,"key":"Dead Branch"}],"event_choices":[{"event_name":"Golden Idol","player_choice":"Take Damage","floor":4,"damage_taken":0},{"event_name":"Vampires","player_choice":"Ignored","floor":30,"damage_taken":0}],"is_beta":false,"boss_relics":[{"not_picked":["Runic Cube","Orrery"],"picked":"Sozu"}],"items_purged_floors":[20],"is_endless":false,"potions_floor_spawned":[7,10,16,18,27,28,31],"killed_by":"Collector","ascension_level":4}