{"gold_per_floor":[117,133,150,150,162,162,34,34,34,60,116,130,140,153,153,257,257,276,276,276,26,26,26,26,26,100,100,118,147,147,198,198,198],"floor_reached":33,"playtime":5984,"items_purged":[],"score":278,"play_id":"0b92029f-1fe2-4e83-8b4b-d65813a0620f","local_time":"20190716101239","is_ascension_mode":false,"campfire_choices":[{"data":"Loop","floor":6,"key":"SMITH"},{"data":"Stack","floor":8,"key":"SMITH"},{"floor":15,"key":"REST"},{"floor":23,"key":"REST"},{"data":"Sunder","floor":25,"key":"SMITH"},{"data":"Conserve Battery","floor":27,"key":"SMITH"},{"floor":32,"key":"REST"}],"neow_cost":"NONE","seed_source_timestamp":124020369916385,"circlet_count":0,"master_deck":["Strike_B+1","Strike_B+1","Strike_B+1","Strike_B+1","Defend_B+1","Defend_B+1","Defend_B+1","Defend_B+1","Zap","Dualcast","Undo","Ball Lightning","Compile Driver","Loop+1","Stack+1","Heatsinks","Rebound","Auto Shields","Sunder+1","Melter","Streamline","Multi-Cast","Conserve Battery","Conserve Battery+1","Coolheaded","Undo","Redo"],"relics":["Cracked Core","Pear","Odd Mushroom","Regal Pillow","Philosopher\u0027s Stone","Anchor","Mummified Hand","Darkstone Periapt","Enchiridion","Vajra"],"potions_floor_usage":[10,10,11,16,33],"damage_taken":[{"damage":0,"enemies":"Small Slimes","floor":1,"turns":3},{"damage":3,"enemies":"Jaw Worm","floor":2,"turns":4},{"damage":3,"enemies":"2 Louse","floor":3,"turns":3},{"damage":0,"enemies":"Large Slime","floor":5,"turns":4},{"damage":16,"enemies":"The Mushroom Lair","floor":10,"turns":3},{"damage":12,"enemies":"Lagavulin Event","floor":11,"turns":4},{"damage":5,"enemies":"3 Louse","floor":12,"turns":4},{"damage":7,"enemies":"Exordium Wildlife","floor":13,"turns":5},{"damage":10,"enemies":"Large Slime","floor":14,"turns":4},{"damage":59,"enemies":"Hexaghost","floor":16,"turns":10},{"damage":19,"enemies":"Shell Parasite","floor":18,"turns":6},{"damage":30,"enemies":"3 Byrds","floor":28,"turns":5},{"damage":30,"enemies":"Book of Stabbing","floor":29,"turns":5},{"damage":75,"enemies":"Automaton","floor":33,"turns":14}],"seed_played":"-4807962708627794530","potions_obtained":[{"floor":1,"key":"FocusPotion"},{"floor":5,"key":"Poison Potion"},{"floor":10,"key":"SkillPotion"},{"floor":12,"key":"SteroidPotion"},{"floor":28,"key":"GamblersBrew"},{"floor":29,"key":"Block Potion"}],"is_trial":false,"path_per_floor":["M","M","M","?","M","R","$","R","T","?","?","M","M","M","R","B",null,"M","?","?","$","$","R","$","R","T","R","M","E","?","T","R","B"],"character_chosen":"DEFECT","items_purchased":["Stack","Heatsinks","Anchor","Conserve Battery","Coolheaded"],"campfire_rested":3,"item_purchase_floors":[7,7,21,21,21],"current_hp_per_floor":[82,79,76,76,76,76,76,76,86,70,58,53,46,36,78,19,92,73,73,55,55,55,97,97,97,97,97,67,37,21,21,65,0],"gold":198,"neow_bonus":"TEN_PERCENT_HP_BONUS","is_prod":false,"is_daily":false,"chose_seed":false,"campfire_upgraded":4,"win_rate":0.0,"timestamp":1563282759,"path_taken":["M","M","M","?","M","R","$","R","T","?","?","M","M","M","R","BOSS","M","?","?","?","$","R","$","R","T","R","M","E","?","?","R","BOSS"],"build_version":"2019-07-05","purchased_purges":0,"victory":false,"max_hp_per_floor":[82,82,82,82,82,82,82,82,92,92,92,92,92,92,92,92,92,92,92,97,97,97,97,97,97,97,97,97,97,97,97,97,97],"card_choices":[{"not_picked":["Stack","Ball Lightning"],"picked":"Undo","floor":1},{"not_picked":["Darkness","Turbo"],"picked":"Ball Lightning","floor":2},{"not_picked":["Barrage","Chaos"],"picked":"Compile Driver","floor":3},{"not_picked":["Beam Cell","Gash"],"picked":"Loop","floor":5},{"not_picked":["Compile Driver","Hologram"],"picked":"Rebound","floor":10},{"not_picked":["Coolheaded","Defragment"],"picked":"Auto Shields","floor":11},{"not_picked":["Barrage","Gash"],"picked":"Sunder","floor":12},{"not_picked":["Stack","Gash"],"picked":"Melter","floor":13},{"not_picked":["Hologram","Core Surge"],"picked":"Streamline","floor":14},{"not_picked":["Creative AI","Meteor Strike"],"picked":"Multi-Cast","floor":16},{"not_picked":["BootSequence","Ball Lightning"],"picked":"Conserve Battery","floor":18},{"not_picked":["Go for the Eyes","Scrape"],"picked":"Undo","floor":28},{"not_picked":["Coolheaded","Skim"],"picked":"Redo","floor":29}],"player_experience":161334,"relics_obtained":[{"floor":9,"key":"Pear"},{"floor":10,"key":"Odd Mushroom"},{"floor":11,"key":"Regal Pillow"},{"floor":26,"key":"Mummified Hand"},{"floor":29,"key":"Darkstone Periapt"},{"floor":30,"key":"Enchiridion"},{"floor":31,"key":"Vajra"}],"event_choices":[{"damage_healed":0,"gold_gain":0,"player_choice":"Ignored","damage_taken":0,"max_hp_gain":0,"max_hp_loss":0,"event_name":"Golden Wing","floor":4,"gold_loss":0},{"damage_healed":0,"gold_gain":0,"player_choice":"Fought Mushrooms","damage_taken":0,"max_hp_gain":0,"max_hp_loss":0,"event_name":"Mushrooms","floor":10,"gold_loss":0},{"damage_healed":0,"gold_gain":0,"player_choice":"Searched \u00271\u0027 times","damage_taken":0,"max_hp_gain":0,"max_hp_loss":0,"event_name":"Dead Adventurer","floor":11,"gold_loss":0},{"damage_healed":0,"gold_gain":0,"player_choice":"Simplicity","damage_taken":0,"max_hp_gain":0,"max_hp_loss":0,"event_name":"Back to Basics","floor":19,"gold_loss":0,"cards_upgraded":["Strike_B","Strike_B","Strike_B","Strike_B","Defend_B","Defend_B","Defend_B","Defend_B"]},{"damage_healed":0,"gold_gain":0,"player_choice":"Shed Blood","damage_taken":23,"max_hp_gain":5,"max_hp_loss":0,"event_name":"Forgotten Altar","floor":20,"gold_loss":0},{"damage_healed":0,"gold_gain":0,"player_choice":"Obtained Book","damage_taken":16,"max_hp_gain":0,"max_hp_loss":0,"event_name":"Cursed Tome","floor":30,"gold_loss":0}],"is_beta":false,"boss_relics":[{"not_picked":["Eternal Feather","Sozu"],"picked":"Philosopher\u0027s Stone"}],"items_purged_floors":[],"is_endless":false,"potions_floor_spawned":[1,5,10,12,28,29],"killed_by":"Automaton","ascension_level":0}