{"gold_per_floor":[112,125,143,143,153,153,178,178,178,158,168,168,181,207,207,307,307,319,319],"floor_reached":19,"playtime":2465,"items_purged":[],"score":222,"play_id":"ff0e9bc3-7e79-4688-bc52-e023e66b3764","local_time":"20180714143851","is_ascension_mode":true,"campfire_choices":[{"data":"Havoc","floor":6,"key":"SMITH"},{"floor":8,"key":"REST"},{"data":"Burning Pact","floor":12,"key":"SMITH"},{"floor":15,"key":"REST"}],"neow_cost":"NONE","seed_source_timestamp":1873632354059320,"circlet_count":0,"master_deck":["Strike_R","Strike_R","Strike_R","Strike_R","Strike_R","Defend_R","Defend_R","Defend_R","Bash","Battle Trance","Burning Pact+1","Shrug It Off","Regret","Havoc+1","Infernal Blade","Headbutt","Flex","Dark Embrace","Demon Form","Pride","Decay","Parasite","Havoc+1"],"relics":["Burning Blood","Darkstone Periapt","Boot","Question Card","Art of War","Calling Bell","Potion Belt","Dodecahedron","Sundial"],"potions_floor_usage":[14,16,16,16],"damage_taken":[{"damage":13,"enemies":"Jaw Worm","floor":1,"turns":4},{"damage":0,"enemies":"2 Louse","floor":2,"turns":3},{"damage":0,"enemies":"Small Slimes","floor":3,"turns":3},{"damage":7,"enemies":"2 Fungi Beasts","floor":5,"turns":6},{"damage":48,"enemies":"Lagavulin","floor":7,"turns":10},{"damage":1,"enemies":"Red Slaver","floor":11,"turns":2},{"damage":15,"enemies":"Exordium Thugs","floor":13,"turns":4},{"damage":30,"enemies":"3 Sentries","floor":14,"turns":6},{"damage":32,"enemies":"Slime Boss","floor":16,"turns":9},{"damage":59,"enemies":"Spheric Guardian","floor":18,"turns":6},{"damage":55,"enemies":"Chosen","floor":19,"turns":4}],"seed_played":"-6481848585207714450","potions_obtained":[{"floor":5,"key":"Energy Potion"},{"floor":7,"key":"AttackPotion"},{"floor":10,"key":"SkillPotion"},{"floor":11,"key":"AttackPotion"},{"floor":14,"key":"AttackPotion"}],"is_trial":false,"path_per_floor":["M","M","M","?","M","R","E","R","T","?","M","R","M","E","R","B",null,"M"],"character_chosen":"IRONCLAD","items_purchased":[],"campfire_rested":2,"item_purchase_floors":[],"current_hp_per_floor":[73,79,80,86,85,85,43,68,68,68,73,73,64,40,65,39,104,51,0],"gold":319,"neow_bonus":"TRANSFORM_CARD","is_prod":false,"is_daily":false,"chose_seed":false,"campfire_upgraded":2,"win_rate":0,"timestamp":1531593531,"path_taken":["M","M","M","?","M","R","E","R","T","?","M","R","?","E","R","BOSS","M","?"],"build_version":"2018-06-21v2","purchased_purges":0,"victory":false,"max_hp_per_floor":[80,80,80,86,86,86,86,86,86,86,86,86,86,86,86,86,104,104,104],"card_choices":[{"not_picked":["Anger","Clash","Reckless Charge"],"picked":"SKIP","floor":1},{"not_picked":["Pummel","Body Slam"],"picked":"Burning Pact","floor":2},{"not_picked":["Clothesline","Sword Boomerang"],"picked":"Shrug It Off","floor":3},{"not_picked":["Blood for Blood","Iron Wave"],"picked":"Havoc","floor":5},{"not_picked":["Anger","Clash"],"picked":"Infernal Blade","floor":7},{"not_picked":["Shrug It Off","True Grit","Searing Blow"],"picked":"Headbutt","floor":11},{"not_picked":["Iron Wave","Wild Strike","Heavy Blade"],"picked":"Flex","floor":13},{"not_picked":["Flame Barrier","Power Through","Fiend Fire"],"picked":"Dark Embrace","floor":14},{"not_picked":["Exhume","Feed","Immolate"],"picked":"Demon Form","floor":16},{"not_picked":["Infernal Blade+1","Burning Pact","Body Slam"],"picked":"Havoc+1","floor":18}],"player_experience":1282937,"relics_obtained":[{"floor":7,"key":"Boot"},{"floor":9,"key":"Question Card"},{"floor":14,"key":"Art of War"},{"floor":17,"key":"Potion Belt"},{"floor":17,"key":"Dodecahedron"},{"floor":17,"key":"Sundial"}],"event_choices":[{"event_name":"Big Fish","player_choice":"Box","floor":4,"damage_taken":0},{"event_name":"The Woman in Blue","player_choice":"Bought 1 Potion","floor":10,"damage_taken":0}],"boss_relics":[{"not_picked":["Runic Dome","Eternal Feather"],"picked":"Calling Bell"}],"items_purged_floors":[],"is_endless":false,"potions_floor_spawned":[5,7,11,14],"killed_by":"Chosen","ascension_level":2}