{"gold_per_floor":[113,113,132,55,69,102,102,134,187,187,204,221,232,251,251,356,356,375,375,392,424,424,424,424,424,494,507,521,537,537,550,550,645,645,660,679,901,901,916,946,308,308,332,348,348,54,54,54,54,54,54,54,54,87,87],"floor_reached":56,"playtime":6027,"items_purged":["Strike_G+1","Defend_G"],"score":1189,"play_id":"b6b9a3b5-f54b-4ef2-9e57-1a7a5fdf78c9","local_time":"20191013180915","is_ascension_mode":false,"campfire_choices":[{"data":"Envenom","floor":7.0,"key":"SMITH"},{"data":"Wraith Form v2","floor":15.0,"key":"SMITH"},{"data":"Burst","floor":23.0,"key":"SMITH"},{"data":"Adrenaline","floor":25.0,"key":"SMITH"},{"data":"Sucker Punch","floor":30.0,"key":"SMITH"},{"data":"Sucker Punch","floor":32,"key":"SMITH"},{"data":"Well Laid Plans","floor":42,"key":"SMITH"},{"data":"Venomology","floor":45,"key":"SMITH"},{"floor":49,"key":"RECALL"},{"data":"Dodge and Roll","floor":52,"key":"SMITH"}],"neow_cost":"NONE","seed_source_timestamp":0,"circlet_count":0,"master_deck":["Defend_G","Defend_G","Defend_G","Defend_G","Survivor","Neutralize+1","Bane","Bane+1","Envenom+1","Deadly Poison","Flying Knee","Wraith Form v2+1","Backflip+1","Bane","Adrenaline+1","Blade Dance","Burst+1","All Out Attack","Sucker Punch+1","Dodge and Roll+1","Ghostly","Ghostly","Ghostly","Ghostly","Ghostly","Noxious Fumes","Prepared+1","Sucker Punch+1","Backflip","Malaise","Cloak And Dagger","Terror","Finisher","Well Laid Plans+1","Decay","Venomology+1","Outmaneuver"],"special_seed":0,"relics":["Ring of the Snake","NeowsBlessing","Meat on the Bone","Whetstone","Snake Skull","Empty Cage","Enchiridion","Red Mask","Ninja Scroll","Cursed Key","Bottled Flame","Happy Flower","Potion Belt","MealTicket","Medical Kit","Strawberry"],"potions_floor_usage":[36,44,50,54,55],"damage_taken":[{"damage":0.0,"enemies":"Jaw Worm","floor":1.0,"turns":1.0},{"damage":0.0,"enemies":"Cultist","floor":3.0,"turns":1.0},{"damage":0.0,"enemies":"2 Louse","floor":5.0,"turns":1.0},{"damage":29.0,"enemies":"Gremlin Nob","floor":6.0,"turns":5.0},{"damage":3.0,"enemies":"Lagavulin","floor":8.0,"turns":7.0},{"damage":6.0,"enemies":"Red Slaver","floor":11.0,"turns":3.0},{"damage":7.0,"enemies":"Large Slime","floor":12.0,"turns":3.0},{"damage":2.0,"enemies":"2 Fungi Beasts","floor":13.0,"turns":4.0},{"damage":1.0,"enemies":"3 Louse","floor":14.0,"turns":3.0},{"damage":8.0,"enemies":"Slime Boss","floor":16.0,"turns":9.0},{"damage":17.0,"enemies":"Spheric Guardian","floor":18.0,"turns":9.0},{"damage":18.0,"enemies":"3 Byrds","floor":20.0,"turns":4.0},{"damage":25.0,"enemies":"Masked Bandits","floor":21.0,"turns":5.0},{"damage":0.0,"enemies":"Centurion and Healer","floor":27.0,"turns":6.0},{"damage":1.0,"enemies":"3 Cultists","floor":28.0,"turns":5.0},{"damage":0.0,"enemies":"Snecko","floor":29.0,"turns":4.0},{"damage":11.0,"enemies":"Sentry and Sphere","floor":31.0,"turns":8.0},{"damage":13,"enemies":"Automaton","floor":33,"turns":14},{"damage":0,"enemies":"3 Shapes","floor":35,"turns":5},{"damage":0,"enemies":"3 Darklings","floor":36,"turns":6},{"damage":0,"enemies":"Sphere and 2 Shapes","floor":39,"turns":9},{"damage":6,"enemies":"Giant Head","floor":40,"turns":9},{"damage":6,"enemies":"Jaw Worm Horde","floor":44,"turns":6},{"damage":11,"enemies":"Awakened One","floor":50,"turns":14},{"damage":5,"enemies":"Shield and Spear","floor":54,"turns":6},{"damage":31,"enemies":"The Heart","floor":55,"turns":13}],"seed_played":"-7727688768149327219","potions_obtained":[{"floor":3.0,"key":"PowerPotion"},{"floor":8.0,"key":"Regen Potion"},{"floor":11.0,"key":"Regen Potion"},{"floor":12.0,"key":"SkillPotion"},{"floor":18.0,"key":"GamblersBrew"},{"floor":31.0,"key":"EssenceOfSteel"},{"floor":33,"key":"Weak Potion"},{"floor":35,"key":"PowerPotion"},{"floor":44,"key":"SkillPotion"}],"is_trial":false,"path_per_floor":["M","?","M","$","M","E","R","E","T","?","M","M","M","M","R","B",null,"M","?","M","?","?","R","?","R","T","M","M","M","R","M","R","B",null,"M","M","?","?","M","E","$","R","T","M","R","$","?","?","R","B",null,"R","$","E","B",null],"character_chosen":"THE_SILENT","items_purchased":["Envenom","Well Laid Plans","Happy Flower","Potion Belt","MealTicket","Medical Kit"],"campfire_rested":0,"item_purchase_floors":[4,41,41,41,41,46],"current_hp_per_floor":[70,70,70,70,70,41,41,38,38,38,44,37,47,46,46,38,70,68,52,46,33,33,33,33,33,33,33,32,32,32,35,35,22,35,35,35,35,35,35,29,29,29,29,23,23,35,35,35,35,24,35,35,35,37,18],"gold":87,"neow_bonus":"THREE_ENEMY_KILL","is_prod":false,"is_daily":false,"chose_seed":false,"campfire_upgraded":9,"win_rate":0,"timestamp":1570961355,"path_taken":["M","?","M","$","?","E","R","E","T","?","M","M","?","M","R","BOSS","M","?","M","?","?","R","?","R","T","M","?","?","R","M","R","BOSS","M","M","?","?","?","E","$","R","T","M","R","$","?","?","R","BOSS","R","$","E","BOSS"],"build_version":"2019-07-17","purchased_purges":2,"victory":true,"max_hp_per_floor":[70,70,70,70,70,70,70,70,70,70,70,70,70,70,70,70,70,70,70,70,70,70,70,35,35,35,35,35,35,35,35,35,35,35,35,35,35,35,35,35,35,35,35,35,35,35,35,35,35,35,35,35,35,42,42],"card_choices":[{"not_picked":["Flying Knee","Outmaneuver"],"picked":"Bane","floor":1.0},{"not_picked":["Prepared","Slice"],"picked":"Bane","floor":3.0},{"not_picked":["Dagger Throw","Bane"],"picked":"Deadly Poison","floor":5.0},{"not_picked":["Underhanded Strike","Acrobatics"],"picked":"Flying Knee","floor":6.0},{"not_picked":["Eviscerate","Flying Knee"],"picked":"Wraith Form v2","floor":8.0},{"not_picked":["Prepared","Deflect"],"picked":"Backflip","floor":11.0},{"not_picked":["Eviscerate","PiercingWail"],"picked":"Bane","floor":12.0},{"not_picked":["Dagger Throw","Masterful Stab"],"picked":"Adrenaline","floor":13.0},{"not_picked":["Riddle With Holes","Flying Knee"],"picked":"Blade Dance","floor":14.0},{"not_picked":["Malaise","Wraith Form v2"],"picked":"Burst","floor":16.0},{"not_picked":["Bane","Blade Dance"],"picked":"All Out Attack","floor":18.0},{"not_picked":["Setup+1","Poisoned Stab"],"picked":"Caltrops","floor":20.0},{"not_picked":["Flying Knee+1","Dagger Throw"],"picked":"Sucker Punch","floor":21.0},{"not_picked":["Flying Knee+1","Deadly Poison"],"picked":"Noxious Fumes","floor":27.0},{"not_picked":["Blade Dance","Quick Slash+1"],"picked":"Prepared+1","floor":28.0},{"not_picked":["Noxious Fumes+1","Tactician"],"picked":"Sucker Punch","floor":29.0},{"not_picked":["Blade Dance","Slice"],"picked":"Backflip","floor":31.0},{"not_picked":["Burst","Venomology"],"picked":"Malaise","floor":33},{"not_picked":["Setup","Sucker Punch","All Out Attack+1"],"picked":"SKIP","floor":35},{"not_picked":["Flechettes","Deflect"],"picked":"Cloak And Dagger","floor":36},{"not_picked":["Calculated Gamble+1","Underhanded Strike","Poisoned Stab"],"picked":"SKIP","floor":39},{"not_picked":["Slice+1","Blur"],"picked":"Finisher","floor":40},{"not_picked":["Sucker Punch+1","Deadly Poison"],"picked":"Venomology","floor":44},{"not_picked":["Phantasmal Killer","Corpse Explosion"],"picked":"Outmaneuver","floor":54}],"player_experience":171501,"relics_obtained":[{"floor":6.0,"key":"Meat on the Bone"},{"floor":8.0,"key":"Whetstone"},{"floor":9.0,"key":"Snake Skull"},{"floor":19.0,"key":"Enchiridion"},{"floor":21.0,"key":"Red Mask"},{"floor":26.0,"key":"Ninja Scroll"},{"floor":40,"key":"Bottled Flame"},{"floor":54,"key":"Strawberry"}],"event_choices":[{"damage_healed":0.0,"max_hp_gain":0.0,"max_hp_loss":0.0,"gold_gain":0.0,"event_name":"Upgrade Shrine","player_choice":"Upgraded","floor":2.0,"gold_loss":0.0,"damage_taken":0.0,"cards_upgraded":["Neutralize"]},{"cards_removed":["Strike_G"],"damage_healed":0.0,"max_hp_gain":0.0,"max_hp_loss":0.0,"gold_gain":0.0,"event_name":"Wheel of Change","player_choice":"Card Removal","floor":10.0,"gold_loss":0.0,"damage_taken":0.0},{"damage_healed":0.0,"max_hp_gain":0.0,"max_hp_loss":0.0,"gold_gain":0.0,"event_name":"Cursed Tome","player_choice":"Obtained Book","floor":19.0,"gold_loss":0.0,"damage_taken":16.0},{"damage_healed":0.0,"max_hp_gain":0.0,"max_hp_loss":0.0,"gold_gain":0.0,"event_name":"Masked Bandits","player_choice":"Fought Bandits","floor":21.0,"gold_loss":0.0,"damage_taken":0.0},{"damage_healed":0.0,"max_hp_gain":0.0,"max_hp_loss":0.0,"gold_gain":0.0,"event_name":"The Library","player_choice":"Read","floor":22.0,"gold_loss":0.0,"damage_taken":0.0,"cards_obtained":["Dodge and Roll"]},{"damage_healed":0.0,"max_hp_gain":0.0,"max_hp_loss":35.0,"gold_gain":0.0,"event_name":"Ghosts","player_choice":"Became a Ghost","floor":24.0,"gold_loss":0.0,"damage_taken":0.0,"cards_obtained":["Ghostly","Ghostly","Ghostly","Ghostly","Ghostly"]},{"damage_healed":0,"gold_gain":222,"player_choice":"Wore Mask","damage_taken":0,"max_hp_gain":0,"max_hp_loss":0,"event_name":"Tomb of Lord Red Mask","floor":37,"gold_loss":0},{"damage_healed":0,"gold_gain":0,"cards_transformed":["Strike_G"],"player_choice":"Transformed","damage_taken":0,"max_hp_gain":0,"max_hp_loss":0,"event_name":"Transmorgrifier","floor":38,"gold_loss":0,"cards_obtained":["Terror"]},{"cards_removed":["Caltrops"],"damage_healed":0,"gold_gain":0,"player_choice":"Removed Power","damage_taken":0,"max_hp_gain":0,"max_hp_loss":0,"event_name":"Falling","floor":47,"gold_loss":0},{"damage_healed":0,"gold_gain":0,"player_choice":"Upgraded","damage_taken":0,"max_hp_gain":0,"max_hp_loss":0,"event_name":"Upgrade Shrine","floor":48,"gold_loss":0,"cards_upgraded":["Backflip"]}],"is_beta":false,"boss_relics":[{"not_picked":["Velvet Choker","Runic Dome"],"picked":"Empty Cage"},{"not_picked":["Pandora\u0027s Box","Fusion Hammer"],"picked":"Cursed Key"}],"items_purged_floors":[41,46],"is_endless":false,"potions_floor_spawned":[3,8,11,12,18,31,33,35,44],"ascension_level":0}