{"gold_per_floor":[115,135,135,85,95,95,107,107,107,135,135,164,164,197,197,301,301,321,101,115,128,143,143,143,154,154,154,167,0,0,0,0,103,103,120,120,120,120,120,120,146,146,218,94,125,125,137,154,154,154],"floor_reached":51,"playtime":3617,"items_purged":[],"score":1023,"play_id":"b236710a-1028-4563-84b7-d655a18411ec","local_time":"20180916212451","is_ascension_mode":true,"campfire_choices":[{"data":"Armaments","floor":6.0,"key":"SMITH"},{"floor":8.0,"key":"REST"},{"data":"Shockwave","floor":11.0,"key":"SMITH"},{"floor":13.0,"key":"REST"},{"floor":15.0,"key":"REST"},{"floor":23,"key":"REST"},{"floor":27,"key":"REST"},{"floor":30,"key":"REST"},{"data":"Evolve","floor":32,"key":"SMITH"},{"data":"Power Through","floor":40,"key":"SMITH"},{"floor":42,"key":"REST"},{"floor":46,"key":"REST"},{"floor":49,"key":"REST"}],"neow_cost":"","seed_source_timestamp":0,"circlet_count":0,"master_deck":["Strike_R","Strike_R","Strike_R","Defend_R+1","Defend_R","Defend_R","Defend_R","Bash","Flex+1","Armaments+1","Cleave","Shockwave+1","Thunderclap+1","Pommel Strike+1","Perfected Strike+1","Feed+1","Blood for Blood+1","Bludgeon+1","Wild Strike+1","Shrug It Off","Warcry","Evolve+1","Heavy Blade+1","Cleave+1","Feed+1","Power Through","Whirlwind+1","Iron Wave+1","Power Through+1","Headbutt+1","Reaper+1","Clothesline+1","Power Through+1","Warcry+1","Wild Strike+1","Evolve","Rage+1","Battle Trance+1"],"special_seed":0,"relics":["Burning Blood","Bronze Scales","Molten Egg 2","War Paint","Shuriken","Mark of Pain","Matryoshka","Velvet Choker","Peace Pipe","Toxic Egg 2","Mercury Hourglass","Singing Bowl","Ice Cream"],"potions_floor_usage":[33,33,33,39,47],"damage_taken":[{"damage":11.0,"enemies":"Jaw Worm","floor":1.0,"turns":4.0},{"damage":9.0,"enemies":"2 Louse","floor":2.0,"turns":4.0},{"damage":1.0,"enemies":"Cultist","floor":5.0,"turns":4.0},{"damage":11.0,"enemies":"Blue Slaver","floor":7.0,"turns":4.0},{"damage":12.0,"enemies":"3 Sentries","floor":10.0,"turns":4.0},{"damage":26.0,"enemies":"Gremlin Nob","floor":12.0,"turns":5.0},{"damage":25.0,"enemies":"3 Sentries","floor":14.0,"turns":4.0},{"damage":47.0,"enemies":"Slime Boss","floor":16.0,"turns":9.0},{"damage":20.0,"enemies":"Shell Parasite","floor":18.0,"turns":4.0},{"damage":3,"enemies":"3 Byrds","floor":20,"turns":4},{"damage":18,"enemies":"Snake Plant","floor":21,"turns":3},{"damage":25,"enemies":"Shelled Parasite and Fungi","floor":22,"turns":5},{"damage":26,"enemies":"Centurion and Healer","floor":25,"turns":3},{"damage":16,"enemies":"Chosen and Byrds","floor":28,"turns":4},{"damage":66,"enemies":"Collector","floor":33,"turns":10},{"damage":0,"enemies":"Flame Bruiser 1 Orb","floor":35,"turns":5},{"damage":6,"enemies":"Mind Bloom Boss Battle","floor":39,"turns":6},{"damage":53,"enemies":"Nemesis","floor":41,"turns":7},{"damage":27,"enemies":"2 Orb Walkers","floor":45,"turns":4},{"damage":11,"enemies":"3 Darklings","floor":47,"turns":3},{"damage":21,"enemies":"Sphere and 2 Shapes","floor":48,"turns":5},{"damage":96,"enemies":"Donu and Deca","floor":50,"turns":9}],"seed_played":"3852636237814924846","potions_obtained":[{"floor":1.0,"key":"GamblersBrew"},{"floor":7.0,"key":"Explosive Potion"},{"floor":22,"key":"Fire Potion"},{"floor":25,"key":"Weak Potion"},{"floor":28,"key":"Fire Potion"},{"floor":35,"key":"Swift Potion"},{"floor":45,"key":"SkillPotion"}],"is_trial":false,"path_per_floor":["M","M","?","?","M","R","M","R","T","E","R","E","R","E","R","B",null,"M","$","M","M","M","R","?","M","T","R","M","$","R","?","R","B",null,"M","?","?","$","?","R","E","R","T","$","E","R","M","M","R","B"],"character_chosen":"IRONCLAD","items_purchased":["Bludgeon+1","Wild Strike+1","Shrug It Off","Whirlwind+1","Iron Wave+1","Power Through","Wild Strike+1","Evolve"],"campfire_rested":9,"item_purchase_floors":[19,19,19,29,29,29,44,44],"current_hp_per_floor":[67,64,64,64,69,69,64,80,80,74,74,54,78,59,80,39,70,56,56,59,47,28,52,52,32,32,56,50,50,75,75,75,15,67,84,84,84,84,84,84,37,62,62,62,49,76,73,73,102,12],"gold":154,"neow_bonus":"","is_prod":false,"is_daily":false,"chose_seed":false,"campfire_upgraded":4,"win_rate":0,"timestamp":1537147491,"path_taken":["M","M","?","?","M","R","?","R","T","E","R","E","R","E","R","BOSS","M","$","M","M","M","R","?","M","T","R","M","$","R","?","R","BOSS","M","?","?","$","?","R","E","R","T","$","E","R","M","M","R","BOSS"],"build_version":"2018-08-23v2","purchased_purges":0,"victory":true,"max_hp_per_floor":[80,80,80,80,80,80,80,80,80,80,80,80,80,80,80,80,80,80,80,80,80,80,80,80,80,80,80,84,84,84,84,84,84,84,84,84,84,84,84,84,84,84,84,84,92,92,94,102,102,102],"card_choices":[{"not_picked":["Ghostly Armor","Battle Trance"],"picked":"Flex","floor":1.0},{"not_picked":["Ghostly Armor","Havoc"],"picked":"Armaments","floor":2.0},{"not_picked":["Twin Strike","Fire Breathing"],"picked":"Cleave","floor":5.0},{"not_picked":["Corruption","Twin Strike"],"picked":"Shockwave","floor":7.0},{"not_picked":["True Grit","Infernal Blade"],"picked":"Thunderclap","floor":10.0},{"not_picked":["Sword Boomerang+1","True Grit"],"picked":"Pommel Strike+1","floor":12.0},{"not_picked":["Infernal Blade","Sentinel"],"picked":"Perfected Strike+1","floor":14.0},{"not_picked":["Brutality","Limit Break"],"picked":"Feed+1","floor":16.0},{"not_picked":["Havoc+1","True Grit"],"picked":"Blood for Blood+1","floor":18.0},{"not_picked":["Havoc","Thunderclap+1"],"picked":"Warcry","floor":20},{"not_picked":["Carnage+1","True Grit"],"picked":"Evolve","floor":21},{"not_picked":["Sword Boomerang+1","Searing Blow+1"],"picked":"Heavy Blade+1","floor":22},{"not_picked":["Bloodletting","Warcry"],"picked":"Feed+1","floor":25},{"not_picked":["Shrug It Off+1","Pommel Strike+1"],"picked":"Power Through","floor":28},{"not_picked":["Feed+1","Barricade"],"picked":"Reaper+1","floor":33},{"not_picked":["Disarm+1","Rupture+1"],"picked":"Clothesline+1","floor":35},{"not_picked":["Flame Barrier","Anger+1"],"picked":"Power Through+1","floor":39},{"not_picked":["Clothesline+1","Searing Blow+1"],"picked":"Warcry","floor":41},{"not_picked":["Dual Wield+1","Armaments+1"],"picked":"Rage+1","floor":45},{"not_picked":["Clothesline+1","True Grit+1","Sever Soul+1"],"picked":"Singing Bowl","floor":47},{"not_picked":["Reckless Charge+1","Rampage+1"],"picked":"Battle Trance+1","floor":48}],"player_experience":1723797,"relics_obtained":[{"floor":9.0,"key":"Bronze Scales"},{"floor":10.0,"key":"Molten Egg 2"},{"floor":12.0,"key":"War Paint"},{"floor":14.0,"key":"Shuriken"},{"floor":26,"key":"Matryoshka"},{"floor":39,"key":"Peace Pipe"},{"floor":41,"key":"Toxic Egg 2"},{"floor":43,"key":"Mercury Hourglass"},{"floor":43,"key":"Singing Bowl"},{"floor":45,"key":"Ice Cream"}],"event_choices":[{"event_name":"Liars Game","player_choice":"disagreed","floor":3.0,"damage_taken":0.0},{"event_name":"The Cleric","player_choice":"Card Removal","floor":4.0,"damage_taken":0.0},{"event_name":"Match and Keep!","player_choice":"1 cards matched","floor":24,"damage_taken":0},{"event_name":"The Library","player_choice":"Read","floor":31,"damage_taken":0},{"event_name":"Wheel of Change","player_choice":"Full Heal","floor":36,"damage_taken":0},{"event_name":"Falling","player_choice":"Removed Attack","floor":37,"damage_taken":0},{"event_name":"MindBloom","player_choice":"Fight","floor":39,"damage_taken":0}],"is_beta":false,"boss_relics":[{"not_picked":["Ectoplasm","Black Blood"],"picked":"Mark of Pain"},{"not_picked":["Black Star","Runic Cube"],"picked":"Velvet Choker"}],"items_purged_floors":[],"is_endless":false,"potions_floor_spawned":[1,7,22,25,28,35,45],"ascension_level":9}