{"gold_per_floor":[109,109,125,149,109,142,165,196,196,1,26,40,79,100,100,225,225,249,22,47,62,62,62,82,8,62,62,93,109,234,234,234,359,359,383,44,0,125,145,184,517,542,554,566,578,54,54,70,70,70,70,70,22,57,57],"floor_reached":56,"playtime":5920,"items_purged":["Strike_B","Defend_B"],"score":1545,"play_id":"008093d8-6f98-4e66-915f-0b639e196274","local_time":"20191013213104","is_ascension_mode":false,"campfire_choices":[{"data":"Glacier","floor":15.0,"key":"SMITH"},{"data":"Creative AI","floor":23.0,"key":"SMITH"},{"data":"Mayhem","floor":27.0,"key":"SMITH"},{"data":"Undo","floor":32.0,"key":"SMITH"},{"data":"Seek","floor":44,"key":"SMITH"},{"data":"Seek","floor":47,"key":"SMITH"},{"floor":49,"key":"RECALL"},{"data":"Blizzard","floor":52,"key":"SMITH"}],"neow_cost":"NONE","seed_source_timestamp":0,"circlet_count":0,"master_deck":["Defend_B","Defend_B+1","Zap","Dualcast+1","Cold Snap+1","Coolheaded","Undo","Ball Lightning","Coolheaded","All For One","Hello World","Conserve Battery","Glacier+1","Conserve Battery","Beam Cell","Gash","Creative AI+1","Compile Driver+1","Mayhem+1","Go for the Eyes+1","Hologram+1","Gash","Shame","Turbo","Capacitor","Writhe","Steam Power+1","Undo+1","Hologram+1","Seek+1","Thunder Strike+1","Ball Lightning+1","Amplify+1","Compile Driver+1","Stack","Go for the Eyes+1","Defragment+1","Rebound+1","Beam Cell+1","White Noise+1","Shame","Madness","Madness","Seek+1","Blizzard+1","Redo+1","Force Field","Consume"],"special_seed":0,"relics":["Coffee Dripper","Calipers","War Paint","Blood Vial","Question Card","Cursed Key","FossilizedHelix","Whetstone","Du-Vu Doll","Pantograph","Astrolabe","Prayer Wheel","Red Mask","Ice Cream","Centennial Puzzle","MawBank","Meat on the Bone","Dodecahedron","Anchor"],"potions_floor_usage":[50,50,54,55,55,55],"damage_taken":[{"damage":0.0,"enemies":"Cultist","floor":1.0,"turns":4.0},{"damage":3.0,"enemies":"Small Slimes","floor":3.0,"turns":3.0},{"damage":1.0,"enemies":"Jaw Worm","floor":4.0,"turns":3.0},{"damage":9.0,"enemies":"Lagavulin","floor":6.0,"turns":9.0},{"damage":0.0,"enemies":"Looter","floor":7.0,"turns":3.0},{"damage":29.0,"enemies":"Gremlin Nob","floor":8.0,"turns":6.0},{"damage":10.0,"enemies":"3 Louse","floor":11.0,"turns":2.0},{"damage":0.0,"enemies":"Blue Slaver","floor":12.0,"turns":4.0},{"damage":0.0,"enemies":"Lagavulin","floor":13.0,"turns":7.0},{"damage":0.0,"enemies":"Large Slime","floor":14.0,"turns":3.0},{"damage":0.0,"enemies":"Hexaghost","floor":16.0,"turns":9.0},{"damage":7.0,"enemies":"Chosen","floor":18.0,"turns":7.0},{"damage":2.0,"enemies":"Spheric Guardian","floor":20.0,"turns":4.0},{"damage":0.0,"enemies":"Snecko","floor":21.0,"turns":4.0},{"damage":0.0,"enemies":"Snake Plant","floor":24.0,"turns":6.0},{"damage":0.0,"enemies":"Book of Stabbing","floor":28.0,"turns":7.0},{"damage":28.0,"enemies":"3 Cultists","floor":29.0,"turns":6.0},{"damage":15.0,"enemies":"Colosseum Slavers","floor":30.0,"turns":6.0},{"damage":0.0,"enemies":"Colosseum Nobs","floor":30.0,"turns":4.0},{"damage":0.0,"enemies":"Champ","floor":33.0,"turns":9.0},{"damage":15,"enemies":"3 Darklings","floor":35,"turns":6},{"damage":0,"enemies":"Mind Bloom Boss Battle","floor":38,"turns":5},{"damage":12,"enemies":"3 Shapes","floor":39,"turns":6},{"damage":0,"enemies":"Giant Head","floor":40,"turns":7},{"damage":0,"enemies":"Nemesis","floor":42,"turns":5},{"damage":0,"enemies":"Sphere and 2 Shapes","floor":48,"turns":6},{"damage":0,"enemies":"Time Eater","floor":50,"turns":9},{"damage":30,"enemies":"Shield and Spear","floor":54,"turns":5},{"damage":58,"enemies":"The Heart","floor":55,"turns":13}],"seed_played":"1359627034426426784","potions_obtained":[{"floor":5.0,"key":"EntropicBrew"},{"floor":5.0,"key":"Explosive Potion"},{"floor":5.0,"key":"SmokeBomb"},{"floor":7.0,"key":"Block Potion"},{"floor":8.0,"key":"Weak Potion"},{"floor":14.0,"key":"Weak Potion"},{"floor":16.0,"key":"Energy Potion"},{"floor":28.0,"key":"Regen Potion"},{"floor":29.0,"key":"Poison Potion"},{"floor":33.0,"key":"FocusPotion"},{"floor":38,"key":"Regen Potion"},{"floor":40,"key":"EssenceOfSteel"},{"floor":54,"key":"Dexterity Potion"}],"is_trial":false,"path_per_floor":["M","?","M","M","?","E","M","E","T","$","M","M","E","M","R","B",null,"M","$","M","M","?","R","M","$","T","R","E","M","?","?","R","B",null,"M","$","?","?","M","E","?","E","T","R","?","$","R","M","R","B",null,"R","$","E","B",null],"character_chosen":"DEFECT","items_purchased":["Hello World","Conserve Battery","Mayhem","Go for the Eyes","Capacitor","Stack","Prayer Wheel","Seek","Dodecahedron","Blizzard","AttackPotion"],"campfire_rested":0,"item_purchase_floors":[10,10,19,19,25,36,36,46,46,46,53],"current_hp_per_floor":[75,57,54,53,53,44,44,15,15,15,7,9,11,13,13,15,75,68,68,68,70,70,70,72,72,72,72,74,56,45,45,45,72,75,60,60,60,75,63,65,65,67,67,67,58,58,58,60,60,75,75,75,75,45,26],"gold":57,"neow_bonus":"BOSS_RELIC","is_prod":false,"is_daily":false,"chose_seed":false,"campfire_upgraded":7,"win_rate":0,"timestamp":1570973464,"path_taken":["M","?","M","M","?","E","M","E","T","$","M","?","E","M","R","BOSS","M","$","M","M","?","R","M","$","T","R","E","M","?","?","R","BOSS","M","$","?","?","M","E","?","E","T","R","?","$","R","M","R","BOSS","R","$","E","BOSS"],"build_version":"2019-07-17","purchased_purges":2,"victory":true,"max_hp_per_floor":[75,75,75,75,75,75,75,75,75,75,75,75,75,75,75,75,75,75,75,75,75,75,75,75,75,75,75,75,75,75,75,75,75,75,75,75,75,75,75,75,75,75,75,75,75,75,75,75,75,75,75,75,75,75,75],"card_choices":[{"not_picked":["Hologram","Steam"],"picked":"Cold Snap","floor":1.0},{"not_picked":["Double Energy","Hologram"],"picked":"Coolheaded","floor":3.0},{"not_picked":["Genetic Algorithm","Heatsinks"],"picked":"Undo","floor":4.0},{"not_picked":["Undo","Sunder"],"picked":"Ball Lightning","floor":6.0},{"not_picked":["Sweeping Beam","Rip and Tear"],"picked":"Coolheaded","floor":7.0},{"not_picked":["Sweeping Beam","Core Surge"],"picked":"All For One","floor":8.0},{"not_picked":["Gash","Go for the Eyes"],"picked":"Glacier","floor":11.0},{"not_picked":["Leap","Blizzard"],"picked":"Conserve Battery","floor":12.0},{"not_picked":["Sunder","Compile Driver"],"picked":"Beam Cell","floor":13.0},{"not_picked":["Darkness","Steam","Coolheaded"],"picked":"Gash","floor":14.0},{"not_picked":["Echo Form","Fission","Seek"],"picked":"Creative AI","floor":16.0},{"not_picked":["Sweeping Beam","Redo","Rebound"],"picked":"Compile Driver+1","floor":18.0},{"not_picked":["Leap","Go for the Eyes","Redo"],"picked":"Hologram+1","floor":20.0},{"not_picked":["Leap+1","FTL","Darkness"],"picked":"Gash","floor":21.0},{"not_picked":["Conserve Battery","Beam Cell","Barrage"],"picked":"Turbo","floor":24.0},{"not_picked":["Loop","Thunder Strike","Turbo"],"picked":"Steam Power+1","floor":28.0},{"not_picked":["Barrage","Leap+1","Redo"],"picked":"Undo","floor":29.0},{"not_picked":["Go for the Eyes+1","Hello World","Steam"],"picked":"Hologram+1","floor":30.0},{"not_picked":["Multi-Cast","Thunder Strike","All For One"],"picked":"Seek","floor":33.0},{"not_picked":["Redo","Reprogram+1","Heatsinks"],"picked":"Compile Driver+1","floor":35},{"not_picked":["Tempest+1","Leap+1","Lockon"],"picked":"Go for the Eyes+1","floor":38},{"not_picked":["Turbo","Rebound","Compile Driver+1"],"picked":"Defragment+1","floor":39},{"not_picked":["Storm","Beam Cell","Ball Lightning+1"],"picked":"Rebound+1","floor":39},{"not_picked":["Capacitor+1","Steam Power","Streamline+1"],"picked":"Beam Cell+1","floor":40},{"not_picked":["Coolheaded","Rebound+1","Redo+1"],"picked":"White Noise+1","floor":42},{"not_picked":["Undo","Streamline","Seek"],"picked":"Redo+1","floor":48},{"not_picked":["Doom and Gloom+1","Gash","Tempest"],"picked":"Force Field","floor":48},{"not_picked":["Beam Cell","Echo Form","Sweeping Beam"],"picked":"Consume","floor":54}],"player_experience":177528,"relics_obtained":[{"floor":6.0,"key":"Calipers"},{"floor":8.0,"key":"War Paint"},{"floor":9.0,"key":"Blood Vial"},{"floor":13.0,"key":"Question Card"},{"floor":28.0,"key":"Whetstone"},{"floor":30.0,"key":"Du-Vu Doll"},{"floor":30.0,"key":"Pantograph"},{"floor":38,"key":"Ice Cream"},{"floor":40,"key":"Centennial Puzzle"},{"floor":42,"key":"MawBank"},{"floor":43,"key":"Meat on the Bone"},{"floor":54,"key":"Anchor"}],"event_choices":[{"damage_healed":0.0,"max_hp_gain":0.0,"max_hp_loss":0.0,"gold_gain":0.0,"event_name":"Golden Idol","player_choice":"Take Damage","floor":2.0,"gold_loss":0.0,"damage_taken":18.0,"relics_obtained":["Golden Idol"]},{"damage_healed":0.0,"max_hp_gain":0.0,"max_hp_loss":0.0,"gold_gain":0.0,"event_name":"The Woman in Blue","player_choice":"Bought 3 Potions","floor":5.0,"gold_loss":0.0,"damage_taken":0.0},{"damage_healed":0.0,"max_hp_gain":0.0,"max_hp_loss":0.0,"gold_gain":0.0,"event_name":"Addict","player_choice":"Stole Relic","floor":22.0,"gold_loss":0.0,"damage_taken":0.0,"relics_obtained":["FossilizedHelix"],"cards_obtained":["Shame"]},{"damage_healed":0.0,"max_hp_gain":0.0,"max_hp_loss":0.0,"gold_gain":0.0,"event_name":"Colosseum","player_choice":"Fight","floor":30.0,"gold_loss":0.0,"damage_taken":0.0},{"damage_healed":0.0,"max_hp_gain":0.0,"max_hp_loss":0.0,"gold_gain":0.0,"event_name":"Colosseum","player_choice":"Fought Nobs","floor":30.0,"gold_loss":0.0,"damage_taken":0.0},{"cards_removed":["Strike_B"],"damage_healed":0.0,"max_hp_gain":0.0,"max_hp_loss":0.0,"gold_gain":0.0,"event_name":"Back to Basics","player_choice":"Elegance","floor":31.0,"gold_loss":0.0,"damage_taken":0.0},{"damage_healed":0,"gold_gain":0,"player_choice":"Paid","damage_taken":0,"relics_obtained":["Red Mask"],"max_hp_gain":0,"max_hp_loss":0,"event_name":"Tomb of Lord Red Mask","floor":37,"gold_loss":44},{"damage_healed":0,"gold_gain":0,"player_choice":"Fight","damage_taken":0,"max_hp_gain":0,"max_hp_loss":0,"event_name":"MindBloom","floor":38,"gold_loss":0},{"damage_healed":0,"gold_gain":333,"player_choice":"Gave Idol","damage_taken":0,"max_hp_gain":0,"max_hp_loss":0,"event_name":"The Moai Head","floor":41,"relics_lost":["Golden Idol"],"gold_loss":0},{"damage_healed":0,"gold_gain":0,"player_choice":"Embrace Madness","damage_taken":9,"max_hp_gain":0,"max_hp_loss":0,"event_name":"Winding Halls","floor":45,"gold_loss":0,"cards_obtained":["Madness","Madness"]}],"is_beta":false,"boss_relics":[{"not_picked":["Pandora\u0027s Box","Black Star"],"picked":"Cursed Key"},{"not_picked":["Sozu","Lizard Tail"],"picked":"Astrolabe"}],"items_purged_floors":[10,46],"is_endless":false,"potions_floor_spawned":[6,7,8,14,16,21,28,29,33,38,39,40,54],"ascension_level":0}