{"gold_per_floor":[113,113,113,124,124,124,137,137,137,24,39,15,315,330,330,427,427,446,426,14,31,5,38,38,58,58,58,75,87,119,27,27,27],"floor_reached":33,"playtime":1681,"items_purged":[],"score":275,"play_id":"1327dfce-64fd-4c53-8ef8-7e952fa74e44","local_time":"20190716185452","is_ascension_mode":false,"campfire_choices":[{"floor":6,"key":"REST"},{"data":"Dagger Spray","floor":8,"key":"SMITH"},{"floor":15,"key":"REST"},{"floor":24,"key":"REST"},{"floor":27,"key":"REST"},{"floor":32,"key":"REST"}],"neow_cost":"NONE","seed_source_timestamp":159653385667488,"circlet_count":0,"master_deck":["Strike_G","Strike_G","Defend_G","Defend_G","Defend_G","Defend_G","Defend_G+1","Survivor","Neutralize+1","Cloak And Dagger","Bouncing Flask+1","Dagger Spray+1","Blur","Footwork","Noxious Fumes","Dodge and Roll","Noxious Fumes","Bullet Time","Backstab+1","Escape Plan+1","Night Terror+1","Cloak And Dagger","Caltrops+1","Endless Agony","Finisher","Underhanded Strike","Deflect+1","Backstab","Dash","Catalyst","Cloak And Dagger","Accuracy+1","Dagger Spray"],"relics":["Ring of the Snake","Nunchaku","Old Coin","Astrolabe","Frozen Egg 2","Anchor","Dodecahedron","Snake Skull"],"potions_floor_usage":[14,23,28,30,30,33],"damage_taken":[{"damage":5,"enemies":"Jaw Worm","floor":1,"turns":6},{"damage":0,"enemies":"2 Louse","floor":4,"turns":3},{"damage":0,"enemies":"Cultist","floor":7,"turns":3},{"damage":12,"enemies":"Gremlin Gang","floor":11,"turns":5},{"damage":6,"enemies":"3 Louse","floor":14,"turns":4},{"damage":38,"enemies":"Slime Boss","floor":16,"turns":9},{"damage":8,"enemies":"Shell Parasite","floor":18,"turns":5},{"damage":0,"enemies":"Chosen","floor":21,"turns":4},{"damage":19,"enemies":"Gremlin Leader","floor":23,"turns":8},{"damage":22,"enemies":"Snake Plant","floor":25,"turns":6},{"damage":9,"enemies":"Snecko","floor":28,"turns":6},{"damage":22,"enemies":"Centurion and Healer","floor":29,"turns":13},{"damage":11,"enemies":"Book of Stabbing","floor":30,"turns":4},{"damage":65,"enemies":"Champ","floor":33,"turns":11}],"seed_played":"5262204437080821819","potions_obtained":[{"floor":1,"key":"Swift Potion"},{"floor":14,"key":"Fruit Juice"},{"floor":16,"key":"Dexterity Potion"},{"floor":19,"key":"GhostInAJar"},{"floor":21,"key":"EssenceOfSteel"},{"floor":28,"key":"SpeedPotion"},{"floor":30,"key":"LiquidBronze"}],"is_trial":false,"path_per_floor":["M","?","?","M","?","R","M","R","T","$","M","$","?","M","R","B",null,"M","?","$","M","$","E","R","M","T","R","M","M","E","$","R","B"],"character_chosen":"THE_SILENT","items_purchased":["Blur","Footwork","Dodge and Roll","Frozen Egg 2","Caltrops+1","Endless Agony","Underhanded Strike","Accuracy+1","Dagger Spray"],"campfire_rested":5,"item_purchase_floors":[10,10,12,20,20,20,22,31,31],"current_hp_per_floor":[72,72,57,57,57,77,77,77,77,77,65,65,47,46,70,32,82,74,74,74,74,74,55,79,57,57,81,72,50,39,39,63,0],"gold":27,"neow_bonus":"TEN_PERCENT_HP_BONUS","is_prod":false,"is_daily":false,"chose_seed":false,"campfire_upgraded":1,"win_rate":0.0,"timestamp":1563314092,"path_taken":["M","?","?","M","?","R","M","R","T","$","M","$","?","M","R","BOSS","M","?","$","M","$","E","R","M","T","R","?","M","E","$","R","BOSS"],"build_version":"2019-07-05","purchased_purges":0,"victory":false,"max_hp_per_floor":[77,77,77,77,77,77,77,77,77,77,77,77,77,82,82,82,82,82,82,82,82,82,82,82,82,82,82,82,82,82,82,82,82],"card_choices":[{"not_picked":["Backstab","Sucker Punch"],"picked":"Cloak And Dagger","floor":1},{"not_picked":["Bane","Poisoned Stab"],"picked":"Bouncing Flask","floor":4},{"not_picked":["Outmaneuver","Sucker Punch"],"picked":"Dagger Spray","floor":7},{"not_picked":["Outmaneuver","Quick Slash"],"picked":"Noxious Fumes","floor":11},{"not_picked":["Heel Hook","Doppelganger"],"picked":"Noxious Fumes","floor":14},{"not_picked":["Malaise","Night Terror"],"picked":"Bullet Time","floor":16},{"not_picked":["Poisoned Stab","Quick Slash"],"picked":"Cloak And Dagger","floor":18},{"not_picked":["Choke","Outmaneuver"],"picked":"Finisher","floor":21},{"not_picked":["Dodge and Roll","Burst"],"picked":"Deflect+1","floor":23},{"not_picked":["Acrobatics","Riddle With Holes"],"picked":"Backstab","floor":25},{"not_picked":["Dodge and Roll","Dagger Spray+1"],"picked":"Dash","floor":28},{"not_picked":["Flying Knee+1","Deadly Poison"],"picked":"Catalyst","floor":29},{"not_picked":["Envenom+1","Flying Knee+1"],"picked":"Cloak And Dagger","floor":30}],"player_experience":170795,"relics_obtained":[{"floor":9,"key":"Nunchaku"},{"floor":23,"key":"Anchor"},{"floor":26,"key":"Dodecahedron"},{"floor":30,"key":"Snake Skull"}],"event_choices":[{"damage_healed":0,"gold_gain":0,"player_choice":"Ignored","damage_taken":0,"max_hp_gain":0,"max_hp_loss":0,"event_name":"Golden Wing","floor":2,"gold_loss":0},{"damage_healed":0,"gold_gain":0,"player_choice":"Entered Light","damage_taken":15,"max_hp_gain":0,"max_hp_loss":0,"event_name":"Shining Light","floor":3,"gold_loss":0,"cards_upgraded":["Defend_G","Neutralize"]},{"damage_healed":0,"gold_gain":0,"player_choice":"Grow","damage_taken":0,"max_hp_gain":0,"max_hp_loss":0,"event_name":"Living Wall","floor":5,"gold_loss":0,"cards_upgraded":["Bouncing Flask"]},{"damage_healed":0,"gold_gain":0,"player_choice":"Success","damage_taken":18,"relics_obtained":["Old Coin"],"max_hp_gain":0,"max_hp_loss":0,"event_name":"Scrap Ooze","floor":13,"gold_loss":0},{"damage_healed":0,"gold_gain":0,"player_choice":"Bought 1 Potion","damage_taken":0,"max_hp_gain":0,"max_hp_loss":0,"event_name":"The Woman in Blue","floor":19,"gold_loss":0}],"is_beta":false,"boss_relics":[{"not_picked":["Ectoplasm","Fusion Hammer"],"picked":"Astrolabe"}],"items_purged_floors":[],"is_endless":false,"potions_floor_spawned":[1,14,16,21,28,30],"killed_by":"Champ","ascension_level":0}