{"gold_per_floor":[366,50,70,81,98,98,130,130,130,147,147,147,181,197,197,197],"floor_reached":16,"playtime":1440,"items_purged":["Regret"],"score":218,"play_id":"1f22669e-d9b6-49fe-8acd-21a2e2cc34ed","local_time":"20190625224157","is_ascension_mode":true,"campfire_choices":[{"floor":6.0,"key":"REST"},{"floor":8.0,"key":"REST"},{"floor":12.0,"key":"REST"},{"data":"Bouncing Flask","floor":15.0,"key":"SMITH"}],"neow_cost":"CURSE","seed_source_timestamp":705540658129275,"circlet_count":0,"master_deck":["AscendersBane","Defend_G","Defend_G","Defend_G","Defend_G","Defend_G","Strike_G","Strike_G","Strike_G","Strike_G","Strike_G","Survivor","Neutralize+1","PiercingWail","PiercingWail","Poisoned Stab","Dash","Dagger Spray","Blur","Bouncing Flask+1"],"special_seed":0,"relics":["Ring of the Snake","ClockworkSouvenir","Molten Egg 2","Ornamental Fan","Potion Belt"],"potions_floor_usage":[16,16],"damage_taken":[{"damage":15.0,"enemies":"Jaw Worm","floor":1.0,"turns":7.0},{"damage":29.0,"enemies":"Cultist","floor":3.0,"turns":7.0},{"damage":0.0,"enemies":"Small Slimes","floor":4.0,"turns":4.0},{"damage":0.0,"enemies":"3 Louse","floor":5.0,"turns":5.0},{"damage":20.0,"enemies":"3 Sentries","floor":7.0,"turns":5.0},{"damage":4.0,"enemies":"2 Fungi Beasts","floor":10.0,"turns":5.0},{"damage":19.0,"enemies":"Gremlin Nob","floor":13.0,"turns":5.0},{"damage":5.0,"enemies":"Large Slime","floor":14.0,"turns":8.0},{"damage":31,"enemies":"The Guardian","floor":16,"turns":2}],"seed_played":"1880436737410339326","potions_obtained":[{"floor":4.0,"key":"SteroidPotion"},{"floor":7.0,"key":"FearPotion"},{"floor":13.0,"key":"Fruit Juice"},{"floor":14.0,"key":"LiquidBronze"}],"is_trial":false,"path_per_floor":["M","$","M","M","M","R","E","R","T","M","?","R","E","M","R","B"],"character_chosen":"THE_SILENT","items_purchased":["PiercingWail","ClockworkSouvenir"],"campfire_rested":3,"item_purchase_floors":[2,2],"current_hp_per_floor":[44,44,15,15,15,34,14,33,33,29,29,48,34,29,29,0],"gold":197,"neow_bonus":"TWO_FIFTY_GOLD","is_prod":false,"is_daily":false,"chose_seed":false,"campfire_upgraded":1,"win_rate":0,"timestamp":1561516917,"path_taken":["M","$","M","M","M","R","E","R","T","M","?","R","E","M","R","BOSS"],"build_version":"2019-01-23","purchased_purges":1,"victory":false,"max_hp_per_floor":[66,66,66,66,66,66,66,66,66,66,66,66,71,71,71,71],"card_choices":[{"not_picked":["Cloak And Dagger","Backflip"],"picked":"PiercingWail","floor":1.0},{"not_picked":["PiercingWail","Quick Slash"],"picked":"Poisoned Stab","floor":3.0},{"not_picked":["Deflect","Outmaneuver"],"picked":"Dash","floor":4.0},{"not_picked":["Sucker Punch","Acrobatics"],"picked":"Dagger Spray","floor":5.0},{"not_picked":["Prepared","Heel Hook","Endless Agony"],"picked":"SKIP","floor":7.0},{"not_picked":["Prepared","PiercingWail"],"picked":"Blur","floor":10.0},{"not_picked":["Setup","Acrobatics","Prepared"],"picked":"SKIP","floor":13.0},{"not_picked":["Sucker Punch+1","Skewer+1"],"picked":"Bouncing Flask","floor":14.0}],"player_experience":2637476,"relics_obtained":[{"floor":7.0,"key":"Molten Egg 2"},{"floor":9.0,"key":"Ornamental Fan"},{"floor":13.0,"key":"Potion Belt"}],"event_choices":[{"damage_healed":0.0,"max_hp_gain":0.0,"max_hp_loss":0.0,"gold_gain":0.0,"event_name":"Accursed Blacksmith","player_choice":"Forge","floor":11.0,"gold_loss":0.0,"damage_taken":0.0,"cards_upgraded":["Neutralize"]}],"is_beta":false,"boss_relics":[],"items_purged_floors":[2],"is_endless":false,"potions_floor_spawned":[4,7,13,14],"killed_by":"The Guardian","ascension_level":19}