{"path_per_floor":["M","?","M","M","?","R","$","R","T","M","M","?","M","?","R","B",null,"M","M","$","?","M","R","?","M","T","?","M","M","?","M","R","B",null,"M","?","?","M","?","R","M","$","T","M","M","M","R","M","R","B"],"character_chosen":"IRONCLAD","items_purchased":["Disarm","Strange Spoon","Shrug It Off"],"gold_per_floor":[114,114,130,143,143,143,27,27,103,115,129,187,199,149,149,247,247,262,276,20,20,38,38,38,57,129,129,147,161,161,176,176,273,273,288,0,0,11,11,11,30,30,57,76,93,107,107,124,124,124],"floor_reached":51,"campfire_rested":3,"playtime":8036,"current_hp_per_floor":[80,80,79,80,73,73,73,73,73,74,76,68,57,57,57,56,80,58,49,49,49,20,44,44,7,17,100,72,35,19,7,37,30,100,74,74,74,77,67,67,64,64,64,58,46,35,65,68,68,13],"items_purged":["Defend_R"],"gold":124,"play_id":"38a13c90-457f-472a-99e4-61088c0ec2c4","is_prod":false,"is_daily":false,"is_ascension_mode":false,"campfire_upgraded":5,"path_taken":["M","?","M","M","?","R","?","R","T","?","M","?","M","?","R","BOSS","M","M","$","?","M","R","?","M","T","?","M","?","?","M","R","BOSS","M","?","?","M","?","R","M","?","T","M","?","M","R","M","R","BOSS"],"build_version":"2018-02-01-PROD3","purchased_purges":1,"victory":true,"master_deck":["Strike_R+1","Strike_R+1","Strike_R+1","Defend_R+1","Defend_R+1","Bash","Intimidate","Shrug It Off+1","Cleave","Burning Pact+1","Disarm","Whirlwind+1","Battle Trance+1","Combust+1","Rampage","Dual Wield+1","Feel No Pain+1","Shrug It Off+1","Dual Wield+1","Armaments+1","Rupture","Limit Break+1","Power Through+1","Blood for Blood","Impervious+1","Spot Weakness+1","Limit Break+1","Pommel Strike+1","Madness+1","Madness+1","Warcry+1","Body Slam+1","Metallicize","Twin Strike+1","Dual Wield+1"],"max_hp_per_floor":[80,80,80,80,80,80,80,80,80,80,80,80,80,80,80,80,80,80,80,80,80,80,80,80,80,90,100,100,100,100,100,100,100,100,100,100,100,100,100,100,100,100,100,100,100,100,100,100,100,100],"relics":["Burning Blood","Bag of Preparation","Pantograph","Toxic Egg 2","Mark of Pain","Strange Spoon","Pear","Enchiridion","Sozu","Red Mask","Happy Flower"],"card_choices":[{"not_picked":["Headbutt","Flex"],"picked":"Intimidate"},{"not_picked":["Perfected Strike","Headbutt"],"picked":"Shrug It Off"},{"not_picked":["Feel No Pain","Twin Strike"],"picked":"Cleave"},{"not_picked":["Shrug It Off","Anger"],"picked":"Burning Pact"},{"not_picked":["Intimidate","Rage"],"picked":"Whirlwind"},{"not_picked":["Headbutt","Feel No Pain"],"picked":"Battle Trance"},{"not_picked":["Flex","Inflame"],"picked":"Combust"},{"not_picked":["Limit Break","Clothesline"],"picked":"Rampage"},{"not_picked":["Limit Break","Brutality"],"picked":"Juggernaut"},{"not_picked":["Perfected Strike","Rampage"],"picked":"Dual Wield"},{"not_picked":["Anger","Burning Pact"],"picked":"Feel No Pain"},{"not_picked":["Clash","Pummel"],"picked":"Armaments"},{"not_picked":["Flex","Perfected Strike"],"picked":"Rupture"},{"not_picked":["Twin Strike","Whirlwind"],"picked":"Limit Break"},{"not_picked":["Disarm","Armaments"],"picked":"Power Through"},{"not_picked":["Thunderclap","Clash"],"picked":"Blood for Blood"},{"not_picked":["Bludgeon","Double Tap"],"picked":"Impervious"},{"not_picked":["Armaments","Headbutt"],"picked":"Spot Weakness"},{"not_picked":["Clash","Iron Wave"],"picked":"Pommel Strike"},{"not_picked":["Armaments","Body Slam"],"picked":"Warcry"},{"not_picked":["Rupture","True Grit"],"picked":"Body Slam"},{"not_picked":["Impervious","Headbutt"],"picked":"Metallicize"},{"not_picked":["Clash","True Grit"],"picked":"Twin Strike"},{"not_picked":["Fire Breathing","Twin Strike"],"picked":"Dual Wield"}],"player_experience":48584,"potions_floor_usage":[12,12,12,16,33],"damage_taken":[{"damage":1,"enemies":"Jaw Worm","floor":1,"turns":6},{"damage":7,"enemies":"Blue Slaver","floor":3,"turns":6},{"damage":3,"enemies":"Small Slimes","floor":4,"turns":5},{"damage":5,"enemies":"Looter","floor":10,"turns":4},{"damage":4,"enemies":"3 Louse","floor":11,"turns":2},{"damage":20,"enemies":"3 Sentries","floor":12,"turns":3},{"damage":17,"enemies":"Exordium Wildlife","floor":13,"turns":6},{"damage":30,"enemies":"The Guardian","floor":16,"turns":11},{"damage":28,"enemies":"Shell Parasite","floor":18,"turns":6},{"damage":15,"enemies":"2 Thieves","floor":19,"turns":3},{"damage":35,"enemies":"Snake Plant","floor":22,"turns":7},{"damage":43,"enemies":"3 Cultists","floor":25,"turns":6},{"damage":34,"enemies":"Slaver and Parasite","floor":28,"turns":7},{"damage":43,"enemies":"Sentry and Sphere","floor":29,"turns":6},{"damage":18,"enemies":"Centurion and Healer","floor":31,"turns":8},{"damage":38,"enemies":"Champ","floor":33,"turns":10},{"damage":32,"enemies":"3 Shapes","floor":35,"turns":4},{"damage":3,"enemies":"Orb Walker","floor":38,"turns":3},{"damage":9,"enemies":"4 Shapes","floor":41,"turns":4},{"damage":12,"enemies":"3 Darklings","floor":44,"turns":4},{"damage":18,"enemies":"Sphere and 2 Shapes","floor":45,"turns":5},{"damage":17,"enemies":"4 Shapes","floor":46,"turns":6},{"damage":3,"enemies":"3 Darklings","floor":48,"turns":6},{"damage":86,"enemies":"Donu and Deca","floor":50,"turns":10}],"event_choices":[{"event_name":"The Lab","player_choice":"Got Potions","floor":2,"damage_taken":0},{"event_name":"Scrap Ooze","player_choice":"success","floor":5,"damage_taken":7},{"event_name":"Dead Adventurer","player_choice":"Searched \u00273\u0027 times","floor":12,"damage_taken":0},{"event_name":"The Cleric","player_choice":"Card Removal","floor":14,"damage_taken":0},{"event_name":"Transmorgrifier","player_choice":"Transform","floor":21,"damage_taken":0},{"event_name":"Back to Basics","player_choice":"Simplicity","floor":24,"damage_taken":0},{"event_name":"Bonfire Elementals","player_choice":"RARE","floor":27,"damage_taken":0},{"event_name":"Cursed Tome","player_choice":"Obtained Book","floor":30,"damage_taken":0},{"event_name":"Tomb of Lord Red Mask","player_choice":"Paid","floor":36,"damage_taken":0},{"event_name":"Transmorgrifier","player_choice":"Transform","floor":37,"damage_taken":0},{"event_name":"Winding Halls","player_choice":"Embrace Madness","floor":39,"damage_taken":0}],"boss_relics":[{"not_picked":["Lizard Tail","Runic Pyramid"],"picked":"Mark of Pain"},{"not_picked":["Runic Dome","Eternal Feather"],"picked":"Sozu"}],"potions_floor_spawned":[3,10,11,13,18,22,29,31,35,38,44,45,46],"seed_played":"-683647525384142750","ascension_level":0,"is_trial":false}