{"gold_per_floor":[119,136,153,166,181,181,216,216,240,257,257,267,2,64,64,136,136,152,71,71,84,95,95,120,120,120,154,154,182,232,244,244,319,319,331,331,331,25,38,38],"floor_reached":40,"playtime":2601,"items_purged":[],"score":987,"play_id":"6b3b84bf-f91b-40a4-a546-448b5cfa93c8","local_time":"20190815202652","is_ascension_mode":true,"campfire_choices":[{"data":"Pummel","floor":6.0,"key":"SMITH"},{"floor":8.0,"key":"REST"},{"data":"Limit Break","floor":11.0,"key":"SMITH"},{"data":"Armaments","floor":15.0,"key":"SMITH"},{"data":"Shockwave","floor":23.0,"key":"SMITH"},{"floor":25.0,"key":"REST"},{"floor":28.0,"key":"REST"},{"floor":32.0,"key":"REST"}],"neow_cost":"NONE","seed_source_timestamp":635223022900350,"circlet_count":0,"master_deck":["AscendersBane","Strike_R","Strike_R","Strike_R","Strike_R","Strike_R","Defend_R","Defend_R","Defend_R","Defend_R","Bash","Clothesline","Spot Weakness","Spot Weakness","Pummel+1","Cleave","Limit Break+1","Heavy Blade","Seeing Red","Armaments+1","Bloodletting","Immolate","Shockwave+1","Flame Barrier","Flex","Clumsy","Headbutt","Shrug It Off","Writhe","Inflame+1","Feed","Power Through","Injury","Twin Strike","Double Tap","Evolve"],"special_seed":0,"relics":["Burning Blood","Red Skull","Blood Vial","Oddly Smooth Stone","Tiny Chest","Cursed Key","MutagenicStrength","Bag of Preparation","Turnip","Kunai","Boot","Anchor","Mark of Pain","Self Forming Clay","Strawberry"],"potions_floor_usage":[33,40],"damage_taken":[{"damage":16.0,"enemies":"Jaw Worm","floor":1.0,"turns":6.0},{"damage":6.0,"enemies":"Cultist","floor":2.0,"turns":4.0},{"damage":7.0,"enemies":"Small Slimes","floor":3.0,"turns":4.0},{"damage":11.0,"enemies":"Blue Slaver","floor":4.0,"turns":3.0},{"damage":11.0,"enemies":"Exordium Thugs","floor":5.0,"turns":5.0},{"damage":27.0,"enemies":"3 Sentries","floor":7.0,"turns":6.0},{"damage":6.0,"enemies":"Red Slaver","floor":10.0,"turns":3.0},{"damage":7.0,"enemies":"3 Louse","floor":12.0,"turns":2.0},{"damage":24.0,"enemies":"Lagavulin","floor":14.0,"turns":6.0},{"damage":41.0,"enemies":"The Guardian","floor":16.0,"turns":9.0},{"damage":18.0,"enemies":"Spheric Guardian","floor":18.0,"turns":4.0},{"damage":2.0,"enemies":"2 Thieves","floor":21.0,"turns":2.0},{"damage":11.0,"enemies":"3 Cultists","floor":22.0,"turns":3.0},{"damage":21.0,"enemies":"Book of Stabbing","floor":24.0,"turns":4.0},{"damage":26.0,"enemies":"Slavers","floor":27.0,"turns":4.0},{"damage":48.0,"enemies":"Gremlin Leader","floor":29.0,"turns":5.0},{"damage":7.0,"enemies":"Centurion and Healer","floor":31.0,"turns":5.0},{"damage":20,"enemies":"Champ","floor":33,"turns":7},{"damage":49,"enemies":"3 Darklings","floor":35,"turns":5},{"damage":4,"enemies":"3 Shapes","floor":39,"turns":1},{"damage":87,"enemies":"Giant Head","floor":40,"turns":6}],"seed_played":"-1283146643329775192","potions_obtained":[{"floor":3.0,"key":"EssenceOfSteel"},{"floor":4.0,"key":"FearPotion"},{"floor":10.0,"key":"GamblersBrew"},{"floor":16.0,"key":"Swift Potion"},{"floor":18.0,"key":"AttackPotion"},{"floor":22.0,"key":"PowerPotion"},{"floor":24.0,"key":"FearPotion"},{"floor":29.0,"key":"FairyPotion"},{"floor":31.0,"key":"Ancient Potion"}],"is_trial":false,"path_per_floor":["M","M","M","M","M","R","E","R","T","M","R","M","$","E","R","B",null,"M","$","?","M","M","R","E","R","T","E","R","E","T","M","R","B",null,"M","T","?","$","M","E"],"character_chosen":"IRONCLAD","items_purchased":["Oddly Smooth Stone","Armaments","Bloodletting","Shockwave","Evolve","Strawberry","PowerPotion"],"campfire_rested":4,"item_purchase_floors":[13,13,13,19,38,38,38],"current_hp_per_floor":[65,65,64,59,54,54,33,57,57,59,59,60,60,44,44,11,64,54,54,54,60,57,57,44,68,68,50,74,34,34,35,59,47,73,32,32,32,39,43,0],"gold":38,"neow_bonus":"TEN_PERCENT_HP_BONUS","is_prod":false,"is_daily":false,"chose_seed":false,"campfire_upgraded":4,"win_rate":0,"timestamp":1565915212,"path_taken":["M","M","M","M","M","R","E","R","T","M","R","M","$","E","R","BOSS","M","$","?","M","M","R","E","R","T","E","R","E","?","M","R","BOSS","M","?","?","$","M","E"],"build_version":"2019-01-23","purchased_purges":0,"victory":false,"max_hp_per_floor":[82,82,82,82,82,82,82,82,82,82,82,82,82,82,82,82,82,82,82,82,82,82,82,82,82,82,82,82,82,82,82,82,82,82,82,82,82,89,89,89],"card_choices":[{"not_picked":["Shrug It Off","Fire Breathing"],"picked":"Clothesline","floor":1.0},{"not_picked":["Rage","Wild Strike"],"picked":"Spot Weakness","floor":2.0},{"not_picked":["Shrug It Off","Thunderclap"],"picked":"Spot Weakness","floor":3.0},{"not_picked":["Intimidate","Pommel Strike"],"picked":"Pummel","floor":4.0},{"not_picked":["Havoc","Infernal Blade"],"picked":"Cleave","floor":5.0},{"not_picked":["Twin Strike","Pommel Strike"],"picked":"Limit Break","floor":7.0},{"not_picked":["Warcry","Clash"],"picked":"Heavy Blade","floor":10.0},{"not_picked":["Havoc","Clothesline"],"picked":"Seeing Red","floor":12.0},{"not_picked":["Dual Wield","Sever Soul","Uppercut"],"picked":"SKIP","floor":14.0},{"not_picked":["Fiend Fire","Dark Embrace"],"picked":"Immolate","floor":16.0},{"not_picked":["Heavy Blade","Pommel Strike","Entrench"],"picked":"SKIP","floor":18.0},{"not_picked":["Havoc","Iron Wave","Shockwave"],"picked":"SKIP","floor":21.0},{"not_picked":["Second Wind","Armaments"],"picked":"Flame Barrier","floor":22.0},{"not_picked":["Warcry","Body Slam"],"picked":"Flex","floor":24.0},{"not_picked":["Limit Break","Pummel"],"picked":"Headbutt","floor":27.0},{"not_picked":["Headbutt","Twin Strike"],"picked":"Shrug It Off","floor":29.0},{"not_picked":["True Grit","Havoc"],"picked":"Inflame+1","floor":31.0},{"not_picked":["Dark Embrace","Brutality"],"picked":"Feed","floor":33},{"not_picked":["True Grit","Wild Strike"],"picked":"Power Through","floor":35},{"not_picked":["Hemokinesis","Fire Breathing","Corruption"],"picked":"SKIP","floor":39}],"player_experience":2795365,"relics_obtained":[{"floor":7.0,"key":"Red Skull"},{"floor":9.0,"key":"Blood Vial"},{"floor":14.0,"key":"Tiny Chest"},{"floor":24.0,"key":"Bag of Preparation"},{"floor":26.0,"key":"Turnip"},{"floor":27.0,"key":"Kunai"},{"floor":29.0,"key":"Boot"},{"floor":30.0,"key":"Anchor"},{"floor":36,"key":"Self Forming Clay"}],"event_choices":[{"damage_healed":0.0,"max_hp_gain":0.0,"max_hp_loss":0.0,"gold_gain":0.0,"event_name":"Drug Dealer","player_choice":"Inject Mutagens","floor":20.0,"gold_loss":0.0,"damage_taken":0.0,"relics_obtained":["MutagenicStrength"]},{"damage_healed":0,"gold_gain":0,"player_choice":"2 cards matched","damage_taken":0,"max_hp_gain":0,"max_hp_loss":0,"event_name":"Match and Keep!","floor":37,"gold_loss":0,"cards_obtained":["Twin Strike","Double Tap"]}],"is_beta":false,"boss_relics":[{"not_picked":["White Beast Statue","Empty Cage"],"picked":"Cursed Key"},{"not_picked":["Pandora\u0027s Box","Runic Cube"],"picked":"Mark of Pain"}],"items_purged_floors":[],"is_endless":false,"potions_floor_spawned":[3,4,10,16,18,22,24,29,31],"killed_by":"Giant Head","ascension_level":20}