{"gold_per_floor":[110,120,139,158,177,204,204,6,30,30,42,60,73,83,83,184,184,202,218,218,229,43,43],"floor_reached":23,"playtime":2501,"items_purged":[],"score":224,"play_id":"c38d7e82-b853-4af1-87d2-fc0f0cf48eb4","local_time":"20190705135659","is_ascension_mode":false,"campfire_choices":[{"floor":10,"key":"REST"},{"floor":15,"key":"REST"}],"neow_cost":"NONE","seed_source_timestamp":840657251483560,"circlet_count":0,"master_deck":["Strike_G","Strike_G","Strike_G","Strike_G","Strike_G","Defend_G","Defend_G","Defend_G","Defend_G","Defend_G","Survivor","Neutralize","Flying Knee","Dagger Spray","Riddle With Holes","Deadly Poison","Flying Knee","Blade Dance","Dagger Spray","Quick Slash","Prepared","Footwork","Terror","Quick Slash","Catalyst","Flying Knee","Die Die Die","Cloak And Dagger","Cloak And Dagger","Flying Knee+1","Infinite Blades","Dramatic Entrance","Dagger Throw"],"relics":["Ring of the Snake","Centennial Puzzle","Bag of Marbles","Anchor","Black Star"],"potions_floor_usage":[6,6,14,14,16,23],"damage_taken":[{"damage":0,"enemies":"Jaw Worm","floor":1,"turns":6},{"damage":0,"enemies":"Small Slimes","floor":2,"turns":3},{"damage":0,"enemies":"2 Louse","floor":3,"turns":3},{"damage":7,"enemies":"Exordium Thugs","floor":4,"turns":4},{"damage":5,"enemies":"3 Louse","floor":5,"turns":3},{"damage":10,"enemies":"3 Sentries","floor":6,"turns":5},{"damage":0,"enemies":"Looter","floor":11,"turns":4},{"damage":7,"enemies":"Blue Slaver","floor":12,"turns":4},{"damage":11,"enemies":"Exordium Thugs","floor":13,"turns":4},{"damage":0,"enemies":"Large Slime","floor":14,"turns":2},{"damage":34,"enemies":"The Guardian","floor":16,"turns":10},{"damage":18,"enemies":"2 Thieves","floor":18,"turns":4},{"damage":0,"enemies":"Chosen","floor":19,"turns":4},{"damage":14,"enemies":"Snecko","floor":21,"turns":4},{"damage":48,"enemies":"Slavers","floor":23,"turns":4}],"seed_played":"1203899304569860207","potions_obtained":[{"floor":2,"key":"PowerPotion"},{"floor":4,"key":"Fire Potion"},{"floor":6,"key":"LiquidBronze"},{"floor":12,"key":"AttackPotion"},{"floor":14,"key":"PowerPotion"},{"floor":19,"key":"SpeedPotion"}],"is_trial":false,"path_per_floor":["M","M","M","M","M","E","?","$","T","R","M","M","M","M","R","B",null,"M","M","?","M","$","E"],"character_chosen":"THE_SILENT","items_purchased":["Dagger Spray","Quick Slash","Prepared","Footwork","Infinite Blades","Dramatic Entrance","Dagger Throw"],"campfire_rested":2,"item_purchase_floors":[8,8,8,8,22,22,22],"current_hp_per_floor":[77,77,77,70,65,55,48,48,48,71,71,64,53,53,76,42,77,59,59,59,45,45,0],"gold":43,"neow_bonus":"TEN_PERCENT_HP_BONUS","is_prod":false,"is_daily":false,"chose_seed":false,"campfire_upgraded":0,"win_rate":0.0,"timestamp":1562345819,"path_taken":["M","M","M","M","M","E","?","$","T","R","M","M","M","M","R","BOSS","M","M","?","M","$","E"],"build_version":"2019-07-01","purchased_purges":0,"victory":false,"max_hp_per_floor":[77,77,77,77,77,77,77,77,77,77,77,77,77,77,77,77,77,77,77,77,77,77,77],"card_choices":[{"not_picked":["Poisoned Stab","Well Laid Plans"],"picked":"Flying Knee","floor":1},{"not_picked":["Outmaneuver","Deflect"],"picked":"Dagger Spray","floor":2},{"not_picked":["Outmaneuver","Dodge and Roll"],"picked":"Riddle With Holes","floor":3},{"not_picked":["Flying Knee","Dodge and Roll"],"picked":"Deadly Poison","floor":4},{"not_picked":["Dagger Throw","Calculated Gamble"],"picked":"Flying Knee","floor":5},{"not_picked":["Glass Knife","Quick Slash"],"picked":"Blade Dance","floor":6},{"not_picked":["Choke","Endless Agony"],"picked":"Terror","floor":11},{"not_picked":["Bane","Acrobatics"],"picked":"Quick Slash","floor":12},{"not_picked":["Dodge and Roll","Dagger Throw"],"picked":"Catalyst","floor":13},{"not_picked":["Dagger Throw","Dodge and Roll"],"picked":"Flying Knee","floor":14},{"not_picked":["Malaise","After Image"],"picked":"Die Die Die","floor":16},{"not_picked":["Eviscerate+1","Bane"],"picked":"Cloak And Dagger","floor":18},{"not_picked":["Predator","Slice"],"picked":"Cloak And Dagger","floor":19},{"not_picked":["PiercingWail","Slice"],"picked":"Flying Knee+1","floor":21}],"player_experience":95269,"relics_obtained":[{"floor":6,"key":"Centennial Puzzle"},{"floor":9,"key":"Anchor"}],"event_choices":[{"damage_healed":0,"gold_gain":0,"player_choice":"Success","damage_taken":7,"relics_obtained":["Bag of Marbles"],"max_hp_gain":0,"max_hp_loss":0,"event_name":"Scrap Ooze","floor":7,"gold_loss":0},{"damage_healed":0,"gold_gain":0,"player_choice":"Ignored","damage_taken":0,"max_hp_gain":0,"max_hp_loss":0,"event_name":"Ghosts","floor":20,"gold_loss":0}],"is_beta":false,"boss_relics":[{"not_picked":["Sozu","Ectoplasm"],"picked":"Black Star"}],"items_purged_floors":[],"is_endless":false,"potions_floor_spawned":[2,4,6,12,14,19],"killed_by":"Slavers","ascension_level":0}