{"gold_per_floor":[119,129,142,53,64,64,78,113,140,140,140,165,185,209,209,300,300,325,349,367,367],"floor_reached":21,"playtime":2636,"items_purged":[],"score":374,"play_id":"6b4496c9-571d-410c-b5e5-3c8a15afba9a","local_time":"20190925003208","is_ascension_mode":true,"campfire_choices":[{"data":"Neutralize","floor":6.0,"key":"SMITH"},{"data":"Noxious Fumes","floor":15.0,"key":"SMITH"}],"neow_cost":"NONE","seed_source_timestamp":1428938239833810,"circlet_count":0,"master_deck":["AscendersBane","Defend_G","Defend_G","Defend_G","Defend_G","Strike_G","Strike_G","Strike_G","Strike_G","Strike_G","Survivor","Neutralize+1","PiercingWail","Backflip","Caltrops","Noxious Fumes+1","Backflip","Backstab","Slice","Skewer","A Thousand Cuts","Well Laid Plans","Endless Agony","Slice"],"special_seed":0,"relics":["Ring of the Snake","Bottled Tornado","Blood Vial","Golden Idol","Philosopher\u0027s Stone"],"potions_floor_usage":[],"damage_taken":[{"damage":2.0,"enemies":"Jaw Worm","floor":1.0,"turns":6.0},{"damage":0.0,"enemies":"2 Louse","floor":2.0,"turns":3.0},{"damage":0.0,"enemies":"Cultist","floor":3.0,"turns":4.0},{"damage":19.0,"enemies":"Gremlin Gang","floor":5.0,"turns":4.0},{"damage":12.0,"enemies":"2 Fungi Beasts","floor":7.0,"turns":5.0},{"damage":7.0,"enemies":"3 Sentries","floor":8.0,"turns":8.0},{"damage":0.0,"enemies":"Looter","floor":12.0,"turns":3.0},{"damage":0.0,"enemies":"Lots of Slimes","floor":13.0,"turns":4.0},{"damage":1.0,"enemies":"2 Fungi Beasts","floor":14.0,"turns":4.0},{"damage":16.0,"enemies":"Hexaghost","floor":16.0,"turns":10.0},{"damage":32.0,"enemies":"Shell Parasite","floor":18.0,"turns":6.0},{"damage":6.0,"enemies":"2 Thieves","floor":19.0,"turns":4.0},{"damage":18,"enemies":"3 Cultists","floor":20,"turns":5},{"damage":9,"enemies":"Shelled Parasite and Fungi","floor":21,"turns":1}],"seed_played":"7029650935605071000","potions_obtained":[{"floor":3.0,"key":"AttackPotion"},{"floor":7.0,"key":"Block Potion"},{"floor":12.0,"key":"EssenceOfSteel"},{"floor":13.0,"key":"EssenceOfSteel"},{"floor":14.0,"key":"Weak Potion"},{"floor":16.0,"key":"GhostInAJar"},{"floor":18.0,"key":"Poison Potion"}],"is_trial":false,"path_per_floor":["M","M","M","$","M","R","M","E","T","?","?","M","M","M","R","B",null,"M","M","M","M"],"character_chosen":"THE_SILENT","items_purchased":["Noxious Fumes"],"campfire_rested":0,"item_purchase_floors":[4],"current_hp_per_floor":[63,63,63,63,44,44,32,25,25,25,25,27,29,30,30,16,53,23,19,3,0],"gold":367,"neow_bonus":"TEN_PERCENT_HP_BONUS","is_prod":false,"is_daily":false,"chose_seed":false,"campfire_upgraded":2,"win_rate":0,"timestamp":1569385928,"path_taken":["M","M","M","$","M","R","M","E","T","?","?","M","M","M","R","BOSS","M","M","M","M"],"build_version":"2019-01-23","purchased_purges":0,"victory":false,"max_hp_per_floor":[72,72,72,72,72,72,72,72,72,65,65,65,65,65,65,65,65,65,65,65,65],"card_choices":[{"not_picked":["Cloak And Dagger","Eviscerate"],"picked":"PiercingWail","floor":1.0},{"not_picked":["Outmaneuver","Acrobatics"],"picked":"Backflip","floor":2.0},{"not_picked":["Setup","Dagger Throw"],"picked":"Caltrops","floor":3.0},{"not_picked":["Finisher","Catalyst"],"picked":"Backflip","floor":5.0},{"not_picked":["Outmaneuver","Cloak And Dagger"],"picked":"Backstab","floor":7.0},{"not_picked":["Tactician","Calculated Gamble","Skewer"],"picked":"SKIP","floor":8.0},{"not_picked":["Dodge and Roll","Underhanded Strike","Expertise"],"picked":"SKIP","floor":12.0},{"not_picked":["Dodge and Roll","Underhanded Strike","Expertise"],"picked":"SKIP","floor":12.0},{"not_picked":["Dagger Throw","Finisher"],"picked":"Slice","floor":13.0},{"not_picked":["Storm of Steel","Tactician"],"picked":"Skewer","floor":14.0},{"not_picked":["Venomology","Wraith Form v2"],"picked":"A Thousand Cuts","floor":16.0},{"not_picked":["Predator","Quick Slash"],"picked":"Well Laid Plans","floor":18.0},{"not_picked":["Quick Slash","Eviscerate"],"picked":"Endless Agony","floor":19.0},{"not_picked":["All Out Attack","Riddle With Holes"],"picked":"Slice","floor":20}],"player_experience":2981988,"relics_obtained":[{"floor":8.0,"key":"Bottled Tornado"},{"floor":9.0,"key":"Blood Vial"}],"event_choices":[{"damage_healed":0.0,"max_hp_gain":0.0,"max_hp_loss":7.0,"gold_gain":0.0,"event_name":"Golden Idol","player_choice":"Lose Max HP","floor":10.0,"gold_loss":0.0,"damage_taken":0.0,"relics_obtained":["Golden Idol"]},{"cards_removed":["Defend_G"],"damage_healed":0.0,"max_hp_gain":0.0,"max_hp_loss":0.0,"gold_gain":0.0,"event_name":"Purifier","player_choice":"Purged","floor":11.0,"gold_loss":0.0,"damage_taken":0.0}],"is_beta":false,"boss_relics":[{"not_picked":["Ectoplasm","White Beast Statue"],"picked":"Philosopher\u0027s Stone"}],"items_purged_floors":[],"is_endless":false,"potions_floor_spawned":[3,7,12,13,14,16,18],"killed_by":"Shelled Parasite and Fungi","ascension_level":20}