{"gold_per_floor":[147,13,33,46,46,74,74,74,74,74,74,84,96,115,115,115],"floor_reached":16,"playtime":1193,"items_purged":[],"score":204,"play_id":"ef680126-2728-4e66-a5d3-d5e9c1dc6bf7","local_time":"20191003172832","is_ascension_mode":true,"campfire_choices":[{"floor":8,"key":"REST"},{"floor":11,"key":"DIG"},{"floor":15,"key":"REST"}],"neow_cost":"NONE","seed_source_timestamp":1612151088781588,"circlet_count":0,"master_deck":["AscendersBane","Defend_G","Defend_G","Defend_G","Defend_G","Defend_G","Strike_G","Strike_G","Strike_G","Strike_G","Survivor","Neutralize","Acrobatics","Choke","Blade Dance","Calculated Gamble","PiercingWail","Poisoned Stab","Caltrops","PiercingWail","Backstab"],"special_seed":0,"relics":["Ring of the Snake","Tiny Chest","Bird Faced Urn","The Courier","Shovel","Gremlin Horn"],"potions_floor_usage":[6,6,16],"damage_taken":[{"damage":3.0,"enemies":"Jaw Worm","floor":1.0,"turns":6.0},{"damage":0.0,"enemies":"2 Louse","floor":3.0,"turns":3.0},{"damage":0.0,"enemies":"Small Slimes","floor":4.0,"turns":4.0},{"damage":37,"enemies":"3 Sentries","floor":6,"turns":14},{"damage":6,"enemies":"3 Louse","floor":12,"turns":2},{"damage":4,"enemies":"Exordium Thugs","floor":13,"turns":6},{"damage":8,"enemies":"Exordium Wildlife","floor":14,"turns":3},{"damage":57,"enemies":"Slime Boss","floor":16,"turns":8}],"seed_played":"3699166953367407743","potions_obtained":[{"floor":1.0,"key":"SpeedPotion"},{"floor":3.0,"key":"SpeedPotion"},{"floor":4.0,"key":"SkillPotion"},{"floor":14,"key":"Weak Potion"}],"is_trial":false,"path_per_floor":["M","$","M","M","?","E","T","R","T","?","R","M","M","M","R","B"],"character_chosen":"THE_SILENT","items_purchased":["Choke","Blade Dance"],"campfire_rested":2,"item_purchase_floors":[2,2],"current_hp_per_floor":[56,56,56,56,49,12,12,31,31,36,36,30,28,22,43,0],"gold":115,"neow_bonus":"RANDOM_COMMON_RELIC","is_prod":false,"is_daily":false,"chose_seed":false,"campfire_upgraded":0,"win_rate":0,"timestamp":1570138112,"path_taken":["M","$","M","M","?","E","?","R","T","?","R","M","M","M","R","BOSS"],"build_version":"2019-01-23","purchased_purges":0,"victory":false,"max_hp_per_floor":[66,66,66,66,66,66,66,66,66,71,71,71,71,71,71,71],"card_choices":[{"not_picked":["Concentrate","Prepared"],"picked":"Acrobatics","floor":1.0},{"not_picked":["Distraction","Eviscerate"],"picked":"Calculated Gamble","floor":3.0},{"not_picked":["All Out Attack","Underhanded Strike"],"picked":"PiercingWail","floor":4.0},{"not_picked":["Tactician","Flechettes"],"picked":"Poisoned Stab","floor":6},{"not_picked":["Acrobatics","Endless Agony"],"picked":"Caltrops","floor":12},{"not_picked":["Concentrate","Escape Plan"],"picked":"PiercingWail","floor":13},{"not_picked":["Reflex","Distraction"],"picked":"Backstab","floor":14}],"player_experience":3007934,"relics_obtained":[{"floor":6,"key":"Bird Faced Urn"},{"floor":7,"key":"The Courier"},{"floor":9,"key":"Shovel"},{"floor":11,"key":"Gremlin Horn"}],"event_choices":[{"cards_removed":["Strike_G"],"damage_healed":0.0,"max_hp_gain":0.0,"max_hp_loss":0.0,"gold_gain":0.0,"event_name":"Golden Wing","player_choice":"Card Removal","floor":5.0,"gold_loss":0.0,"damage_taken":7.0},{"damage_healed":0,"gold_gain":0,"player_choice":"Donut","damage_taken":0,"max_hp_gain":5,"max_hp_loss":0,"event_name":"Big Fish","floor":10,"gold_loss":0}],"is_beta":false,"boss_relics":[],"items_purged_floors":[],"is_endless":false,"potions_floor_spawned":[1,3,4,14],"killed_by":"Slime Boss","ascension_level":20}