{"gold_per_floor":[115,115,134,14,32,361,374,374,374,374,374,374,394,408,408,497,497,521,521,288,288,38,38,38],"floor_reached":24,"playtime":2076,"items_purged":["Writhe"],"score":369,"play_id":"93a1dea9-7b47-45b2-85ea-08d4f29e653a","local_time":"20190507230749","is_ascension_mode":true,"campfire_choices":[{"data":"Rampage","floor":8,"key":"SMITH"},{"data":"Flame Barrier","floor":10,"key":"SMITH"},{"floor":12,"key":"REST"},{"floor":15,"key":"REST"},{"data":"Double Tap","floor":23,"key":"SMITH"}],"neow_cost":"NONE","seed_source_timestamp":261703238264810,"circlet_count":0,"master_deck":["AscendersBane","Strike_R","Strike_R","Strike_R","Strike_R","Defend_R","Defend_R","Defend_R","Defend_R","Bash","Cleave","Twin Strike","Rampage+1","Hemokinesis","Thunderclap","Cleave","Flame Barrier+1","Double Tap+1","Inflame","Fiend Fire","Pommel Strike","Anger","Metallicize","Finesse"],"relics":["Burning Blood","Centennial Puzzle","Old Coin","Ornamental Fan","Golden Idol","Sundial","Pen Nib"],"potions_floor_usage":[7,14,16,24],"damage_taken":[{"damage":12,"enemies":"2 Louse","floor":1,"turns":3},{"damage":1,"enemies":"Cultist","floor":3,"turns":3},{"damage":15,"enemies":"Small Slimes","floor":5,"turns":2},{"damage":33,"enemies":"3 Sentries","floor":6,"turns":7},{"damage":5,"enemies":"3 Louse","floor":7,"turns":2},{"damage":0,"enemies":"2 Fungi Beasts","floor":13,"turns":2},{"damage":12,"enemies":"Blue Slaver","floor":14,"turns":3},{"damage":51,"enemies":"The Guardian","floor":16,"turns":12},{"damage":21,"enemies":"2 Thieves","floor":18,"turns":5},{"damage":62,"enemies":"Slavers","floor":24,"turns":3}],"seed_played":"-3701628351894102089","potions_obtained":[{"floor":3,"key":"Weak Potion"},{"floor":5,"key":"SkillPotion"},{"floor":7,"key":"Regen Potion"},{"floor":18,"key":"BloodPotion"}],"is_trial":false,"path_per_floor":["M","?","M","$","M","E","M","R","T","R","?","R","M","M","R","B",null,"M","?","$","?","$","R","E"],"character_chosen":"IRONCLAD","items_purchased":["Rampage","Hemokinesis","Pen Nib","Anger","Metallicize","Finesse"],"campfire_rested":2,"item_purchase_floors":[4,4,20,22,22,22],"current_hp_per_floor":[62,62,67,67,58,31,32,32,32,32,6,28,34,28,50,20,61,46,46,46,46,46,46,0],"gold":38,"neow_bonus":"RANDOM_COMMON_RELIC","is_prod":false,"is_daily":false,"chose_seed":false,"campfire_upgraded":3,"win_rate":0,"timestamp":1557284869,"path_taken":["M","?","M","$","?","E","M","R","T","R","?","R","M","M","R","BOSS","M","?","$","?","$","R","E"],"build_version":"2019-01-23","purchased_purges":1,"victory":false,"max_hp_per_floor":[75,75,75,75,75,75,75,75,75,75,75,75,75,75,75,75,75,75,75,75,75,75,75,75],"card_choices":[{"not_picked":["Twin Strike","Wild Strike"],"picked":"Cleave","floor":1},{"not_picked":["Sentinel","Perfected Strike"],"picked":"Twin Strike","floor":3},{"not_picked":["Cleave","Dark Embrace"],"picked":"Thunderclap","floor":5},{"not_picked":["Heavy Blade","Anger"],"picked":"Cleave","floor":6},{"not_picked":["True Grit","Thunderclap"],"picked":"Flame Barrier","floor":7},{"not_picked":["Pommel Strike","Twin Strike"],"picked":"Double Tap","floor":13},{"not_picked":["Feel No Pain","Armaments"],"picked":"Inflame","floor":14},{"not_picked":["Barricade","Double Tap"],"picked":"Fiend Fire","floor":16},{"not_picked":["Twin Strike","Searing Blow"],"picked":"Pommel Strike","floor":18}],"player_experience":2579732,"relics_obtained":[{"floor":6,"key":"Old Coin"},{"floor":9,"key":"Ornamental Fan"}],"event_choices":[{"cards_removed":["Strike_R"],"damage_healed":0,"gold_gain":0,"player_choice":"Purged","damage_taken":0,"max_hp_gain":0,"max_hp_loss":0,"event_name":"Purifier","floor":2,"gold_loss":0},{"damage_healed":0,"gold_gain":0,"player_choice":"Take Damage","damage_taken":26,"relics_obtained":["Golden Idol"],"max_hp_gain":0,"max_hp_loss":0,"event_name":"Golden Idol","floor":11,"gold_loss":0},{"damage_healed":0,"gold_gain":0,"player_choice":"Opened","damage_taken":0,"relics_obtained":["Sundial"],"max_hp_gain":0,"max_hp_loss":0,"event_name":"The Mausoleum","floor":19,"gold_loss":0,"cards_obtained":["Writhe"]},{"damage_healed":0,"gold_gain":0,"player_choice":"Ignored","damage_taken":0,"max_hp_gain":0,"max_hp_loss":0,"event_name":"Vampires","floor":21,"gold_loss":0}],"is_beta":false,"boss_relics":[{"not_picked":["Coffee Dripper","Pandora\u0027s Box","Calling Bell"]}],"items_purged_floors":[20],"is_endless":false,"potions_floor_spawned":[3,5,7,13,18],"killed_by":"Slavers","ascension_level":18}