{"gold_per_floor":[113,113,125,139,10,10,38,53,80,155,155,155,167,202,202,297,297,314,314,324,304,321,321,349,349,349,349,349,365,400,420,420,420],"floor_reached":33,"playtime":2465,"items_purged":["Defend_G"],"score":442,"play_id":"91fb4273-1342-4e10-836d-4d6786a1f642","local_time":"20181028132232","is_ascension_mode":true,"campfire_choices":[{"floor":6,"key":"REST"},{"data":"Sucker Punch","floor":12,"key":"SMITH"},{"floor":15,"key":"REST"},{"floor":23,"key":"REST"},{"data":"1","floor":25,"key":"LIFT"},{"floor":27,"key":"REST"},{"floor":32,"key":"REST"}],"neow_cost":"NONE","seed_source_timestamp":265398803221690,"circlet_count":0,"master_deck":["Defend_G+1","Defend_G+1","Strike_G","Strike_G","Strike_G","Strike_G","Survivor+1","Neutralize+1","AscendersBane","Dash+1","Dash","Deadly Poison","Dagger Spray","Bane","Sucker Punch+1","Riddle With Holes","Blur","Dash","After Image+1","Slice+1","Corpse Explosion+1","Sucker Punch+1","Outmaneuver","J.A.X.","Poisoned Stab+1","Deadly Poison+1","Crippling Poison","Catalyst+1","Deflect+1","Terror+1","Malaise+1","Predator+1","PiercingWail+1"],"relics":["Ring of the Snake","Regal Pillow","Dream Catcher","Art of War","War Paint","Astrolabe","Girya","Toxic Egg 2","Blue Candle"],"potions_floor_usage":[16,16,16,30],"damage_taken":[{"damage":4,"enemies":"Small Slimes","floor":1,"turns":4},{"damage":2,"enemies":"Jaw Worm","floor":3,"turns":4},{"damage":0,"enemies":"Cultist","floor":4,"turns":4},{"damage":14,"enemies":"Lagavulin","floor":7,"turns":7},{"damage":0,"enemies":"3 Louse","floor":8,"turns":3},{"damage":0,"enemies":"Large Slime","floor":13,"turns":5},{"damage":13,"enemies":"3 Sentries","floor":14,"turns":8},{"damage":51,"enemies":"Slime Boss","floor":16,"turns":13},{"damage":6,"enemies":"Shell Parasite","floor":18,"turns":7},{"damage":0,"enemies":"Chosen","floor":20,"turns":6},{"damage":17,"enemies":"Snecko","floor":22,"turns":6},{"damage":21,"enemies":"Gremlin Leader","floor":24,"turns":6},{"damage":24,"enemies":"Cultist and Chosen","floor":29,"turns":7},{"damage":27,"enemies":"Book of Stabbing","floor":30,"turns":5},{"damage":15,"enemies":"Centurion and Healer","floor":31,"turns":4},{"damage":46,"enemies":"Collector","floor":33,"turns":5}],"seed_played":"653899537085689785","potions_obtained":[{"floor":3,"key":"EntropicBrew"},{"floor":4,"key":"Fire Potion"},{"floor":21,"key":"Swift Potion"},{"floor":31,"key":"FearPotion"}],"is_trial":false,"path_per_floor":["M","?","M","M","$","R","E","M","T","?","?","R","M","?","R","B",null,"M","?","M","?","M","R","E","R","T","R","?","M","E","M","R"],"character_chosen":"THE_SILENT","items_purchased":["Dagger Spray"],"campfire_rested":5,"item_purchase_floors":[5],"current_hp_per_floor":[59,45,43,43,43,70,56,56,56,45,45,45,45,32,68,17,57,51,51,51,51,34,70,49,49,49,70,70,46,19,4,40,0],"gold":420,"neow_bonus":"RANDOM_COMMON_RELIC","is_prod":false,"is_daily":false,"chose_seed":false,"campfire_upgraded":1,"win_rate":0,"timestamp":1540747352,"path_taken":["M","?","M","M","$","R","E","?","T","?","?","R","?","?","R","BOSS","M","?","M","?","M","R","E","R","T","R","?","M","E","M","R","BOSS"],"build_version":"2018-10-25v2","purchased_purges":1,"victory":false,"max_hp_per_floor":[70,70,70,70,70,70,70,70,70,70,70,70,70,70,70,70,70,70,70,70,70,70,70,70,70,70,70,70,70,70,70,70,70],"card_choices":[{"not_picked":["Sucker Punch","Slice"],"picked":"Dash","floor":1},{"not_picked":["Tactician","Dodge and Roll"],"picked":"Dash","floor":3},{"not_picked":["PiercingWail","Underhanded Strike"],"picked":"Deadly Poison","floor":4},{"not_picked":["Underhanded Strike","Masterful Stab"],"picked":"Bane","floor":7},{"not_picked":["PiercingWail","Caltrops"],"picked":"Sucker Punch","floor":8},{"not_picked":["Dagger Throw","Unload"],"picked":"Riddle With Holes","floor":13},{"not_picked":["Deadly Poison","Dodge and Roll"],"picked":"Blur","floor":14},{"not_picked":["Dodge and Roll","Bane"],"picked":"Dash","floor":15},{"not_picked":["Tools of the Trade","Unload"],"picked":"After Image","floor":16},{"not_picked":["Blade Dance+1","Setup"],"picked":"Outmaneuver","floor":18},{"not_picked":["Sucker Punch","Dagger Throw+1"],"picked":"Poisoned Stab+1","floor":20},{"not_picked":["Eviscerate","Crippling Poison"],"picked":"Deadly Poison+1","floor":22},{"not_picked":["Acrobatics","Backflip"],"picked":"Crippling Poison","floor":23},{"not_picked":["Outmaneuver+1","Dash+1"],"picked":"Catalyst+1","floor":24},{"not_picked":["Quick Slash","Distraction+1"],"picked":"Deflect+1","floor":27},{"not_picked":["Endless Agony+1","Distraction+1"],"picked":"Terror+1","floor":29},{"not_picked":["Slice","Reflex+1"],"picked":"Malaise+1","floor":30},{"not_picked":["Slice","Skewer"],"picked":"Predator+1","floor":31},{"not_picked":["Flying Knee","Eviscerate"],"picked":"PiercingWail+1","floor":32}],"player_experience":1904795,"relics_obtained":[{"floor":7,"key":"Dream Catcher"},{"floor":9,"key":"Art of War"},{"floor":14,"key":"War Paint"},{"floor":24,"key":"Girya"},{"floor":26,"key":"Toxic Egg 2"},{"floor":30,"key":"Blue Candle"}],"event_choices":[{"damage_healed":0,"gold_gain":0,"player_choice":"Entered Light","damage_taken":14,"max_hp_gain":0,"max_hp_loss":0,"event_name":"Shining Light","floor":2,"gold_loss":0,"cards_upgraded":["Defend_G","Dash"]},{"damage_healed":0,"gold_gain":75,"player_choice":"Gather Gold","damage_taken":11,"max_hp_gain":0,"max_hp_loss":0,"event_name":"World of Goop","floor":10,"gold_loss":0},{"damage_healed":0,"gold_gain":0,"player_choice":"Upgraded","damage_taken":0,"max_hp_gain":0,"max_hp_loss":0,"event_name":"Upgrade Shrine","floor":11,"gold_loss":0,"cards_upgraded":["Neutralize"]},{"damage_healed":0,"gold_gain":30,"player_choice":"Searched \u00272\u0027 times","damage_taken":0,"max_hp_gain":0,"max_hp_loss":0,"event_name":"Dead Adventurer","floor":14,"gold_loss":0},{"damage_healed":0,"gold_gain":0,"player_choice":"Obtain J.A.X.","damage_taken":0,"max_hp_gain":0,"max_hp_loss":0,"event_name":"Drug Dealer","floor":19,"gold_loss":0,"cards_obtained":["J.A.X."]},{"damage_healed":0,"gold_gain":0,"player_choice":"Bought 1 Potion","damage_taken":0,"max_hp_gain":0,"max_hp_loss":0,"event_name":"The Woman in Blue","floor":21,"gold_loss":0},{"damage_healed":0,"gold_gain":0,"player_choice":"Upgraded","damage_taken":0,"max_hp_gain":0,"max_hp_loss":0,"event_name":"Upgrade Shrine","floor":28,"gold_loss":0,"cards_upgraded":["After Image"]}],"is_beta":false,"boss_relics":[{"not_picked":["Runic Pyramid","Eternal Feather"],"picked":"Astrolabe"}],"items_purged_floors":[5],"is_endless":false,"potions_floor_spawned":[3,4,13,14,22,24,31],"killed_by":"Collector","ascension_level":11}