{"gold_per_floor":[117,97,110,110,110,110,169,169,169,181,200,200,527,544,544,618,618,628,677,687,687,268,323,323,358,406,406,424,477,496,524,524,598,598,614,614,353,392,392,392,517,366,366,392,405,430,500,23,23,48,73,73,73,16,47,47],"floor_reached":56,"playtime":6591,"items_purged":["Strike_P","Strike_P","Defend_P","Defend_P"],"score":2201,"play_id":"f2ef694a-dd38-4ce5-95aa-ffba6880a5f3","local_time":"20190922180333","is_ascension_mode":true,"campfire_choices":[{"data":"Eruption","floor":6,"key":"SMITH"},{"data":"CrushJoints","floor":12,"key":"SMITH"},{"data":"BattleHymn","floor":15,"key":"SMITH"},{"data":"HandOfGreed","floor":24,"key":"SMITH"},{"data":"BowlingBash","floor":27,"key":"SMITH"},{"floor":32,"key":"REST"},{"data":"SandsOfTime","floor":40,"key":"SMITH"},{"floor":49,"key":"RECALL"},{"floor":53,"key":"DIG"}],"neow_cost":"NONE","seed_source_timestamp":15446614228554,"circlet_count":0,"master_deck":["AscendersBane","Defend_P","Eruption+1","Vigilance","ClearTheMind+1","SashWhip+1","SandsOfTime+1","BattleHymn+1","CrushJoints+1","FollowUp","Vault","Worship+1","Worship","Perseverance","HandOfGreed+1","BowlingBash+1","Crescendo","Sanctity","Vault","Adaptation+1","Devotion+1","EmptyMind+1","Perseverance+1","Sanctity","Protect+1","ThirdEye","Devotion+1","Wallop"],"relics":["PureWater","NeowsBlessing","FossilizedHelix","Pen Nib","White Beast Statue","Ornamental Fan","Old Coin","Velvet Choker","Toy Ornithopter","Bronze Scales","Regal Pillow","InkBottle","Anchor","Frozen Egg 2","Empty Cage","Pocketwatch","ClockworkSouvenir","Shovel","Dodecahedron","Smiling Mask","CloakClasp","Gremlin Horn","Sundial"],"potions_floor_usage":[20,23,25,29,31,33,51,55,56,56],"damage_taken":[{"damage":0,"enemies":"Small Slimes","floor":1,"turns":1},{"damage":0,"enemies":"Cultist","floor":3,"turns":1},{"damage":0,"enemies":"Gremlin Nob","floor":7,"turns":1},{"damage":0,"enemies":"2 Louse","floor":10,"turns":3},{"damage":0,"enemies":"Large Slime","floor":11,"turns":4},{"damage":0,"enemies":"Lagavulin","floor":13,"turns":5},{"damage":0,"enemies":"Red Slaver","floor":14,"turns":4},{"damage":7,"enemies":"Hexaghost","floor":16,"turns":6},{"damage":0,"enemies":"Chosen","floor":18,"turns":3},{"damage":0,"enemies":"2 Thieves","floor":20,"turns":4},{"damage":17,"enemies":"Book of Stabbing","floor":23,"turns":3},{"damage":0,"enemies":"Shelled Parasite and Fungi","floor":25,"turns":2},{"damage":2,"enemies":"Snake Plant","floor":28,"turns":3},{"damage":25,"enemies":"Slavers","floor":29,"turns":4},{"damage":0,"enemies":"Cultist and Chosen","floor":30,"turns":3},{"damage":0,"enemies":"Book of Stabbing","floor":31,"turns":4},{"damage":0,"enemies":"Champ","floor":33,"turns":8},{"damage":0,"enemies":"3 Shapes","floor":35,"turns":3},{"damage":0,"enemies":"Orb Walker","floor":38,"turns":3},{"damage":0,"enemies":"Mind Bloom Boss Battle","floor":41,"turns":3},{"damage":11,"enemies":"Nemesis","floor":44,"turns":5},{"damage":0,"enemies":"Writhing Mass","floor":45,"turns":3},{"damage":0,"enemies":"Reptomancer","floor":46,"turns":5},{"damage":0,"enemies":"Sphere and 2 Shapes","floor":47,"turns":7},{"damage":4,"enemies":"Donu and Deca","floor":50,"turns":9},{"damage":4,"enemies":"Awakened One","floor":51,"turns":19},{"damage":3,"enemies":"Shield and Spear","floor":55,"turns":6},{"damage":65,"enemies":"The Heart","floor":56,"turns":8}],"seed_played":"1594092888850353606","potions_obtained":[{"floor":2,"key":"Block Potion"},{"floor":3,"key":"LiquidBronze"},{"floor":7,"key":"SteroidPotion"},{"floor":20,"key":"Explosive Potion"},{"floor":23,"key":"FearPotion"},{"floor":25,"key":"Fire Potion"},{"floor":29,"key":"Block Potion"},{"floor":31,"key":"BottledMiracle"},{"floor":33,"key":"SteroidPotion"},{"floor":55,"key":"AttackPotion"}],"is_trial":false,"path_per_floor":["M","?","M","?","?","R","?","T","T","M","M","R","E","M","R","B",null,"M","T","M","?","$","E","R","M","T","R","M","E","M","E","R","B",null,"M","T","$","M","?","R","?","$","T","E","M","E","M","$","R","B","B",null,"R","$","E","B"],"character_chosen":"WATCHER","items_purchased":["HandOfGreed","Bronze Scales","ClockworkSouvenir","Sanctity","CloakClasp","Devotion+1","Energy Potion"],"campfire_rested":1,"item_purchase_floors":[22,22,37,42,48,48,54],"current_hp_per_floor":[55,55,55,50,32,32,32,32,32,32,32,32,32,32,32,25,52,52,52,57,57,57,45,45,50,50,50,48,28,28,33,61,61,61,61,61,61,61,58,58,58,58,58,47,47,47,47,47,47,43,44,55,55,55,55,0],"gold":47,"neow_bonus":"THREE_ENEMY_KILL","is_prod":false,"is_daily":false,"chose_seed":false,"campfire_upgraded":6,"win_rate":0,"timestamp":1569132213,"path_taken":["M","?","?","?","?","R","?","?","T","M","M","R","E","M","R","BOSS","M","?","M","?","$","E","R","M","T","R","M","E","?","E","R","BOSS","M","?","$","M","?","R","?","?","T","E","M","E","?","$","R","BOSS","BOSS","R","$","E","BOSS"],"build_version":"2019-09-20","purchased_purges":4,"victory":false,"max_hp_per_floor":[61,61,61,61,61,61,61,61,61,61,61,61,61,61,61,61,61,61,61,61,61,61,61,61,61,61,61,61,61,61,61,61,61,61,61,61,61,61,58,58,58,58,58,58,58,58,58,58,58,58,58,58,58,58,58,58],"card_choices":[{"not_picked":["StepAndStrike","FlyingSleeves"],"picked":"ClearTheMind","floor":1},{"not_picked":["EmptyMind","Crescendo"],"picked":"SashWhip","floor":3},{"not_picked":["Halt","ForeignInfluence"],"picked":"SandsOfTime","floor":7},{"not_picked":["ThirdEye","MentalFortress"],"picked":"BattleHymn","floor":10},{"not_picked":["CutThroughFate","Vengeance"],"picked":"CrushJoints","floor":11},{"not_picked":["ClearTheMind","WreathOfFlame"],"picked":"FollowUp","floor":13},{"not_picked":["FollowUp","SashWhip","Halt"],"picked":"SKIP","floor":14},{"not_picked":["Brilliance","Adaptation"],"picked":"Vault","floor":16},{"not_picked":["EmptyBody+1","Protect"],"picked":"Worship+1","floor":18},{"not_picked":["ClearTheMind","Meditate"],"picked":"Worship","floor":20},{"not_picked":["SashWhip","SpiritShield"],"picked":"BowlingBash","floor":23},{"not_picked":["Consecrate","JustLucky"],"picked":"Crescendo","floor":25},{"not_picked":["InnerPeace","SashWhip","Crescendo+1"],"picked":"SKIP","floor":28},{"not_picked":["WreathOfFlame","SpiritShield"],"picked":"Sanctity","floor":29},{"not_picked":["Consecrate+1","EmptyFist"],"picked":"Vault","floor":30},{"not_picked":["CleanseEvil","CrushJoints","ClearTheMind"],"picked":"SKIP","floor":31},{"not_picked":["CleanseEvil","CrushJoints","ClearTheMind"],"picked":"SKIP","floor":31},{"not_picked":["Unraveling","ReachHeaven"],"picked":"Adaptation+1","floor":33},{"not_picked":["Sanctity","Collect"],"picked":"Devotion+1","floor":35},{"not_picked":["Weave","FlyingSleeves+1"],"picked":"EmptyMind+1","floor":38},{"not_picked":["Evaluate","WreathOfFlame"],"picked":"Perseverance+1","floor":41},{"not_picked":["Halt+1","Weave","Collect"],"picked":"SKIP","floor":44},{"not_picked":["Vengeance+1","Unraveling","Tantrum"],"picked":"SKIP","floor":45},{"not_picked":["Crescendo","InnerPeace"],"picked":"Protect+1","floor":46},{"not_picked":["Scrawl+1","Crescendo+1"],"picked":"ThirdEye","floor":47},{"not_picked":["BattleHymn+1","FlyingSleeves"],"picked":"Wallop","floor":55}],"player_experience":1195210,"relics_obtained":[{"floor":7,"key":"Pen Nib"},{"floor":8,"key":"White Beast Statue"},{"floor":9,"key":"Ornamental Fan"},{"floor":13,"key":"Old Coin"},{"floor":19,"key":"Toy Ornithopter"},{"floor":23,"key":"Regal Pillow"},{"floor":26,"key":"InkBottle"},{"floor":29,"key":"Anchor"},{"floor":31,"key":"Frozen Egg 2"},{"floor":36,"key":"Pocketwatch"},{"floor":41,"key":"Shovel"},{"floor":44,"key":"Dodecahedron"},{"floor":46,"key":"Smiling Mask"},{"floor":53,"key":"Gremlin Horn"},{"floor":55,"key":"Sundial"}],"event_choices":[{"damage_healed":0,"gold_gain":0,"player_choice":"Bought 1 Potion","damage_taken":0,"max_hp_gain":0,"max_hp_loss":0,"event_name":"The Woman in Blue","floor":2,"gold_loss":0},{"damage_healed":0,"gold_gain":0,"player_choice":"Success","damage_taken":5,"relics_obtained":["FossilizedHelix"],"max_hp_gain":0,"max_hp_loss":0,"event_name":"Scrap Ooze","floor":4,"gold_loss":0},{"damage_healed":0,"gold_gain":0,"player_choice":"Entered Light","damage_taken":18,"max_hp_gain":0,"max_hp_loss":0,"event_name":"Shining Light","floor":5,"gold_loss":0,"cards_upgraded":["ClearTheMind","SashWhip"]},{"damage_healed":0,"gold_gain":0,"player_choice":"Searched \u00272\u0027 times","damage_taken":0,"max_hp_gain":0,"max_hp_loss":0,"event_name":"Dead Adventurer","floor":7,"gold_loss":0},{"damage_healed":0,"gold_gain":0,"cards_transformed":["Strike_P"],"player_choice":"Transformed","damage_taken":0,"max_hp_gain":0,"max_hp_loss":0,"event_name":"Transmorgrifier","floor":21,"gold_loss":0,"cards_obtained":["Perseverance"]},{"damage_healed":0,"gold_gain":0,"player_choice":"Max HP","damage_taken":0,"max_hp_gain":0,"max_hp_loss":3,"event_name":"Winding Halls","floor":39,"gold_loss":0},{"damage_healed":0,"gold_gain":0,"player_choice":"Fight","damage_taken":0,"max_hp_gain":0,"max_hp_loss":0,"event_name":"MindBloom","floor":41,"gold_loss":0}],"is_beta":true,"boss_relics":[{"not_picked":["Snecko Eye","Runic Dome"],"picked":"Velvet Choker"},{"not_picked":["Tiny House","VioletLotus"],"picked":"Empty Cage"}],"items_purged_floors":[22,37,42,48],"is_endless":false,"potions_floor_spawned":[3,7,10,11,13,14,16,18,20,23,25,28,29,30,31,33,35,38,41,44,45,46,47,55],"killed_by":"The Heart","ascension_level":20}