{"gold_per_floor":[111,130,130,130,149,179,190,190,190,204,204,219,219,234,234,329,329,347,347,357,375,388,388,407,407,407,417,20,20,20,38,38,38],"floor_reached":33,"playtime":1877,"items_purged":[],"score":253,"play_id":"0df96d53-24a6-4884-a891-c2d93105ce37","local_time":"20181107213610","is_ascension_mode":false,"campfire_choices":[{"data":"Phantasmal Killer","floor":11.0,"key":"SMITH"},{"floor":13.0,"key":"REST"},{"data":"Bane","floor":15.0,"key":"SMITH"},{"floor":23.0,"key":"REST"},{"data":"Adrenaline","floor":25.0,"key":"SMITH"},{"floor":32,"key":"REST"}],"neow_cost":"NONE","seed_source_timestamp":0,"circlet_count":0,"master_deck":["Defend_G","Defend_G","Defend_G","Defend_G","Defend_G","Strike_G","Strike_G","Strike_G","Strike_G","Strike_G","Survivor","Neutralize+1","Masterful Stab","Infinite Blades","Deadly Poison","Phantasmal Killer+1","Flying Knee","Predator","Bane+1","Dash","Adrenaline+1","Crippling Poison","PiercingWail","Backflip","Leg Sweep","Corpse Explosion","Deflect+1","Master of Strategy","Dagger Spray","Impatience","Accuracy","Adrenaline+1","Dagger Spray+1"],"special_seed":0,"relics":["Sozu"],"potions_floor_usage":[],"damage_taken":[{"damage":0.0,"enemies":"2 Louse","floor":1.0,"turns":3.0},{"damage":2.0,"enemies":"Small Slimes","floor":2.0,"turns":2.0},{"damage":1.0,"enemies":"Cultist","floor":5.0,"turns":4.0},{"damage":37.0,"enemies":"Gremlin Nob","floor":6.0,"turns":5.0},{"damage":4.0,"enemies":"Blue Slaver","floor":7.0,"turns":2.0},{"damage":1.0,"enemies":"2 Fungi Beasts","floor":10.0,"turns":3.0},{"damage":9.0,"enemies":"Exordium Thugs","floor":12.0,"turns":4.0},{"damage":5.0,"enemies":"Looter","floor":14.0,"turns":3.0},{"damage":14.0,"enemies":"Hexaghost","floor":16.0,"turns":9.0},{"damage":5.0,"enemies":"3 Byrds","floor":18.0,"turns":5.0},{"damage":0.0,"enemies":"Chosen","floor":20.0,"turns":4.0},{"damage":28.0,"enemies":"Centurion and Healer","floor":21.0,"turns":6.0},{"damage":6.0,"enemies":"Shelled Parasite and Fungi","floor":22.0,"turns":4.0},{"damage":12.0,"enemies":"Snecko","floor":24.0,"turns":5.0},{"damage":10.0,"enemies":"Cultist and Chosen","floor":27.0,"turns":6.0},{"damage":0,"enemies":"3 Cultists","floor":31,"turns":2},{"damage":55,"enemies":"Champ","floor":33,"turns":10}],"seed_played":"2976788260442399525","potions_obtained":[],"is_trial":false,"path_per_floor":["M","M","?","?","M","E","E","M","?","T","M","R","M","R","M","R","B",null,"M","?","M","M","M","R","M","R","T","M","$","$","?","M","R","B"],"character_chosen":"THE_SILENT","items_purchased":["Master of Strategy","Dagger Spray","Impatience","Accuracy"],"campfire_rested":3,"item_purchase_floors":[28,28,28,28],"current_hp_per_floor":[70,68,68,68,67,30,26,49,49,48,48,39,60,55,55,41,70,65,65,65,37,31,52,40,40,40,30,30,30,30,30,51,0],"gold":38,"neow_bonus":"BOSS_RELIC","is_prod":false,"is_daily":false,"chose_seed":false,"campfire_upgraded":3,"win_rate":0,"timestamp":1541644570,"path_taken":["M","M","?","?","?","E","M","?","T","M","R","M","R","M","R","BOSS","M","?","M","M","M","R","M","R","T","M","$","?","?","M","R","BOSS"],"build_version":"2018-11-01","purchased_purges":0,"victory":false,"max_hp_per_floor":[70,70,70,70,70,70,70,70,70,70,70,70,70,70,70,70,70,70,70,70,70,70,70,70,70,70,70,70,70,70,70,70,70],"card_choices":[{"not_picked":["Blade Dance","Dodge and Roll"],"picked":"Masterful Stab","floor":1.0},{"not_picked":["Slice","Dagger Throw"],"picked":"Infinite Blades","floor":2.0},{"not_picked":["Underhanded Strike","Tactician"],"picked":"Deadly Poison","floor":5.0},{"not_picked":["Backflip","Deflect"],"picked":"Phantasmal Killer","floor":6.0},{"not_picked":["Blur","Heel Hook"],"picked":"Flying Knee","floor":7.0},{"not_picked":["Endless Agony","Cloak And Dagger"],"picked":"Predator","floor":10.0},{"not_picked":["Masterful Stab","Dagger Throw"],"picked":"Bane","floor":12.0},{"not_picked":["Dagger Spray","Riddle With Holes"],"picked":"Dash","floor":14.0},{"not_picked":["Tools of the Trade","Unload"],"picked":"Adrenaline","floor":16.0},{"not_picked":["Deflect","Acrobatics+1"],"picked":"Crippling Poison","floor":18.0},{"not_picked":["Prepared","Underhanded Strike"],"picked":"PiercingWail","floor":20.0},{"not_picked":["Well Laid Plans","Underhanded Strike"],"picked":"Backflip","floor":21.0},{"not_picked":["All Out Attack","Bane"],"picked":"Leg Sweep","floor":22.0},{"not_picked":["Caltrops","Acrobatics"],"picked":"Corpse Explosion","floor":24.0},{"not_picked":["Cloak And Dagger","Skewer"],"picked":"Deflect+1","floor":27.0},{"not_picked":["PiercingWail","Poisoned Stab"],"picked":"Dagger Spray+1","floor":31}],"player_experience":1945639,"relics_obtained":[],"event_choices":[{"damage_healed":0.0,"max_hp_gain":0.0,"max_hp_loss":0.0,"gold_gain":0.0,"event_name":"Shining Light","player_choice":"Ignored","floor":3.0,"gold_loss":0.0,"damage_taken":0.0},{"damage_healed":0.0,"max_hp_gain":0.0,"max_hp_loss":0.0,"gold_gain":0.0,"event_name":"Accursed Blacksmith","player_choice":"Forge","floor":4.0,"gold_loss":0.0,"damage_taken":0.0,"cards_upgraded":["Neutralize"]},{"damage_healed":23.0,"max_hp_gain":0.0,"max_hp_loss":0.0,"gold_gain":0.0,"event_name":"Big Fish","player_choice":"Banana","floor":8.0,"gold_loss":0.0,"damage_taken":0.0},{"damage_healed":0.0,"max_hp_gain":0.0,"max_hp_loss":0.0,"gold_gain":0.0,"event_name":"WeMeetAgain","player_choice":"Ignored","floor":19.0,"gold_loss":0.0,"damage_taken":0.0},{"damage_healed":0,"gold_gain":0,"player_choice":"Copied","damage_taken":0,"max_hp_gain":0,"max_hp_loss":0,"event_name":"Duplicator","floor":30,"gold_loss":0,"cards_obtained":["Adrenaline"]}],"is_beta":false,"boss_relics":[{"not_picked":["Pandora\u0027s Box","Runic Pyramid","White Beast Statue"]}],"items_purged_floors":[],"is_endless":false,"potions_floor_spawned":[5,14,16,20,21,22,31],"killed_by":"Champ","ascension_level":0}