{"gold_per_floor":[115,135,155,168,168,199,255,255,255,274,274,274,293,306,306,408,408,423,56,74,84,100,100,125,125,125,125,5,17,17,29,29,29],"floor_reached":33,"playtime":2299,"items_purged":[],"score":296,"play_id":"b32a036f-95f3-4539-a9ec-91452b4c3146","local_time":"20190708141548","is_ascension_mode":false,"campfire_choices":[{"floor":12,"key":"REST"},{"floor":15,"key":"REST"},{"floor":23,"key":"REST"},{"floor":25,"key":"REST"},{"data":"Corpse Explosion","floor":27,"key":"SMITH"},{"floor":32,"key":"REST"}],"neow_cost":"NONE","seed_source_timestamp":885951471214869,"circlet_count":0,"master_deck":["Strike_G","Strike_G","Strike_G","Strike_G","Strike_G","Defend_G","Defend_G","Defend_G","Defend_G","Defend_G","Survivor+1","Neutralize","Slice","Infinite Blades","Deadly Poison","Blur","Bouncing Flask","Dagger Spray","Dagger Spray","Outmaneuver","Blade Dance","Corpse Explosion+1","Slice","Flying Knee","Dagger Spray+1","Bane","Bouncing Flask","Caltrops+1","All Out Attack","Deflect","Bane","Blade Dance","Heel Hook+1","Quick Slash+1","Slice"],"relics":["Ring of the Snake","Mercury Hourglass","Orichalcum","Bottled Flame","WristBlade","Anchor","HandDrill","Dream Catcher","Question Card"],"potions_floor_usage":[6,6,7,20,20,20,20,20,20,31,33],"damage_taken":[{"damage":2,"enemies":"Cultist","floor":1,"turns":4},{"damage":12,"enemies":"Jaw Worm","floor":2,"turns":7},{"damage":0,"enemies":"Small Slimes","floor":3,"turns":4},{"damage":6,"enemies":"3 Louse","floor":4,"turns":3},{"damage":5,"enemies":"Gremlin Nob","floor":6,"turns":4},{"damage":16,"enemies":"Gremlin Nob","floor":7,"turns":4},{"damage":6,"enemies":"Exordium Thugs","floor":10,"turns":4},{"damage":0,"enemies":"Large Slime","floor":13,"turns":5},{"damage":0,"enemies":"Exordium Wildlife","floor":14,"turns":2},{"damage":46,"enemies":"The Guardian","floor":16,"turns":9},{"damage":14,"enemies":"Spheric Guardian","floor":18,"turns":4},{"damage":0,"enemies":"Shell Parasite","floor":20,"turns":3},{"damage":11,"enemies":"Snake Plant","floor":21,"turns":4},{"damage":21,"enemies":"3 Cultists","floor":22,"turns":4},{"damage":4,"enemies":"Gremlin Leader","floor":24,"turns":5},{"damage":0,"enemies":"Cultist and Chosen","floor":29,"turns":3},{"damage":14,"enemies":"Snake Plant","floor":31,"turns":3},{"damage":80,"enemies":"Champ","floor":33,"turns":9}],"seed_played":"8592382895475917233","potions_obtained":[{"floor":2,"key":"EssenceOfSteel"},{"floor":4,"key":"Strength Potion"},{"floor":6,"key":"LiquidBronze"},{"floor":14,"key":"EssenceOfSteel"},{"floor":16,"key":"EntropicBrew"},{"floor":18,"key":"SneckoOil"},{"floor":22,"key":"EssenceOfSteel"},{"floor":31,"key":"GhostInAJar"}],"is_trial":false,"path_per_floor":["M","M","M","M","?","E","?","?","T","M","?","R","M","M","R","B",null,"M","$","M","M","M","R","E","R","T","R","$","M","?","M","R","B"],"character_chosen":"THE_SILENT","items_purchased":["Anchor","HandDrill","Flying Knee","Deflect","Bane","Blade Dance"],"campfire_rested":5,"item_purchase_floors":[19,19,19,28,28,28],"current_hp_per_floor":[68,56,56,50,50,45,29,29,29,23,23,44,44,44,65,19,70,56,56,66,55,34,55,51,70,70,70,70,70,70,56,70,0],"gold":29,"neow_bonus":"UPGRADE_CARD","is_prod":false,"is_daily":false,"chose_seed":false,"campfire_upgraded":1,"win_rate":0.0,"timestamp":1562606148,"path_taken":["M","M","M","M","?","E","?","?","T","M","?","R","M","M","R","BOSS","M","$","M","M","M","R","E","R","T","R","$","M","?","M","R","BOSS"],"build_version":"2019-07-05","purchased_purges":0,"victory":false,"max_hp_per_floor":[70,70,70,70,70,70,70,70,70,70,70,70,70,70,70,70,70,70,70,70,70,70,70,70,70,70,70,70,70,70,70,70,70],"card_choices":[{"not_picked":["Dodge and Roll","Deflect"],"picked":"Slice","floor":1},{"not_picked":["Outmaneuver","Poisoned Stab"],"picked":"Infinite Blades","floor":2},{"not_picked":["Expertise","Bane"],"picked":"Deadly Poison","floor":3},{"not_picked":["Tactician","Reflex"],"picked":"Blur","floor":4},{"not_picked":["Adrenaline","Dash"],"picked":"Bouncing Flask","floor":6},{"not_picked":["Poisoned Stab","Skewer"],"picked":"Dagger Spray","floor":7},{"not_picked":["Leg Sweep","Riddle With Holes"],"picked":"Dagger Spray","floor":10},{"not_picked":["Well Laid Plans","Choke"],"picked":"Outmaneuver","floor":13},{"not_picked":["Underhanded Strike","Riddle With Holes"],"picked":"Blade Dance","floor":14},{"not_picked":["Bullet Time","Phantasmal Killer"],"picked":"Corpse Explosion","floor":16},{"not_picked":["Acrobatics","PiercingWail"],"picked":"Slice","floor":18},{"not_picked":["Cloak And Dagger","Caltrops+1"],"picked":"Dagger Spray+1","floor":20},{"not_picked":["Underhanded Strike+1","Dagger Throw"],"picked":"Bane","floor":21},{"not_picked":["Prepared","Underhanded Strike"],"picked":"Bouncing Flask","floor":22},{"not_picked":["Night Terror","Poisoned Stab"],"picked":"Caltrops+1","floor":24},{"not_picked":["Cloak And Dagger","Quick Slash+1"],"picked":"All Out Attack","floor":25},{"not_picked":["Acrobatics","Dodge and Roll","Skewer"],"picked":"Heel Hook+1","floor":29},{"not_picked":["Expertise+1","PiercingWail","Wraith Form v2"],"picked":"Quick Slash+1","floor":31},{"not_picked":["Bane","Flying Knee","Sucker Punch"],"picked":"Slice","floor":32}],"player_experience":110200,"relics_obtained":[{"floor":6,"key":"Mercury Hourglass"},{"floor":9,"key":"Bottled Flame"},{"floor":24,"key":"Dream Catcher"},{"floor":26,"key":"Question Card"}],"event_choices":[{"damage_healed":0,"gold_gain":0,"player_choice":"Ignored","damage_taken":0,"max_hp_gain":0,"max_hp_loss":0,"event_name":"Liars Game","floor":5,"gold_loss":0},{"damage_healed":0,"gold_gain":0,"player_choice":"Searched \u00272\u0027 times","damage_taken":0,"relics_obtained":["Orichalcum"],"max_hp_gain":0,"max_hp_loss":0,"event_name":"Dead Adventurer","floor":7,"gold_loss":0},{"damage_healed":0,"gold_gain":0,"player_choice":"Ignored","damage_taken":0,"max_hp_gain":0,"max_hp_loss":0,"event_name":"Golden Idol","floor":8,"gold_loss":0},{"damage_healed":0,"gold_gain":0,"player_choice":"Ignored","damage_taken":0,"max_hp_gain":0,"max_hp_loss":0,"event_name":"Golden Wing","floor":11,"gold_loss":0},{"damage_healed":0,"gold_gain":0,"player_choice":"Ignored","damage_taken":0,"max_hp_gain":0,"max_hp_loss":0,"event_name":"Ghosts","floor":30,"gold_loss":0}],"is_beta":false,"boss_relics":[{"not_picked":["Runic Dome","White Beast Statue"],"picked":"WristBlade"}],"items_purged_floors":[],"is_endless":false,"potions_floor_spawned":[2,4,6,14,16,18,22,31],"killed_by":"Champ","ascension_level":0}