{"gold_per_floor":[15,29,46,59,59,59,90,90,140,171,246,279,204,231,231,308,308,320,333,313,228,21,50,50,0,27,57,57,87,116,140,140,215,215,234,254,254,264,264,291,291,291,369,386,398,197,197,29,29,29,29],"floor_reached":51,"playtime":8152,"items_purged":["Defend_P","Strike_P","Strike_P+1","Strike_P+1"],"score":1464,"play_id":"c8b1758b-823b-4409-b97d-131b01ae94de","local_time":"20191023230113","is_ascension_mode":true,"campfire_choices":[{"data":"Eruption","floor":6.0,"key":"SMITH"},{"data":"Adaptation","floor":8.0,"key":"SMITH"},{"data":"Tantrum","floor":15.0,"key":"SMITH"},{"data":"Scrawl","floor":24.0,"key":"SMITH"},{"floor":32.0,"key":"REST"},{"data":"SpiritShield","floor":41.0,"key":"SMITH"},{"floor":47.0,"key":"REST"},{"floor":49.0,"key":"RECALL"}],"neow_cost":"NO_GOLD","seed_source_timestamp":0,"circlet_count":0,"master_deck":["AscendersBane","Defend_P","Defend_P+1","Defend_P+1","Eruption+1","Vigilance","FearNoEvil+1","ThirdEye+1","Tantrum+1","Adaptation+1","SandsOfTime","EmptyBody+1","Meditate+1","Crescendo","EmptyFist+1","DeusExMachina","BowlingBash","EmptyMind+1","Evaluate+1","Scrawl+1","LessonLearned","Scrawl+1","FearNoEvil","DevaForm+1","SpiritShield+1","DeusExMachina","Fasting2+1","Tantrum+1","ConjureBlade","Fasting2"],"special_seed":0,"relics":["PureWater","Prayer Wheel","Gremlin Horn","Smiling Mask","Art of War","Juzu Bracelet","Letter Opener","VioletLotus","Darkstone Periapt","Bag of Marbles","Pen Nib","Boot","Vajra","Red Mask","Toy Ornithopter","Runic Pyramid","Strawberry"],"potions_floor_usage":[50,50],"damage_taken":[{"damage":2.0,"enemies":"Jaw Worm","floor":1.0,"turns":4.0},{"damage":2.0,"enemies":"2 Louse","floor":2.0,"turns":3.0},{"damage":0.0,"enemies":"Cultist","floor":3.0,"turns":2.0},{"damage":3.0,"enemies":"Exordium Wildlife","floor":4.0,"turns":2.0},{"damage":3.0,"enemies":"Gremlin Nob","floor":7.0,"turns":3.0},{"damage":5.0,"enemies":"3 Sentries","floor":10.0,"turns":3.0},{"damage":1.0,"enemies":"Lagavulin","floor":12.0,"turns":5.0},{"damage":10.0,"enemies":"3 Sentries","floor":14.0,"turns":4.0},{"damage":15.0,"enemies":"Hexaghost","floor":16.0,"turns":7.0},{"damage":0.0,"enemies":"Spheric Guardian","floor":18.0,"turns":3.0},{"damage":9.0,"enemies":"2 Thieves","floor":19.0,"turns":2.0},{"damage":4.0,"enemies":"Book of Stabbing","floor":23.0,"turns":4.0},{"damage":6.0,"enemies":"Slavers","floor":27.0,"turns":4.0},{"damage":2.0,"enemies":"Book of Stabbing","floor":29.0,"turns":3.0},{"damage":0.0,"enemies":"Masked Bandits","floor":30.0,"turns":1.0},{"damage":46.0,"enemies":"Collector","floor":33.0,"turns":8.0},{"damage":3.0,"enemies":"Orb Walker","floor":35.0,"turns":2.0},{"damage":16.0,"enemies":"3 Darklings","floor":36.0,"turns":3.0},{"damage":3.0,"enemies":"Writhing Mass","floor":38.0,"turns":4.0},{"damage":5.0,"enemies":"Reptomancer","floor":40.0,"turns":2.0},{"damage":1.0,"enemies":"Maw","floor":44.0,"turns":4.0},{"damage":19.0,"enemies":"4 Shapes","floor":45.0,"turns":12.0},{"damage":22,"enemies":"Donu and Deca","floor":50,"turns":6},{"damage":52,"enemies":"Time Eater","floor":51,"turns":7}],"seed_played":"965129441356393119","potions_obtained":[{"floor":2.0,"key":"DuplicationPotion"},{"floor":7.0,"key":"Fire Potion"},{"floor":10.0,"key":"Block Potion"},{"floor":19.0,"key":"StancePotion"},{"floor":36.0,"key":"SpeedPotion"},{"floor":45.0,"key":"SmokeBomb"}],"is_trial":false,"path_per_floor":["M","M","M","M","?","R","E","R","T","E","?","E","?","E","R","B",null,"M","M","?","?","$","E","R","$","T","E","?","E","?","T","R","B",null,"M","M","?","M","?","E","R","?","T","M","M","$","R","$","R","B","B"],"character_chosen":"WATCHER","items_purchased":["LessonLearned","ConjureBlade","Fasting2","Regen Potion"],"campfire_rested":2,"item_purchase_floors":[22,46,48,48],"current_hp_per_floor":[59,57,57,54,59,59,56,56,56,51,40,39,39,29,29,14,58,58,49,49,49,49,45,45,45,45,39,39,37,37,37,58,12,58,55,39,39,36,36,38,38,38,38,37,18,18,40,40,40,43,0],"gold":29,"neow_bonus":"ONE_RARE_RELIC","is_prod":false,"is_daily":false,"chose_seed":false,"campfire_upgraded":5,"win_rate":0,"timestamp":1571824873,"path_taken":["M","M","M","M","?","R","E","R","T","E","?","E","?","E","R","BOSS","M","M","?","?","$","E","R","$","T","E","?","E","?","?","R","BOSS","M","M","?","M","?","E","R","?","T","M","M","$","R","$","R","BOSS","BOSS"],"build_version":"2019-10-22","purchased_purges":4,"victory":false,"max_hp_per_floor":[68,68,68,68,73,73,73,73,73,73,73,73,73,73,73,73,73,73,73,73,73,73,73,73,73,73,73,73,73,73,73,73,73,73,73,73,73,73,73,80,80,76,76,76,76,76,76,76,76,76,76],"card_choices":[{"not_picked":["EmptyFist","CutThroughFate"],"picked":"FearNoEvil","floor":1.0},{"not_picked":["ClearTheMind","Prostrate"],"picked":"ThirdEye","floor":1.0},{"not_picked":["ClearTheMind","EmptyFist"],"picked":"Tantrum","floor":2.0},{"not_picked":["ThirdEye","FlyingSleeves"],"picked":"Adaptation","floor":2.0},{"not_picked":["EmptyBody","EmptyFist"],"picked":"SandsOfTime","floor":3.0},{"not_picked":["Evaluate","WheelKick"],"picked":"EmptyBody","floor":3.0},{"not_picked":["Worship","FlurryOfBlows"],"picked":"Meditate","floor":4.0},{"not_picked":["FollowUp","Protect","Evaluate"],"picked":"SKIP","floor":4.0},{"not_picked":["ClearTheMind","SignatureMove"],"picked":"Crescendo","floor":7.0},{"not_picked":["Crescendo","Protect","PathToVictory"],"picked":"SKIP","floor":10.0},{"not_picked":["Swivel","Perseverance","DeceiveReality"],"picked":"SKIP","floor":12.0},{"not_picked":["PathToVictory","Perseverance"],"picked":"EmptyFist","floor":14.0},{"not_picked":["Alpha","Judgement"],"picked":"DeusExMachina","floor":16.0},{"not_picked":["ThirdEye","Consecrate"],"picked":"BowlingBash","floor":18.0},{"not_picked":["Evaluate","PathToVictory"],"picked":"EmptyMind","floor":18.0},{"not_picked":["Prostrate+1","Protect"],"picked":"Evaluate+1","floor":19.0},{"not_picked":["Worship","Establishment"],"picked":"Scrawl","floor":19.0},{"not_picked":["EmptyBody","Evaluate","PathToVictory"],"picked":"SKIP","floor":23.0},{"not_picked":["Study","Swivel"],"picked":"Scrawl","floor":27.0},{"not_picked":["EmptyMind","CarveReality","SignatureMove"],"picked":"SKIP","floor":29.0},{"not_picked":["EmptyMind","CarveReality"],"picked":"SignatureMove","floor":29.0},{"not_picked":["SashWhip","Indignation"],"picked":"FearNoEvil","floor":30.0},{"not_picked":["Devotion","Alpha"],"picked":"DevaForm","floor":33.0},{"not_picked":["Study","Consecrate"],"picked":"SpiritShield","floor":35.0},{"not_picked":["FlyingSleeves","SashWhip","CutThroughFate"],"picked":"SKIP","floor":35.0},{"not_picked":["PathToVictory","CutThroughFate"],"picked":"DeusExMachina","floor":36.0},{"not_picked":["Pray","Prostrate","FollowUp"],"picked":"SKIP","floor":36.0},{"not_picked":["SashWhip","InnerPeace"],"picked":"Fasting2+1","floor":38.0},{"not_picked":["SignatureMove+1","Prostrate"],"picked":"Tantrum+1","floor":38.0},{"not_picked":["Evaluate","LikeWater","PathToVictory"],"picked":"SKIP","floor":40.0},{"not_picked":["FlyingSleeves","EmptyBody+1","PathToVictory"],"picked":"SKIP","floor":44.0},{"not_picked":["Prostrate","JustLucky","SignatureMove"],"picked":"SKIP","floor":44.0},{"not_picked":["PathToVictory+1","BowlingBash","CarveReality"],"picked":"SKIP","floor":45.0},{"not_picked":["Evaluate","Weave","Prostrate"],"picked":"SKIP","floor":45.0}],"player_experience":1732943,"relics_obtained":[{"floor":7.0,"key":"Gremlin Horn"},{"floor":9.0,"key":"Smiling Mask"},{"floor":10.0,"key":"Art of War"},{"floor":12.0,"key":"Juzu Bracelet"},{"floor":14.0,"key":"Letter Opener"},{"floor":23.0,"key":"Bag of Marbles"},{"floor":26.0,"key":"Pen Nib"},{"floor":27.0,"key":"Boot"},{"floor":29.0,"key":"Vajra"},{"floor":30.0,"key":"Red Mask"},{"floor":31.0,"key":"Toy Ornithopter"},{"floor":40.0,"key":"Strawberry"}],"event_choices":[{"damage_healed":0.0,"max_hp_gain":5.0,"max_hp_loss":0.0,"gold_gain":0.0,"event_name":"Big Fish","player_choice":"Donut","floor":5.0,"gold_loss":0.0,"damage_taken":0.0},{"damage_healed":0.0,"max_hp_gain":0.0,"max_hp_loss":0.0,"gold_gain":75.0,"event_name":"World of Goop","player_choice":"Gather Gold","floor":11.0,"gold_loss":0.0,"damage_taken":11.0},{"cards_removed":["Strike_P"],"damage_healed":0.0,"max_hp_gain":0.0,"max_hp_loss":0.0,"gold_gain":0.0,"event_name":"The Cleric","player_choice":"Card Removal","floor":13.0,"gold_loss":75.0,"damage_taken":0.0},{"damage_healed":0.0,"max_hp_gain":0.0,"max_hp_loss":0.0,"gold_gain":0.0,"event_name":"The Woman in Blue","player_choice":"Bought 1 Potion","floor":20.0,"gold_loss":0.0,"damage_taken":0.0},{"damage_healed":0.0,"max_hp_gain":0.0,"max_hp_loss":0.0,"gold_gain":0.0,"event_name":"Addict","player_choice":"Obtained Relic","floor":21.0,"gold_loss":85.0,"damage_taken":0.0,"relics_obtained":["Darkstone Periapt"]},{"damage_healed":0.0,"max_hp_gain":0.0,"max_hp_loss":0.0,"gold_gain":0.0,"event_name":"Ghosts","player_choice":"Ignored","floor":28.0,"gold_loss":0.0,"damage_taken":0.0},{"damage_healed":0.0,"max_hp_gain":0.0,"max_hp_loss":0.0,"gold_gain":0.0,"event_name":"Masked Bandits","player_choice":"Fought Bandits","floor":30.0,"gold_loss":0.0,"damage_taken":0.0},{"damage_healed":0.0,"max_hp_gain":0.0,"max_hp_loss":0.0,"gold_gain":0.0,"event_name":"Mysterious Sphere","player_choice":"Ignored","floor":37.0,"gold_loss":0.0,"damage_taken":0.0},{"cards_removed":["SignatureMove"],"damage_healed":0.0,"max_hp_gain":0.0,"max_hp_loss":0.0,"gold_gain":0.0,"event_name":"Falling","player_choice":"Removed Attack","floor":39.0,"gold_loss":0.0,"damage_taken":0.0},{"damage_healed":0.0,"max_hp_gain":0.0,"max_hp_loss":4.0,"gold_gain":0.0,"event_name":"Winding Halls","player_choice":"Max HP","floor":42.0,"gold_loss":0.0,"damage_taken":0.0}],"is_beta":true,"boss_relics":[{"not_picked":["SacredBark","Black Star"],"picked":"VioletLotus"},{"not_picked":["Snecko Eye","Velvet Choker"],"picked":"Runic Pyramid"}],"items_purged_floors":[22,25,46,48],"is_endless":false,"potions_floor_spawned":[2,7,10,12,19,23,27,36,45],"killed_by":"Time Eater","ascension_level":20}