{"gold_per_floor":[116,128,143,162,175,205,205,230,230,256,256,331,79,79,79,172,172,193,206,406,427,63,63,99,114,189,203,203,221,221,146,146,240,240,264,280,298,319,33,72,72,92,92,148,0,333,333,0,0,0],"floor_reached":51,"playtime":4769,"items_purged":["Strike_B","Zap"],"score":1330,"play_id":"e585e0fa-8d0b-44b9-a02c-667a7866c219","local_time":"20190424214610","is_ascension_mode":true,"campfire_choices":[{"floor":7.0,"key":"REST"},{"data":"Dualcast","floor":11.0,"key":"SMITH"},{"floor":15.0,"key":"REST"},{"floor":23.0,"key":"REST"},{"floor":28.0,"key":"REST"},{"data":"Seek","floor":32.0,"key":"SMITH"},{"data":"Hologram","floor":41.0,"key":"SMITH"},{"data":"1","floor":47,"key":"LIFT"},{"floor":49,"key":"REST"}],"neow_cost":"NONE","seed_source_timestamp":379606186608242,"circlet_count":0,"master_deck":["AscendersBane","Dualcast+1","Conserve Battery","Steam","Rebound","Rip and Tear","Melter","Ball Lightning","Hologram+1","Doom and Gloom","Core Surge","Static Discharge","Seek+1","Defragment","White Noise","Biased Cognition","Blizzard","Core Surge","Chill","Conserve Battery","Leap+1","Steam","Capacitor","Cold Snap","Sweeping Beam","Glacier+1","Self Repair+1","Defragment+1","Biased Cognition+1","Loop+1","Go for the Eyes","Cold Snap+1","Chill","Compile Driver","Parasite","Machine Learning+1","BootSequence","Apotheosis","Static Discharge+1","Conserve Battery"],"special_seed":0,"relics":["Cracked Core","Meat on the Bone","Symbiotic Virus","Singing Bowl","Anchor","Pandora\u0027s Box","Membership Card","Frozen Egg 2","Sundial","Velvet Choker","Happy Flower","Letter Opener","Kunai","Ornamental Fan","Girya","Red Mask","ClockworkSouvenir","Strawberry"],"potions_floor_usage":[50],"damage_taken":[{"damage":16.0,"enemies":"Small Slimes","floor":1.0,"turns":3.0},{"damage":2.0,"enemies":"2 Louse","floor":2.0,"turns":3.0},{"damage":1.0,"enemies":"Cultist","floor":3.0,"turns":3.0},{"damage":5.0,"enemies":"2 Fungi Beasts","floor":4.0,"turns":3.0},{"damage":2.0,"enemies":"Looter","floor":5.0,"turns":3.0},{"damage":21.0,"enemies":"3 Sentries","floor":6.0,"turns":7.0},{"damage":17.0,"enemies":"Lagavulin","floor":8.0,"turns":5.0},{"damage":8.0,"enemies":"3 Sentries","floor":10.0,"turns":5.0},{"damage":20.0,"enemies":"Hexaghost","floor":16.0,"turns":8.0},{"damage":12.0,"enemies":"Shell Parasite","floor":18.0,"turns":4.0},{"damage":14.0,"enemies":"Chosen","floor":19.0,"turns":4.0},{"damage":16.0,"enemies":"Snake Plant","floor":21.0,"turns":3.0},{"damage":28.0,"enemies":"Book of Stabbing","floor":24.0,"turns":6.0},{"damage":21.0,"enemies":"Snecko","floor":25.0,"turns":5.0},{"damage":19.0,"enemies":"Centurion and Healer","floor":27.0,"turns":6.0},{"damage":19.0,"enemies":"Shelled Parasite and Fungi","floor":29.0,"turns":6.0},{"damage":13.0,"enemies":"Champ","floor":33.0,"turns":11.0},{"damage":0.0,"enemies":"3 Darklings","floor":35.0,"turns":7.0},{"damage":6.0,"enemies":"Orb Walker","floor":36.0,"turns":4.0},{"damage":0.0,"enemies":"4 Shapes","floor":37.0,"turns":7.0},{"damage":10.0,"enemies":"Transient","floor":38.0,"turns":6.0},{"damage":25.0,"enemies":"Nemesis","floor":40.0,"turns":5.0},{"damage":0,"enemies":"Writhing Mass","floor":42,"turns":3},{"damage":38,"enemies":"2 Orb Walkers","floor":44,"turns":6},{"damage":16,"enemies":"Donu and Deca","floor":50,"turns":9}],"seed_played":"-8177384238690953557","potions_obtained":[{"floor":0.0,"key":"EssenceOfSteel"},{"floor":0.0,"key":"Strength Potion"},{"floor":6.0,"key":"EssenceOfSteel"},{"floor":8.0,"key":"LiquidBronze"},{"floor":19.0,"key":"PowerPotion"},{"floor":21.0,"key":"Energy Potion"},{"floor":29.0,"key":"FocusPotion"},{"floor":33.0,"key":"Regen Potion"},{"floor":37.0,"key":"Fruit Juice"},{"floor":38.0,"key":"Dexterity Potion"}],"is_trial":false,"path_per_floor":["M","M","M","M","M","E","R","E","T","E","R","?","$","?","R","B",null,"M","M","?","M","$","R","E","M","T","M","R","M","?","?","R","B",null,"M","M","M","M","$","E","R","M","T","?","?","?","R","$","R","B",null],"character_chosen":"DEFECT","items_purchased":["Core Surge","Static Discharge","Membership Card","Capacitor","Cold Snap","Sweeping Beam","Happy Flower","Chill","Letter Opener","Compile Driver","Apotheosis","Static Discharge+1","ClockworkSouvenir","Strawberry","Conserve Battery"],"campfire_rested":5,"item_purchase_floors":[13,13,22,22,22,22,39,39,39,39,48,48,48,48,48],"current_hp_per_floor":[48,46,45,40,38,17,38,33,33,37,37,26,26,26,45,37,57,45,43,43,39,39,58,44,35,35,28,47,50,50,50,50,47,61,68,68,73,73,73,60,60,60,60,44,44,44,44,51,75,69],"gold":0,"neow_bonus":"THREE_SMALL_POTIONS","is_prod":false,"is_daily":false,"chose_seed":false,"campfire_upgraded":3,"win_rate":0,"timestamp":1556156770,"path_taken":["M","M","M","M","M","E","R","E","T","E","R","?","$","?","R","BOSS","M","M","?","M","$","R","E","?","T","M","R","M","?","?","R","BOSS","M","M","M","M","$","E","R","M","T","?","?","?","R","?","R","BOSS"],"build_version":"2019-01-23","purchased_purges":2,"victory":true,"max_hp_per_floor":[71,71,71,71,71,71,71,71,71,71,71,71,71,64,64,64,64,64,64,64,64,64,64,66,66,66,66,66,66,66,66,66,66,66,68,68,73,73,73,75,75,75,75,75,75,75,75,82,82,82],"card_choices":[{"not_picked":["Barrage","Compile Driver"],"picked":"Conserve Battery","floor":1.0},{"not_picked":["Leap","Reprogram"],"picked":"Steam","floor":2.0},{"not_picked":["Redo","Consume"],"picked":"Rebound","floor":3.0},{"not_picked":["Hologram","White Noise"],"picked":"Rip and Tear","floor":4.0},{"not_picked":["Coolheaded","Steam"],"picked":"Melter","floor":5.0},{"not_picked":["Rebound","Steam"],"picked":"Ball Lightning","floor":6.0},{"not_picked":["Blizzard","Rebound"],"picked":"Hologram","floor":8.0},{"not_picked":["Sunder","Double Energy"],"picked":"Doom and Gloom","floor":10.0},{"not_picked":["Machine Learning","Reboot"],"picked":"Seek","floor":16.0},{"not_picked":["Beam Cell","Redo"],"picked":"Conserve Battery","floor":18.0},{"not_picked":["Turbo","Beam Cell"],"picked":"Leap+1","floor":19.0},{"not_picked":["Streamline","Hyperbeam"],"picked":"Steam","floor":21.0},{"not_picked":["Streamline+1","Heatsinks","Capacitor"],"picked":"Singing Bowl","floor":24.0},{"not_picked":["Coolheaded","Stack"],"picked":"Glacier+1","floor":25.0},{"not_picked":["FTL","Coolheaded"],"picked":"Self Repair+1","floor":27.0},{"not_picked":["Cold Snap","Streamline"],"picked":"Defragment+1","floor":29.0},{"not_picked":["Thunder Strike","Hyperbeam"],"picked":"Biased Cognition+1","floor":33.0},{"not_picked":["Lockon+1","Self Repair+1","Melter+1"],"picked":"Singing Bowl","floor":35.0},{"not_picked":["Streamline","Recycle"],"picked":"Loop+1","floor":36.0},{"not_picked":["Darkness+1","Sweeping Beam"],"picked":"Go for the Eyes","floor":37.0},{"not_picked":["Rip and Tear","Aggregate"],"picked":"Cold Snap+1","floor":38.0},{"not_picked":["Undo+1","Fusion","Leap"],"picked":"Singing Bowl","floor":40.0},{"not_picked":["Gash","Rebound"],"picked":"Machine Learning+1","floor":42},{"not_picked":["Turbo","Skim"],"picked":"BootSequence","floor":44}],"player_experience":2524593,"relics_obtained":[{"floor":6.0,"key":"Meat on the Bone"},{"floor":8.0,"key":"Symbiotic Virus"},{"floor":9.0,"key":"Singing Bowl"},{"floor":10.0,"key":"Anchor"},{"floor":24.0,"key":"Frozen Egg 2"},{"floor":26.0,"key":"Sundial"},{"floor":40.0,"key":"Kunai"},{"floor":43,"key":"Ornamental Fan"},{"floor":44,"key":"Girya"}],"event_choices":[{"damage_healed":0.0,"max_hp_gain":0.0,"max_hp_loss":0.0,"gold_gain":75.0,"event_name":"World of Goop","player_choice":"Gather Gold","floor":12.0,"gold_loss":0.0,"damage_taken":11.0},{"damage_healed":0.0,"max_hp_gain":0.0,"max_hp_loss":7.0,"gold_gain":0.0,"event_name":"Golden Idol","player_choice":"Lose Max HP","floor":14.0,"gold_loss":0.0,"damage_taken":0.0,"relics_obtained":["Golden Idol"]},{"damage_healed":0.0,"max_hp_gain":0.0,"max_hp_loss":0.0,"gold_gain":200.0,"event_name":"Wheel of Change","player_choice":"Gold","floor":20.0,"gold_loss":0.0,"damage_taken":0.0},{"damage_healed":0.0,"max_hp_gain":0.0,"max_hp_loss":0.0,"gold_gain":0.0,"event_name":"Ghosts","player_choice":"Ignored","floor":30.0,"gold_loss":0.0,"damage_taken":0.0},{"cards_removed":["Gash"],"damage_healed":0.0,"max_hp_gain":0.0,"max_hp_loss":0.0,"gold_gain":0.0,"event_name":"Beggar","player_choice":"Gave Gold","floor":31.0,"gold_loss":75.0,"damage_taken":0.0},{"damage_healed":0,"gold_gain":0,"player_choice":"Fight","damage_taken":0,"max_hp_gain":0,"max_hp_loss":0,"event_name":"Mysterious Sphere","floor":44,"gold_loss":0},{"damage_healed":0,"gold_gain":0,"player_choice":"Paid","damage_taken":0,"relics_obtained":["Red Mask"],"max_hp_gain":0,"max_hp_loss":0,"event_name":"Tomb of Lord Red Mask","floor":45,"gold_loss":148},{"damage_healed":0,"gold_gain":333,"player_choice":"Gave Idol","damage_taken":0,"max_hp_gain":0,"max_hp_loss":0,"event_name":"The Moai Head","floor":46,"relics_lost":["Golden Idol"],"gold_loss":0}],"is_beta":false,"boss_relics":[{"not_picked":["Philosopher\u0027s Stone","Busted Crown"],"picked":"Pandora\u0027s Box"},{"not_picked":["Eternal Feather","Cursed Key"],"picked":"Velvet Choker"}],"items_purged_floors":[13,22],"is_endless":false,"potions_floor_spawned":[2,6,8,19,21,29,33,37,38,40],"ascension_level":17}