{"gold_per_floor":[114,128,148,167,184,198,217,217,267,295,309,309,26,46,46,149,149,163,180,196,215,215,215,215,215,215,235,50,63,63,27,27,27],"floor_reached":33,"playtime":3039,"items_purged":[],"score":255,"play_id":"8f4115df-3201-4b8d-ae2b-a9f19c03032e","local_time":"20190630190325","is_ascension_mode":false,"campfire_choices":[{"data":"Carnage","floor":8,"key":"SMITH"},{"floor":15,"key":"REST"},{"floor":23,"key":"REST"},{"floor":25,"key":"REST"},{"floor":32,"key":"REST"}],"neow_cost":"NONE","seed_source_timestamp":682087094652600,"circlet_count":0,"master_deck":["Strike_R","Strike_R","Defend_R","Defend_R","Defend_R","Defend_R","Bash","Power Through","Carnage+1","Perfected Strike","Searing Blow","Headbutt","Heavy Blade","Evolve","Reckless Charge","Infernal Blade","Uppercut","Disarm","Immolate","Fire Breathing","Wild Strike","Iron Wave+1","Shrug It Off","Power Through","Metallicize","Thunderclap","Headbutt","Impervious","Armaments","Shockwave","Perfected Strike","Whirlwind"],"relics":["Burning Blood","Happy Flower","Pen Nib","Bottled Lightning","Lizard Tail","Self Forming Clay"],"potions_floor_usage":[5,5,7,7,7,16,16,16,21,33],"damage_taken":[{"damage":5,"enemies":"Cultist","floor":1,"turns":5},{"damage":0,"enemies":"Jaw Worm","floor":2,"turns":2},{"damage":0,"enemies":"2 Louse","floor":3,"turns":4},{"damage":1,"enemies":"2 Fungi Beasts","floor":4,"turns":4},{"damage":12,"enemies":"Exordium Thugs","floor":5,"turns":4},{"damage":13,"enemies":"Exordium Wildlife","floor":6,"turns":6},{"damage":0,"enemies":"Looter","floor":7,"turns":1},{"damage":26,"enemies":"Gremlin Nob","floor":10,"turns":4},{"damage":8,"enemies":"Red Slaver","floor":11,"turns":4},{"damage":2,"enemies":"3 Louse","floor":14,"turns":2},{"damage":39,"enemies":"The Guardian","floor":16,"turns":12},{"damage":6,"enemies":"Chosen","floor":18,"turns":3},{"damage":33,"enemies":"Shell Parasite","floor":19,"turns":7},{"damage":47,"enemies":"Centurion and Healer","floor":20,"turns":7},{"damage":6,"enemies":"Cultist and Chosen","floor":21,"turns":4},{"damage":22,"enemies":"Shelled Parasite and Fungi","floor":27,"turns":4},{"damage":5,"enemies":"Snecko","floor":29,"turns":4},{"damage":152,"enemies":"Champ","floor":33,"turns":22}],"seed_played":"-8945256393069329261","potions_obtained":[{"floor":1,"key":"SneckoOil"},{"floor":2,"key":"Weak Potion"},{"floor":3,"key":"LiquidBronze"},{"floor":5,"key":"SteroidPotion"},{"floor":6,"key":"BloodPotion"},{"floor":12,"key":"Regen Potion"},{"floor":12,"key":"Ancient Potion"},{"floor":12,"key":"SpeedPotion"},{"floor":19,"key":"GamblersBrew"},{"floor":20,"key":"Weak Potion"},{"floor":21,"key":"SpeedPotion"},{"floor":29,"key":"FairyPotion"}],"is_trial":false,"path_per_floor":["M","M","M","M","M","M","M","R","T","E","M","?","$","M","R","B",null,"M","M","M","M","?","R","?","R","T","M","$","M","?","$","R","B"],"character_chosen":"IRONCLAD","items_purchased":["Bottled Lightning","Uppercut","Impervious","Armaments","Whirlwind"],"campfire_rested":4,"item_purchase_floors":[13,13,28,28,31],"current_hp_per_floor":[80,80,80,80,74,67,80,80,80,60,58,58,58,62,80,59,80,80,53,12,12,12,36,36,60,60,44,44,45,45,45,69,0],"gold":27,"neow_bonus":"TRANSFORM_CARD","is_prod":false,"is_daily":false,"chose_seed":false,"campfire_upgraded":1,"win_rate":0.0,"timestamp":1561932205,"path_taken":["M","M","M","M","M","M","M","R","T","E","?","?","$","M","R","BOSS","M","M","M","?","?","R","?","R","T","M","$","?","?","?","R","BOSS"],"build_version":"2019-01-23","purchased_purges":0,"victory":false,"max_hp_per_floor":[80,80,80,80,80,80,80,80,80,80,80,80,80,80,80,80,80,80,80,80,80,80,80,80,80,80,80,80,80,80,80,80,80],"card_choices":[{"not_picked":["Flex","Shockwave"],"picked":"Carnage","floor":1},{"not_picked":["True Grit","Second Wind"],"picked":"Perfected Strike","floor":2},{"not_picked":["Clash","Heavy Blade"],"picked":"Searing Blow","floor":3},{"not_picked":["Entrench","Battle Trance"],"picked":"Headbutt","floor":4},{"not_picked":["Fiend Fire","Sword Boomerang"],"picked":"Heavy Blade","floor":5},{"not_picked":["Clothesline","Pummel"],"picked":"Evolve","floor":6},{"not_picked":["Searing Blow","Burning Pact"],"picked":"Metallicize","floor":7},{"not_picked":["Sword Boomerang","Headbutt"],"picked":"Reckless Charge","floor":10},{"not_picked":["Warcry","Pommel Strike"],"picked":"Infernal Blade","floor":11},{"not_picked":["Clash","Anger"],"picked":"Disarm","floor":14},{"not_picked":["Fiend Fire","Barricade"],"picked":"Immolate","floor":16},{"not_picked":["True Grit","Warcry"],"picked":"Fire Breathing","floor":18},{"not_picked":["Body Slam","True Grit"],"picked":"Wild Strike","floor":19},{"not_picked":["Evolve+1","Cleave"],"picked":"Iron Wave+1","floor":20},{"not_picked":["Clothesline","Armaments"],"picked":"Shrug It Off","floor":21},{"not_picked":["Body Slam+1","True Grit"],"picked":"Headbutt","floor":27},{"not_picked":["Flex+1","Warcry+1"],"picked":"Shockwave","floor":29}],"player_experience":37964,"relics_obtained":[{"floor":9,"key":"Happy Flower"},{"floor":10,"key":"Pen Nib"},{"floor":26,"key":"Self Forming Clay"}],"event_choices":[{"damage_healed":0,"gold_gain":0,"player_choice":"Got Potions","damage_taken":0,"max_hp_gain":0,"max_hp_loss":0,"event_name":"Lab","floor":12,"gold_loss":0},{"damage_healed":0,"gold_gain":0,"cards_transformed":["Strike_R","Strike_R"],"player_choice":"Became Test Subject","damage_taken":0,"max_hp_gain":0,"max_hp_loss":0,"event_name":"Drug Dealer","floor":22,"gold_loss":0,"cards_obtained":["Power Through","Metallicize"]},{"damage_healed":0,"gold_gain":0,"player_choice":"1 cards matched","damage_taken":0,"max_hp_gain":0,"max_hp_loss":0,"event_name":"Match and Keep!","floor":24,"gold_loss":0,"cards_obtained":["Thunderclap"]},{"damage_healed":0,"gold_gain":0,"cards_transformed":["Metallicize"],"player_choice":"Transformed","damage_taken":0,"max_hp_gain":0,"max_hp_loss":0,"event_name":"Transmorgrifier","floor":30,"gold_loss":0,"cards_obtained":["Perfected Strike"]}],"is_beta":false,"boss_relics":[{"not_picked":["Runic Pyramid","Cursed Key"],"picked":"Lizard Tail"}],"items_purged_floors":[],"is_endless":false,"potions_floor_spawned":[1,2,3,5,6,19,20,21,29],"killed_by":"Champ","ascension_level":0}