{"gold_per_floor":[114,114,114,129,144,144,174,174,174,204,154,184,184,199,199,299,299,314,329,344,29,29,29,59,59,84,50,50,65,80,180,180,180],"floor_reached":33,"playtime":4015,"items_purged":[],"score":358,"play_id":"bbfb08d5-5964-43b3-a911-e2301246cbac","local_time":"20191006135158","daily_mods":["Chimera","Blue Cards","Terminal"],"is_ascension_mode":false,"campfire_choices":[{"data":"Zap","floor":6.0,"key":"SMITH"},{"data":"Survivor","floor":8.0,"key":"SMITH"},{"data":"Sucker Punch","floor":13.0,"key":"SMITH"},{"data":"Dagger Spray","floor":15.0,"key":"SMITH"},{"data":"Mayhem","floor":23.0,"key":"SMITH"},{"data":"Malaise","floor":25.0,"key":"SMITH"},{"data":"Well Laid Plans","floor":32,"key":"SMITH"}],"neow_cost":"","seed_source_timestamp":0,"circlet_count":0,"master_deck":["Bash","Survivor+1","Zap+1","Defend_R","Defend_G+1","Defend_B","Underhanded Strike+1","Dash","Cold Snap","Dagger Spray+1","Sucker Punch+1","Malaise+1","Storm+1","Steam+1","Dodge and Roll+1","Self Repair","Chaos","Auto Shields","Footwork","Mayhem+1","Barrage+1","Well Laid Plans+1","Escape Plan","Rebound","Unload"],"special_seed":18175,"relics":["Ring of the Snake","Ornamental Fan","Pantograph","Lantern","Snake Skull","Astrolabe","PreservedInsect","Art of War","Pocketwatch","Pear"],"potions_floor_usage":[30,31,33],"damage_taken":[{"damage":0.0,"enemies":"Small Slimes","floor":1.0,"turns":4.0},{"damage":0.0,"enemies":"Jaw Worm","floor":4.0,"turns":3.0},{"damage":0.0,"enemies":"2 Louse","floor":5.0,"turns":2.0},{"damage":4.0,"enemies":"Lagavulin","floor":7.0,"turns":7.0},{"damage":0.0,"enemies":"3 Sentries","floor":10.0,"turns":6.0},{"damage":0.0,"enemies":"Gremlin Nob","floor":12.0,"turns":4.0},{"damage":0.0,"enemies":"Looter","floor":14.0,"turns":2.0},{"damage":7.0,"enemies":"The Guardian","floor":16.0,"turns":12.0},{"damage":13.0,"enemies":"3 Byrds","floor":18.0,"turns":7.0},{"damage":0.0,"enemies":"Chosen","floor":19.0,"turns":6.0},{"damage":5.0,"enemies":"Snake Plant","floor":20.0,"turns":7.0},{"damage":0.0,"enemies":"Book of Stabbing","floor":24.0,"turns":8.0},{"damage":0,"enemies":"Snecko","floor":29,"turns":6},{"damage":0,"enemies":"Cultist and Chosen","floor":30,"turns":8},{"damage":18,"enemies":"Colosseum Slavers","floor":31,"turns":5},{"damage":14,"enemies":"Colosseum Nobs","floor":31,"turns":6},{"damage":62,"enemies":"Collector","floor":33,"turns":7}],"seed_played":"-2490999487082641402","potions_obtained":[{"floor":4.0,"key":"Swift Potion"},{"floor":10.0,"key":"Dexterity Potion"},{"floor":12.0,"key":"SteroidPotion"},{"floor":18.0,"key":"SteroidPotion"},{"floor":31,"key":"Regen Potion"}],"is_trial":false,"path_per_floor":["M","?","?","M","M","R","E","R","T","E","?","E","R","M","R","B",null,"M","M","M","$","?","R","E","R","T","$","?","M","M","?","R","B"],"character_chosen":"THE_SILENT","items_purchased":["Footwork","Mayhem","Blizzard","Well Laid Plans"],"campfire_rested":0,"item_purchase_floors":[21,21,21,27],"current_hp_per_floor":[68,61,48,48,48,48,44,44,44,44,44,44,44,44,44,47,52,39,46,48,48,47,46,45,44,43,42,41,40,39,17,17,0],"gold":180,"neow_bonus":"","is_prod":false,"is_daily":true,"chose_seed":false,"campfire_upgraded":7,"win_rate":0,"timestamp":1570341118,"path_taken":["M","?","?","M","M","R","E","R","T","E","?","E","R","M","R","BOSS","M","M","M","$","?","R","E","R","T","$","?","M","?","?","R","BOSS"],"build_version":"2019-07-17","purchased_purges":0,"victory":false,"max_hp_per_floor":[68,67,66,65,64,63,62,61,60,59,58,57,56,55,54,53,52,51,50,49,48,47,46,45,44,43,42,41,40,39,48,47,47],"card_choices":[{"not_picked":["Dodge and Roll","Reprogram"],"picked":"Underhanded Strike","floor":1.0},{"not_picked":["Gash","Chill"],"picked":"Dash","floor":4.0},{"not_picked":["Tempest","Dagger Spray"],"picked":"Cold Snap","floor":5.0},{"not_picked":["Rip and Tear","Backflip"],"picked":"Dagger Spray","floor":7.0},{"not_picked":["Quick Slash","Double Energy"],"picked":"Sucker Punch","floor":10.0},{"not_picked":["Cold Snap","Deadly Poison"],"picked":"Backstab","floor":12.0},{"not_picked":["Caltrops","Eviscerate"],"picked":"Die Die Die","floor":14.0},{"not_picked":["Tools of the Trade","Die Die Die"],"picked":"Malaise","floor":16.0},{"not_picked":["Cold Snap","Deflect+1"],"picked":"Self Repair","floor":18.0},{"not_picked":["Dagger Throw","Gash"],"picked":"Chaos","floor":19.0},{"not_picked":["Blade Dance+1","Redo"],"picked":"Auto Shields","floor":20.0},{"not_picked":["Auto Shields","Genetic Algorithm"],"picked":"Barrage+1","floor":24.0},{"not_picked":["Reflex","Blade Dance","Flying Knee+1"],"picked":"SKIP","floor":29},{"not_picked":["Riddle With Holes","Consume+1"],"picked":"Rebound","floor":30},{"not_picked":["Barrage","Expertise+1"],"picked":"Unload","floor":31}],"player_experience":96824,"relics_obtained":[{"floor":7.0,"key":"Ornamental Fan"},{"floor":9.0,"key":"Pantograph"},{"floor":10.0,"key":"Lantern"},{"floor":12.0,"key":"Snake Skull"},{"floor":24.0,"key":"PreservedInsect"},{"floor":26.0,"key":"Art of War"},{"floor":31,"key":"Pocketwatch"},{"floor":31,"key":"Pear"}],"event_choices":[{"cards_removed":["Strike_R"],"damage_healed":0.0,"max_hp_gain":0.0,"max_hp_loss":0.0,"gold_gain":0.0,"event_name":"Golden Wing","player_choice":"Card Removal","floor":2.0,"gold_loss":0.0,"damage_taken":7.0},{"damage_healed":0.0,"max_hp_gain":0.0,"max_hp_loss":0.0,"gold_gain":0.0,"event_name":"Shining Light","player_choice":"Entered Light","floor":3.0,"gold_loss":0.0,"damage_taken":13.0,"cards_upgraded":["Defend_G","Underhanded Strike"]},{"cards_removed":["Strike_G"],"damage_healed":0.0,"max_hp_gain":0.0,"max_hp_loss":0.0,"gold_gain":0.0,"event_name":"The Cleric","player_choice":"Card Removal","floor":11.0,"gold_loss":50.0,"damage_taken":0.0},{"damage_healed":0.0,"max_hp_gain":0.0,"max_hp_loss":0.0,"gold_gain":0.0,"event_name":"Ghosts","player_choice":"Ignored","floor":22.0,"gold_loss":0.0,"damage_taken":0.0},{"damage_healed":0,"gold_gain":0,"cards_transformed":["Blizzard"],"player_choice":"Transformed","damage_taken":0,"max_hp_gain":0,"max_hp_loss":0,"event_name":"Transmorgrifier","floor":28,"gold_loss":0,"cards_obtained":["Escape Plan"]},{"damage_healed":0,"gold_gain":0,"player_choice":"Fight","damage_taken":0,"max_hp_gain":0,"max_hp_loss":0,"event_name":"Colosseum","floor":31,"gold_loss":0},{"damage_healed":0,"gold_gain":0,"player_choice":"Fought Nobs","damage_taken":0,"max_hp_gain":0,"max_hp_loss":0,"event_name":"Colosseum","floor":31,"gold_loss":0}],"is_beta":false,"boss_relics":[{"not_picked":["Runic Dome","Orrery"],"picked":"Astrolabe"}],"items_purged_floors":[],"is_endless":false,"potions_floor_spawned":[4,10,12,18,31,31],"killed_by":"Collector","ascension_level":0}