{"gold_per_floor":[118,128,53,72,72,97,97,113,113,113,78,96,116,135,135,211,211,188,203,222,4,4,4,32,32,32,32],"floor_reached":27,"playtime":2675,"items_purged":["Defend_G"],"score":458,"play_id":"852bd016-2b16-4d38-b29a-c2ea73b8423d","local_time":"20190701125547","is_ascension_mode":true,"campfire_choices":[{"floor":7.0,"key":"REST"},{"floor":10.0,"key":"REST"},{"floor":15,"key":"REST"},{"floor":23,"key":"REST"},{"data":"Burst","floor":25,"key":"SMITH"}],"neow_cost":"NONE","seed_source_timestamp":3228039550272,"circlet_count":0,"master_deck":["AscendersBane","Survivor","Neutralize","Dagger Spray","Blur","Deadly Poison","Catalyst","Riddle With Holes","Crippling Poison","Sucker Punch","PiercingWail","Poisoned Stab","Glass Knife","Venomology","Tools of the Trade","Burst+1","Night Terror","Heel Hook","Bouncing Flask","Blade Dance","Quick Slash","Malaise","Backflip+1","Heel Hook+1","Catalyst"],"special_seed":0,"relics":["Ring of the Snake","Strawberry","Ancient Tea Set","Dream Catcher","Pandora\u0027s Box","Toy Ornithopter","Dodecahedron","Letter Opener"],"potions_floor_usage":[13,16,18,19,20,24,24,24,27,27],"damage_taken":[{"damage":9.0,"enemies":"Jaw Worm","floor":1.0,"turns":7.0},{"damage":4.0,"enemies":"Small Slimes","floor":2.0,"turns":3.0},{"damage":0.0,"enemies":"2 Louse","floor":4.0,"turns":2.0},{"damage":51.0,"enemies":"Lagavulin","floor":6.0,"turns":11.0},{"damage":3.0,"enemies":"Exordium Wildlife","floor":8.0,"turns":5.0},{"damage":1,"enemies":"Large Slime","floor":12,"turns":6},{"damage":5,"enemies":"Gremlin Gang","floor":13,"turns":5},{"damage":5,"enemies":"2 Fungi Beasts","floor":14,"turns":4},{"damage":67,"enemies":"Hexaghost","floor":16,"turns":11},{"damage":10,"enemies":"2 Thieves","floor":18,"turns":4},{"damage":0,"enemies":"Spheric Guardian","floor":19,"turns":2},{"damage":37,"enemies":"Centurion and Healer","floor":20,"turns":10},{"damage":17,"enemies":"Gremlin Leader","floor":24,"turns":8},{"damage":53,"enemies":"Slavers","floor":27,"turns":6}],"seed_played":"-1392845912528649887","potions_obtained":[{"floor":2.0,"key":"Energy Potion"},{"floor":6.0,"key":"SpeedPotion"},{"floor":12,"key":"Energy Potion"},{"floor":16,"key":"Block Potion"},{"floor":18,"key":"Poison Potion"},{"floor":20,"key":"LiquidBronze"},{"floor":24,"key":"AttackPotion"}],"is_trial":false,"path_per_floor":["M","M","$","M","?","E","R","M","T","R","?","M","M","M","R","B",null,"M","M","M","$","?","R","E","R","T","E"],"character_chosen":"THE_SILENT","items_purchased":["Toy Ornithopter"],"campfire_rested":4,"item_purchase_floors":[21],"current_hp_per_floor":[57,53,53,53,53,2,23,20,20,41,59,58,53,48,69,2,55,45,45,8,8,23,44,42,42,42,0],"gold":32,"neow_bonus":"RANDOM_COMMON_RELIC","is_prod":false,"is_daily":false,"chose_seed":false,"campfire_upgraded":1,"win_rate":0,"timestamp":1562000147,"path_taken":["M","M","$","M","?","E","R","M","T","R","?","M","M","M","R","BOSS","M","M","M","$","?","R","E","R","T","E"],"build_version":"2019-01-23","purchased_purges":1,"victory":false,"max_hp_per_floor":[73,73,73,73,73,73,73,73,73,73,73,73,73,73,73,73,73,73,73,73,73,73,73,73,73,73,73],"card_choices":[{"not_picked":["Underhanded Strike","Acrobatics"],"picked":"Dagger Spray","floor":1.0},{"not_picked":["Sucker Punch","All Out Attack"],"picked":"Blur","floor":2.0},{"not_picked":["Cloak And Dagger","Dodge and Roll"],"picked":"Deadly Poison","floor":4.0},{"not_picked":["Quick Slash","Backstab"],"picked":"Catalyst","floor":6.0},{"not_picked":["Finisher","Expertise"],"picked":"Riddle With Holes","floor":8.0},{"not_picked":["Prepared","Dodge and Roll"],"picked":"Crippling Poison","floor":12},{"not_picked":["Reflex","Dagger Throw"],"picked":"Sucker Punch","floor":13},{"not_picked":["Dodge and Roll","Skewer"],"picked":"PiercingWail","floor":14},{"not_picked":["Dagger Spray","Prepared"],"picked":"Poisoned Stab","floor":15},{"not_picked":["Tools of the Trade","Grand Finale"],"picked":"Glass Knife","floor":16},{"not_picked":["Deflect","Concentrate+1"],"picked":"Backflip+1","floor":18},{"not_picked":["Setup","Endless Agony+1","Dagger Spray"],"picked":"SKIP","floor":19},{"not_picked":["Bane","Masterful Stab+1","Underhanded Strike"],"picked":"SKIP","floor":20},{"not_picked":["Acrobatics","Bane"],"picked":"Heel Hook+1","floor":23},{"not_picked":["Deadly Poison","Wraith Form v2"],"picked":"Catalyst","floor":24}],"player_experience":2652102,"relics_obtained":[{"floor":6.0,"key":"Ancient Tea Set"},{"floor":9.0,"key":"Dream Catcher"},{"floor":24,"key":"Dodecahedron"},{"floor":26,"key":"Letter Opener"}],"event_choices":[{"damage_healed":0.0,"max_hp_gain":0.0,"max_hp_loss":0.0,"gold_gain":0.0,"event_name":"Scrap Ooze","player_choice":"Fled","floor":5.0,"gold_loss":0.0,"damage_taken":0.0},{"damage_healed":18.0,"max_hp_gain":0.0,"max_hp_loss":0.0,"gold_gain":0.0,"event_name":"The Cleric","player_choice":"Healed","floor":11.0,"gold_loss":35.0,"damage_taken":0.0},{"damage_healed":15,"gold_gain":0,"player_choice":"Heal","damage_taken":0,"max_hp_gain":0,"max_hp_loss":0,"event_name":"The Library","floor":22,"gold_loss":0}],"is_beta":false,"boss_relics":[{"not_picked":["Orrery","Runic Pyramid"],"picked":"Pandora\u0027s Box"}],"items_purged_floors":[3],"is_endless":false,"potions_floor_spawned":[2,6,12,16,18,20,24],"killed_by":"Slavers","ascension_level":19}