{"path_per_floor":["M","M","M","?","$","R","E","M","T","R","?","M","T","M","R","B",null,"M","M","?","M","?","R","M","E","T","R","E","M","R","M","R","B",null,"M","$","?","?","M","E","R","E","T","R","?","M","M","$","R"],"character_chosen":"DEFECT","items_purchased":["Gash","FTL","Apotheosis","Shuriken"],"gold_per_floor":[110,127,144,144,47,47,80,99,124,124,124,141,141,141,141,245,245,257,277,307,325,325,325,340,372,372,372,402,415,415,434,434,536,536,547,89,0,0,11,41,41,69,69,69,117,132,132,57,57,57],"floor_reached":50,"campfire_rested":6,"playtime":103154,"item_purchase_floors":[5,5,36,36],"current_hp_per_floor":[74,75,75,50,50,50,48,51,51,51,56,66,66,74,74,59,82,69,79,79,72,66,66,73,39,39,78,33,13,52,32,71,40,82,66,66,66,66,54,15,54,25,25,64,52,50,50,50,82,0],"items_purged":["Strike_B"],"gold":57,"score":594,"play_id":"9f2a395b-f311-477c-a112-3f093d90499b","local_time":"20180626231655","is_prod":false,"is_daily":false,"chose_seed":false,"is_ascension_mode":true,"campfire_upgraded":4,"win_rate":0.0,"timestamp":1530069415,"campfire_choices":[{"data":"Dualcast","floor":6,"key":"SMITH"},{"data":"Self Repair","floor":10,"key":"SMITH"},{"data":"Go for the Eyes","floor":15,"key":"SMITH"},{"data":"RitualDagger","floor":23,"key":"SMITH"},{"floor":27,"key":"REST"},{"floor":30,"key":"REST"},{"floor":32,"key":"REST"},{"floor":41,"key":"REST"},{"floor":44,"key":"REST"},{"floor":49,"key":"REST"}],"path_taken":["M","M","?","?","$","R","E","M","T","R","?","M","?","M","R","BOSS","M","M","?","M","?","R","M","E","T","R","E","M","R","M","R","BOSS","M","$","?","?","M","E","R","E","T","R","?","M","?","$","R","BOSS"],"build_version":"2018-06-14v2","seed_source_timestamp":1552662282529490,"purchased_purges":1,"victory":false,"master_deck":["Strike_B","Strike_B","Defend_B","Defend_B","Defend_B","Defend_B","Zap","Dualcast+1","Self Repair+1","Go for the Eyes+1","Conserve Battery","Gash","FTL","Hologram","Steam","Creative AI","Hologram","Gash","Rebound","RitualDagger+1","BootSequence","Electrodynamics","Ball Lightning","Hologram+1","Storm+1","Multi-Cast","Sunder","Apotheosis","Static Discharge","Double Energy","Electrodynamics","Hologram+1","Beam Cell+1"],"max_hp_per_floor":[75,75,75,75,75,75,77,77,77,77,82,82,82,82,82,82,82,82,82,82,82,82,82,82,82,82,82,82,82,82,82,82,82,82,82,82,82,82,82,82,82,82,82,82,82,82,82,82,82,82],"relics":["Cracked Core","Omamori","Singing Bowl","Pen Nib","Toolbox","Sozu","Tiny Chest","Regal Pillow","Bag of Marbles","Kunai","Philosopher\u0027s Stone","Shuriken","Red Mask","Letter Opener","Gambling Chip","Pantograph","Girya"],"card_choices":[{"not_picked":["Redo","Rebound"],"picked":"Self Repair","floor":1},{"not_picked":["Cold Snap","Coolheaded"],"picked":"Go for the Eyes","floor":2},{"not_picked":["Redo","Cold Snap"],"picked":"Conserve Battery","floor":3},{"not_picked":["Sweeping Beam","Ball Lightning","Coolheaded"],"picked":"Singing Bowl","floor":7},{"not_picked":["Coolheaded","Turbo"],"picked":"Hologram","floor":8},{"not_picked":["Ball Lightning","Recycle"],"picked":"Steam","floor":12},{"not_picked":["Hello World","Storm"],"picked":"FTL","floor":14},{"not_picked":["Reboot","Hyperbeam"],"picked":"Creative AI","floor":16},{"not_picked":["Auto Shields","Stack+1"],"picked":"Hologram","floor":18},{"not_picked":["Beam Cell","Barrage+1"],"picked":"Gash","floor":19},{"not_picked":["Recycle","Barrage"],"picked":"Rebound","floor":21},{"not_picked":["Glacier","Biased Cognition"],"picked":"BootSequence","floor":24},{"not_picked":["Steam","Reinforced Body"],"picked":"Electrodynamics","floor":25},{"not_picked":["Capacitor","Fusion"],"picked":"Ball Lightning","floor":28},{"not_picked":["Aggregate","Self Repair"],"picked":"Hologram+1","floor":29},{"not_picked":["Turbo","Cold Snap"],"picked":"Storm+1","floor":31},{"not_picked":["Biased Cognition","Hyperbeam"],"picked":"Multi-Cast","floor":33},{"not_picked":["Conserve Battery","Streamline"],"picked":"Sunder","floor":35},{"not_picked":["Chill+1","Hologram"],"picked":"Static Discharge","floor":39},{"not_picked":["Conserve Battery+1","Coolheaded"],"picked":"Double Energy","floor":40},{"not_picked":["Steam","Doom and Gloom+1"],"picked":"Electrodynamics","floor":42},{"not_picked":["Stack+1","Skim"],"picked":"Hologram+1","floor":45},{"not_picked":["Sweeping Beam+1","Consume"],"picked":"Beam Cell+1","floor":46}],"player_experience":1127739,"potions_floor_usage":[16,21,24,47],"damage_taken":[{"damage":1,"enemies":"Cultist","floor":1,"turns":3},{"damage":0,"enemies":"2 Louse","floor":2,"turns":4},{"damage":7,"enemies":"Small Slimes","floor":3,"turns":3},{"damage":11,"enemies":"Gremlin Nob","floor":7,"turns":4},{"damage":4,"enemies":"2 Fungi Beasts","floor":8,"turns":3},{"damage":0,"enemies":"3 Louse","floor":12,"turns":4},{"damage":2,"enemies":"Exordium Wildlife","floor":14,"turns":4},{"damage":25,"enemies":"The Guardian","floor":16,"turns":14},{"damage":23,"enemies":"2 Thieves","floor":18,"turns":4},{"damage":0,"enemies":"Chosen","floor":19,"turns":5},{"damage":22,"enemies":"Snake Plant","floor":21,"turns":5},{"damage":3,"enemies":"Centurion and Healer","floor":24,"turns":4},{"damage":44,"enemies":"Book of Stabbing","floor":25,"turns":8},{"damage":55,"enemies":"Gremlin Leader","floor":28,"turns":7},{"damage":30,"enemies":"Slaver and Parasite","floor":29,"turns":6},{"damage":30,"enemies":"Snake Plant","floor":31,"turns":5},{"damage":41,"enemies":"Champ","floor":33,"turns":11},{"damage":26,"enemies":"3 Shapes","floor":35,"turns":5},{"damage":12,"enemies":"Orb Walker","floor":39,"turns":3},{"damage":49,"enemies":"Giant Head","floor":40,"turns":9},{"damage":29,"enemies":"Nemesis","floor":42,"turns":5},{"damage":12,"floor":45,"turns":3},{"damage":12,"enemies":"Sphere and 2 Shapes","floor":46,"turns":3},{"damage":0,"enemies":"Maw","floor":47,"turns":4},{"damage":88,"enemies":"Donu and Deca","floor":50,"turns":5}],"relics_obtained":[{"floor":7,"key":"Singing Bowl"},{"floor":9,"key":"Pen Nib"},{"floor":13,"key":"Toolbox"},{"floor":25,"key":"Regal Pillow"},{"floor":26,"key":"Bag of Marbles"},{"floor":28,"key":"Kunai"},{"floor":40,"key":"Letter Opener"},{"floor":42,"key":"Gambling Chip"},{"floor":43,"key":"Pantograph"},{"floor":45,"key":"Girya"}],"event_choices":[{"event_name":"Scrap Ooze","player_choice":"success","floor":4,"damage_taken":25},{"event_name":"Big Fish","player_choice":"Donut","floor":11,"damage_taken":0},{"event_name":"The Mausoleum","player_choice":"Yes","floor":20,"damage_taken":0},{"event_name":"Nest","player_choice":"Joined the Cult","floor":22,"damage_taken":0},{"event_name":"Tomb of Lord Red Mask","player_choice":"Paid","floor":37,"damage_taken":0},{"event_name":"Falling","player_choice":"Removed Attack","floor":38,"damage_taken":0},{"event_name":"Mysterious Sphere","player_choice":"Fight","floor":45,"damage_taken":0}],"boss_relics":[{"not_picked":["Runic Dome","Lizard Tail"],"picked":"Sozu"},{"not_picked":["Snecko Eye","Velvet Choker"],"picked":"Philosopher\u0027s Stone"}],"items_purged_floors":[48],"is_endless":false,"potions_floor_spawned":[3,7,8,16,19,25,28,31,35,39,47],"seed_played":"-3505632765351654570","killed_by":"Donu and Deca","ascension_level":1,"potions_obtained":[{"floor":3,"key":"Regen Potion"},{"floor":7,"key":"EssenceOfSteel"},{"floor":8,"key":"SmokeBomb"},{"floor":16,"key":"Explosive Potion"}],"is_trial":false}