{"gold_per_floor":[115,190,340,96,106,106,163,163,187,206,236,236,250,52,52,129,129,139,149,149,99,22,38,48,72,99,99,99,126,126,144,144,221,221,232,232,95,112,112,141,141,154,199,199,199],"floor_reached":45,"playtime":3262,"items_purged":["Doubt","Strike_R"],"score":986,"play_id":"f4e8ec6d-0a59-4e88-84d5-ffe421e2d34a","local_time":"20190504013451","is_ascension_mode":true,"campfire_choices":[{"data":"Armaments","floor":6.0,"key":"SMITH"},{"data":"True Grit","floor":8.0,"key":"SMITH"},{"data":"Disarm","floor":12.0,"key":"SMITH"},{"floor":15.0,"key":"REST"},{"floor":28.0,"key":"REST"},{"floor":30.0,"key":"REST"},{"data":"Shockwave","floor":32.0,"key":"SMITH"},{"data":"1","floor":41,"key":"LIFT"},{"data":"2","floor":44,"key":"LIFT"}],"neow_cost":"NONE","seed_source_timestamp":157451772952493,"circlet_count":0,"master_deck":["AscendersBane","Strike_R","Strike_R","Strike_R","Strike_R","Defend_R","Defend_R","Defend_R","Defend_R","Bash","Uppercut","Shockwave+1","Blood for Blood","Armaments+1","True Grit+1","Pommel Strike","Disarm+1","Bludgeon","Burning Pact","Anger","Immolate","Second Wind","Metallicize+1","Cleave","Demon Form+1","Shrug It Off","Panacea","Secret Weapon","Limit Break","Heavy Blade","Headbutt","Heavy Blade+1","Regret"],"special_seed":0,"relics":["Burning Blood","NeowsBlessing","Tiny Chest","Pen Nib","Frozen Egg 2","Sozu","Boot","Bag of Marbles","Gremlin Horn","Ornamental Fan","Cursed Key","Girya","Art of War"],"potions_floor_usage":[],"damage_taken":[{"damage":0.0,"enemies":"2 Louse","floor":1.0,"turns":1.0},{"damage":0.0,"enemies":"Small Slimes","floor":5.0,"turns":1.0},{"damage":0.0,"enemies":"Gremlin Nob","floor":7.0,"turns":1.0},{"damage":4.0,"enemies":"Cultist","floor":10.0,"turns":5.0},{"damage":17.0,"enemies":"Lagavulin","floor":11.0,"turns":7.0},{"damage":16.0,"enemies":"Exordium Thugs","floor":13.0,"turns":5.0},{"damage":36.0,"enemies":"Hexaghost","floor":16.0,"turns":10.0},{"damage":9.0,"enemies":"Chosen","floor":18.0,"turns":5.0},{"damage":0.0,"enemies":"Spheric Guardian","floor":19.0,"turns":3.0},{"damage":23.0,"enemies":"Colosseum Slavers","floor":20.0,"turns":4.0},{"damage":10.0,"enemies":"3 Cultists","floor":23.0,"turns":5.0},{"damage":28.0,"enemies":"Chosen and Byrds","floor":24.0,"turns":7.0},{"damage":6.0,"enemies":"Gremlin Leader","floor":29.0,"turns":4.0},{"damage":0.0,"enemies":"Snake Plant","floor":31.0,"turns":2.0},{"damage":56.0,"enemies":"Collector","floor":33.0,"turns":9.0},{"damage":33.0,"enemies":"3 Darklings","floor":35.0,"turns":5.0},{"damage":0,"enemies":"Orb Walker","floor":38,"turns":3},{"damage":33,"enemies":"Nemesis","floor":40,"turns":5},{"damage":2,"enemies":"4 Shapes","floor":42,"turns":2},{"damage":48,"enemies":"2 Orb Walkers","floor":45,"turns":2}],"seed_played":"5580376680466296093","potions_obtained":[{"floor":1.0,"key":"GamblersBrew"},{"floor":10.0,"key":"AttackPotion"},{"floor":11.0,"key":"GamblersBrew"}],"is_trial":false,"path_per_floor":["M","?","?","$","M","R","E","R","T","M","E","R","M","$","R","B",null,"M","M","?","?","$","M","M","T","T","T","R","E","R","M","R","B",null,"M","?","$","M","?","E","R","M","T","R","?"],"character_chosen":"IRONCLAD","items_purchased":["Shockwave","Blood for Blood","Burning Pact","Anger","Second Wind","Limit Break","Heavy Blade"],"campfire_rested":3,"item_purchase_floors":[4,4,14,14,22,37,37],"current_hp_per_floor":[74,63,63,63,69,69,75,75,75,75,64,64,54,54,75,45,68,65,71,54,54,54,50,28,28,28,28,50,50,72,75,75,25,63,36,31,31,37,61,34,34,38,38,38,0],"gold":199,"neow_bonus":"THREE_ENEMY_KILL","is_prod":false,"is_daily":false,"chose_seed":false,"campfire_upgraded":4,"win_rate":0,"timestamp":1556948091,"path_taken":["M","?","?","$","M","R","E","R","T","M","E","R","M","$","R","BOSS","M","M","?","?","$","M","?","?","T","?","R","E","R","M","R","BOSS","M","?","$","M","?","E","R","M","T","R","?"],"build_version":"2019-01-23","purchased_purges":2,"victory":false,"max_hp_per_floor":[75,75,75,75,75,75,75,75,75,75,75,75,75,75,75,75,75,75,75,75,75,75,75,75,75,75,75,75,75,75,75,75,75,75,75,75,75,75,61,61,61,61,61,61,61],"card_choices":[{"not_picked":["Infernal Blade","Heavy Blade"],"picked":"Uppercut","floor":1.0},{"not_picked":["Headbutt","Searing Blow"],"picked":"Armaments","floor":5.0},{"not_picked":["Berserk","Perfected Strike"],"picked":"True Grit","floor":7.0},{"not_picked":["Anger","Armaments"],"picked":"Pommel Strike","floor":10.0},{"not_picked":["Headbutt","Wild Strike"],"picked":"Disarm","floor":11.0},{"not_picked":["Reckless Charge","Wild Strike"],"picked":"Bludgeon","floor":13.0},{"not_picked":["Reaper","Limit Break"],"picked":"Immolate","floor":16.0},{"not_picked":["Infernal Blade","Uppercut","Heavy Blade"],"picked":"SKIP","floor":18.0},{"not_picked":["Twin Strike+1","Sword Boomerang","Searing Blow"],"picked":"SKIP","floor":19.0},{"not_picked":["Twin Strike","Anger"],"picked":"Metallicize+1","floor":23.0},{"not_picked":["Hemokinesis","Perfected Strike","Heavy Blade+1"],"picked":"SKIP","floor":24.0},{"not_picked":["Clothesline","Heavy Blade"],"picked":"Cleave","floor":29.0},{"not_picked":["Rupture+1","Flex","Perfected Strike"],"picked":"SKIP","floor":31.0},{"not_picked":["Double Tap","Feed"],"picked":"Demon Form+1","floor":33.0},{"not_picked":["Anger","Sword Boomerang"],"picked":"Shrug It Off","floor":35.0},{"not_picked":["Mind Blast","Swift Strike"],"picked":"Panacea","floor":36.0},{"not_picked":["Good Instincts","Flash of Steel"],"picked":"Secret Weapon","floor":36.0},{"not_picked":["Iron Wave","Clothesline+1"],"picked":"Headbutt","floor":38},{"not_picked":["Infernal Blade","Headbutt","Thunderclap+1"],"picked":"SKIP","floor":40},{"not_picked":["Havoc","Perfected Strike"],"picked":"Heavy Blade+1","floor":42}],"player_experience":2565220,"relics_obtained":[{"floor":7.0,"key":"Tiny Chest"},{"floor":9.0,"key":"Pen Nib"},{"floor":11.0,"key":"Frozen Egg 2"},{"floor":25.0,"key":"Boot"},{"floor":26.0,"key":"Bag of Marbles"},{"floor":27.0,"key":"Gremlin Horn"},{"floor":29.0,"key":"Ornamental Fan"},{"floor":40,"key":"Girya"},{"floor":43,"key":"Art of War"}],"event_choices":[{"damage_healed":0.0,"max_hp_gain":0.0,"max_hp_loss":0.0,"gold_gain":75.0,"event_name":"World of Goop","player_choice":"Gather Gold","floor":2.0,"gold_loss":0.0,"damage_taken":11.0},{"damage_healed":0.0,"max_hp_gain":0.0,"max_hp_loss":0.0,"gold_gain":150.0,"event_name":"Liars Game","player_choice":"AGREE","floor":3.0,"gold_loss":0.0,"damage_taken":0.0,"cards_obtained":["Doubt"]},{"damage_healed":0.0,"max_hp_gain":0.0,"max_hp_loss":0.0,"gold_gain":0.0,"event_name":"Colosseum","player_choice":"Fight","floor":20.0,"gold_loss":0.0,"damage_taken":0.0},{"damage_healed":0.0,"max_hp_gain":0.0,"max_hp_loss":0.0,"gold_gain":0.0,"event_name":"Colosseum","player_choice":"Fled From Nobs","floor":20.0,"gold_loss":0.0,"damage_taken":0.0},{"damage_healed":0.0,"max_hp_gain":0.0,"max_hp_loss":0.0,"gold_gain":0.0,"event_name":"The Joust","player_choice":"Bet on Owner","floor":21.0,"gold_loss":50.0,"damage_taken":0.0},{"damage_healed":0.0,"max_hp_gain":0.0,"max_hp_loss":0.0,"gold_gain":0.0,"event_name":"SensoryStone","player_choice":"Memory 2","floor":36.0,"gold_loss":0.0,"damage_taken":5.0},{"damage_healed":61,"gold_gain":0,"player_choice":"Heal","damage_taken":0,"max_hp_gain":0,"max_hp_loss":14,"event_name":"The Moai Head","floor":39,"gold_loss":0},{"damage_healed":0,"gold_gain":0,"player_choice":"Fight","damage_taken":0,"max_hp_gain":0,"max_hp_loss":0,"event_name":"Mysterious Sphere","floor":45,"gold_loss":0}],"is_beta":false,"boss_relics":[{"not_picked":["Philosopher\u0027s Stone","Orrery"],"picked":"Sozu"},{"not_picked":["Runic Pyramid","White Beast Statue"],"picked":"Cursed Key"}],"items_purged_floors":[4,14],"is_endless":false,"potions_floor_spawned":[1,10,11,20,23,31,33,35,38,42],"killed_by":"2 Orb Walkers","ascension_level":18}