{"gold_per_floor":[109,119,24,24,43,86,86,0,0,40,40,78,7,7,7,126,126,146,171,19,19,0,0,41,68,68,68,68,68,91,106,106,236,236,251,276,296,15,15],"floor_reached":39,"playtime":3839,"items_purged":[],"score":482,"play_id":"1bbd39d0-0ba7-4d8b-a717-f4561ee6fe24","local_time":"20190813130731","is_ascension_mode":true,"campfire_choices":[{"data":"Static Discharge","floor":7,"key":"SMITH"},{"floor":15,"key":"REST"},{"floor":23,"key":"REST"},{"floor":27,"key":"REST"},{"floor":28,"key":"REST"},{"data":"Sweeping Beam","floor":29,"key":"SMITH"},{"floor":32,"key":"REST"}],"neow_cost":"NONE","seed_source_timestamp":163734684265755,"circlet_count":0,"master_deck":["Strike_B+1","Strike_B+1","Strike_B+1","Strike_B+1","Defend_B+1","Defend_B+1","Defend_B+1","Defend_B+1","Zap","Dualcast","Ball Lightning","Static Discharge+1","Sweeping Beam+1","Ball Lightning","Redo","Injury","Gash","Sweeping Beam","Defragment+1","Conserve Battery","Streamline","Undo","Melter","Meteor Strike","Glacier","Gash","Gash","Swift Strike","Rebound","Rip and Tear","Chill","Cold Snap","Thunder Strike","Undo+1","White Noise+1","Reinforced Body+1","Beam Cell+1","Loop","Sunder+1","Barrage","Consume+1","Echo Form"],"relics":["Cracked Core","Golden Idol","Sundial","Ancient Tea Set","Kunai","Omamori","Inserter","Potion Belt","DataDisk","WingedGreaves","Orrery","Regal Pillow"],"potions_floor_usage":[5,6,24,24,31,33,35,36,39,39,39,39,39,39],"damage_taken":[{"damage":0,"enemies":"Cultist","floor":1,"turns":3},{"damage":2,"enemies":"Jaw Worm","floor":2,"turns":4},{"damage":2,"enemies":"2 Louse","floor":5,"turns":2},{"damage":14,"enemies":"Gremlin Nob","floor":6,"turns":3},{"damage":28,"enemies":"3 Sentries","floor":10,"turns":5},{"damage":15,"enemies":"Gremlin Nob","floor":12,"turns":3},{"damage":30,"enemies":"Hexaghost","floor":16,"turns":8},{"damage":39,"enemies":"2 Thieves","floor":18,"turns":3},{"damage":5,"enemies":"Spheric Guardian","floor":19,"turns":4},{"damage":24,"enemies":"Slavers","floor":24,"turns":5},{"damage":29,"enemies":"Snecko","floor":30,"turns":5},{"damage":33,"enemies":"Snake Plant","floor":31,"turns":4},{"damage":33,"enemies":"Collector","floor":33,"turns":9},{"damage":13,"enemies":"Orb Walker","floor":35,"turns":4},{"damage":27,"enemies":"3 Darklings","floor":36,"turns":6},{"damage":33,"enemies":"Maw","floor":37,"turns":9},{"damage":14,"enemies":"Transient","floor":39,"turns":4}],"seed_played":"8069617462141793823","potions_obtained":[{"floor":2,"key":"Energy Potion"},{"floor":5,"key":"Fire Potion"},{"floor":12,"key":"Energy Potion"},{"floor":16,"key":"Fire Potion"},{"floor":24,"key":"Dexterity Potion"},{"floor":31,"key":"Fruit Juice"},{"floor":33,"key":"Weak Potion"},{"floor":35,"key":"Swift Potion"},{"floor":37,"key":"EntropicBrew"}],"is_trial":false,"path_per_floor":["M","M","$","?","M","E","R","$","T","E","?","E","$","?","R","B",null,"M","M","$","?","?","R","E","T","T","R","R","R","M","M","R","B",null,"M","M","M","$","M"],"character_chosen":"DEFECT","items_purchased":["Ball Lightning","Redo","Defragment","Conserve Battery","Melter","Gash","Swift Strike","Rebound","Regal Pillow","Echo Form"],"campfire_rested":5,"item_purchase_floors":[3,3,8,8,13,20,20,20,38,38],"current_hp_per_floor":[75,73,73,73,71,57,57,57,57,29,29,14,14,14,36,6,75,36,31,31,31,31,53,29,29,29,51,73,73,44,16,40,7,80,67,40,7,7,0],"gold":15,"neow_bonus":"THREE_CARDS","is_prod":false,"is_daily":false,"chose_seed":false,"campfire_upgraded":2,"win_rate":0,"timestamp":1565712451,"path_taken":["M","M","$","?","M","E","R","$","T","E","?","E","$","?","R","BOSS","M","M","$","?","?","R","E","?","T","R","R","R","M","M","R","BOSS","M","M","?","$","M"],"build_version":"2019-07-17","purchased_purges":0,"victory":false,"max_hp_per_floor":[75,75,75,75,75,75,75,75,75,75,75,75,75,75,75,75,75,75,75,75,75,75,75,75,75,75,75,75,75,75,80,80,80,80,80,80,80,80,80],"card_choices":[{"not_picked":["Rebound","Leap"],"picked":"Ball Lightning","floor":0},{"not_picked":["Go for the Eyes","Beam Cell"],"picked":"Static Discharge","floor":1},{"not_picked":["Leap","Reprogram"],"picked":"Sweeping Beam","floor":2},{"not_picked":["Redo","Barrage"],"picked":"Gash","floor":5},{"not_picked":["Consume","Chaos"],"picked":"Sweeping Beam","floor":6},{"not_picked":["Reprogram","Darkness"],"picked":"Streamline","floor":10},{"not_picked":["Go for the Eyes","Turbo"],"picked":"Undo","floor":12},{"not_picked":["Reboot","Fission"],"picked":"Meteor Strike","floor":16},{"not_picked":["Double Energy+1","Ball Lightning"],"picked":"Glacier","floor":18},{"not_picked":["Chill","Hologram"],"picked":"Gash","floor":19},{"not_picked":["Storm","Redo"],"picked":"Rip and Tear","floor":24},{"not_picked":["Rebound","Double Energy"],"picked":"Chill","floor":30},{"not_picked":["Hello World","Coolheaded"],"picked":"Cold Snap","floor":31},{"not_picked":["Machine Learning","Core Surge"],"picked":"Thunder Strike","floor":33},{"not_picked":["Loop+1","Go for the Eyes"],"picked":"Undo+1","floor":34},{"not_picked":["Skim","Coolheaded"],"picked":"White Noise+1","floor":34},{"not_picked":["Hologram+1","Compile Driver+1"],"picked":"Reinforced Body+1","floor":34},{"not_picked":["Redo","Coolheaded"],"picked":"Beam Cell+1","floor":34},{"not_picked":["Cold Snap","Steam"],"picked":"Loop","floor":34},{"not_picked":["Ball Lightning","Sweeping Beam"],"picked":"Sunder+1","floor":35},{"not_picked":["Compile Driver+1","Hologram+1"],"picked":"Barrage","floor":36},{"not_picked":["Rebound+1","Force Field+1"],"picked":"Consume+1","floor":37}],"player_experience":302523,"relics_obtained":[{"floor":6,"key":"Sundial"},{"floor":9,"key":"Ancient Tea Set"},{"floor":10,"key":"Kunai"},{"floor":12,"key":"Omamori"},{"floor":24,"key":"Potion Belt"},{"floor":25,"key":"DataDisk"},{"floor":26,"key":"WingedGreaves"}],"event_choices":[{"damage_healed":0,"gold_gain":0,"player_choice":"Take Wound","damage_taken":0,"relics_obtained":["Golden Idol"],"max_hp_gain":0,"max_hp_loss":0,"event_name":"Golden Idol","floor":4,"gold_loss":0,"cards_obtained":["Injury"]},{"damage_healed":0,"gold_gain":0,"player_choice":"Grow","damage_taken":0,"max_hp_gain":0,"max_hp_loss":0,"event_name":"Living Wall","floor":11,"gold_loss":0,"cards_upgraded":["Defragment"]},{"damage_healed":0,"gold_gain":0,"player_choice":"Ignored","damage_taken":0,"max_hp_gain":0,"max_hp_loss":0,"event_name":"Shining Light","floor":14,"gold_loss":0},{"damage_healed":0,"gold_gain":0,"player_choice":"Simplicity","damage_taken":0,"max_hp_gain":0,"max_hp_loss":0,"event_name":"Back to Basics","floor":21,"gold_loss":0,"cards_upgraded":["Strike_B","Strike_B","Strike_B","Strike_B","Defend_B","Defend_B","Defend_B","Defend_B"]},{"damage_healed":0,"gold_gain":0,"player_choice":"Paid Fearfully","damage_taken":0,"max_hp_gain":0,"max_hp_loss":0,"event_name":"Masked Bandits","floor":22,"gold_loss":19}],"is_beta":false,"boss_relics":[{"not_picked":["Runic Dome","Pandora\u0027s Box"],"picked":"Inserter"},{"not_picked":["FrozenCore","Snecko Eye"],"picked":"Orrery"}],"items_purged_floors":[],"is_endless":false,"potions_floor_spawned":[2,5,12,16,24,31,33,35,37],"killed_by":"Transient","ascension_level":2}