{"gold_per_floor":[116,135,146,221,237,237,265,265,319,319,336,348,348,362,362,362],"floor_reached":16,"playtime":1095,"items_purged":[],"score":208,"play_id":"fa758ee3-a3f9-4bb3-9d37-a1cade4eab21","local_time":"20190824003645","is_ascension_mode":true,"campfire_choices":[{"floor":6.0,"key":"REST"},{"data":"Armaments","floor":8,"key":"SMITH"},{"data":"Uppercut","floor":10,"key":"SMITH"},{"data":"Bloodletting","floor":15,"key":"SMITH"}],"neow_cost":"NONE","seed_source_timestamp":737550693951212,"circlet_count":0,"master_deck":["AscendersBane","Strike_R","Strike_R","Strike_R","Strike_R","Strike_R","Defend_R","Defend_R","Defend_R","Defend_R","Bash","Sword Boomerang","Armaments+1","Pommel Strike","Cleave","Uppercut+1","Thunderclap","Bloodletting+1","Bludgeon"],"special_seed":0,"relics":["Burning Blood","Gremlin Horn","Dream Catcher","Golden Idol"],"potions_floor_usage":[7,7,16],"damage_taken":[{"damage":8.0,"enemies":"Small Slimes","floor":1.0,"turns":6.0},{"damage":4.0,"enemies":"2 Louse","floor":2.0,"turns":3.0},{"damage":2.0,"enemies":"Jaw Worm","floor":3.0,"turns":5.0},{"damage":28.0,"enemies":"Large Slime","floor":5.0,"turns":7.0},{"damage":35,"enemies":"3 Sentries","floor":7,"turns":6},{"damage":12,"enemies":"Exordium Wildlife","floor":11,"turns":5},{"damage":1,"enemies":"3 Louse","floor":12,"turns":2},{"damage":7,"enemies":"2 Fungi Beasts","floor":14,"turns":3},{"damage":53,"enemies":"The Guardian","floor":16,"turns":9}],"seed_played":"-8805343452171269521","potions_obtained":[{"floor":2.0,"key":"Strength Potion"},{"floor":5.0,"key":"Regen Potion"},{"floor":12,"key":"Energy Potion"},{"floor":14,"key":"LiquidBronze"}],"is_trial":false,"path_per_floor":["M","M","M","?","M","R","E","R","T","R","M","M","?","M","R","B"],"character_chosen":"IRONCLAD","items_purchased":[],"campfire_rested":1,"item_purchase_floors":[],"current_hp_per_floor":[73,75,79,68,46,70,55,55,55,55,49,54,54,53,53,0],"gold":362,"neow_bonus":"TEN_PERCENT_HP_BONUS","is_prod":false,"is_daily":false,"chose_seed":false,"campfire_upgraded":3,"win_rate":0,"timestamp":1566621405,"path_taken":["M","M","M","?","M","R","E","R","T","R","M","M","?","M","R","BOSS"],"build_version":"2019-01-23","purchased_purges":0,"victory":false,"max_hp_per_floor":[82,82,82,82,82,82,82,82,82,82,82,82,74,74,74,74],"card_choices":[{"not_picked":["Shrug It Off","Ghostly Armor"],"picked":"Sword Boomerang","floor":1.0},{"not_picked":["Twin Strike","Sever Soul"],"picked":"Armaments","floor":2.0},{"not_picked":["True Grit","Warcry"],"picked":"Pommel Strike","floor":3.0},{"not_picked":["Twin Strike","Second Wind"],"picked":"Cleave","floor":5.0},{"not_picked":["Clash","Dark Embrace"],"picked":"Uppercut","floor":7},{"not_picked":["Havoc","Searing Blow"],"picked":"Thunderclap","floor":11},{"not_picked":["Wild Strike","Sentinel"],"picked":"Bloodletting","floor":12},{"not_picked":["Whirlwind","Pommel Strike"],"picked":"Bludgeon","floor":14}],"player_experience":2836644,"relics_obtained":[{"floor":7,"key":"Gremlin Horn"},{"floor":9,"key":"Dream Catcher"}],"event_choices":[{"damage_healed":0.0,"max_hp_gain":0.0,"max_hp_loss":0.0,"gold_gain":75.0,"event_name":"World of Goop","player_choice":"Gather Gold","floor":4.0,"gold_loss":0.0,"damage_taken":11.0},{"damage_healed":0,"gold_gain":0,"player_choice":"Lose Max HP","damage_taken":0,"relics_obtained":["Golden Idol"],"max_hp_gain":0,"max_hp_loss":8,"event_name":"Golden Idol","floor":13,"gold_loss":0}],"is_beta":false,"boss_relics":[],"items_purged_floors":[],"is_endless":false,"potions_floor_spawned":[2,5,12,14],"killed_by":"The Guardian","ascension_level":20}