{"gold_per_floor":[114,114,39,39,39,39,72,72,72,103,103,116,116,141,141,232,232,251,123,138,162,175,206,206,547,547,571,585,240,261,292,292,292],"floor_reached":33,"playtime":3546,"items_purged":["Strike_P","Strike_P"],"score":836,"play_id":"72b8ad49-5301-47d5-9da9-226b58c29995","local_time":"20190921133023","is_ascension_mode":true,"campfire_choices":[{"data":"Eruption","floor":6.0,"key":"SMITH"},{"data":"ForeignInfluence","floor":8.0,"key":"SMITH"},{"data":"SignatureMove","floor":11.0,"key":"SMITH"},{"data":"CutThroughFate","floor":13.0,"key":"SMITH"},{"data":"DeceiveReality","floor":15.0,"key":"SMITH"},{"data":"Ragnarok","floor":24.0,"key":"SMITH"},{"floor":32.0,"key":"REST"}],"neow_cost":"NONE","seed_source_timestamp":0,"circlet_count":0,"master_deck":["AscendersBane","Strike_P","Defend_P","Defend_P+1","Defend_P+1","Eruption+1","Vigilance","ForeignInfluence+1","Blasphemy","SignatureMove+1","CutThroughFate+1","DeceiveReality+1","Ragnarok+1","EmptyFist","Protect","BowlingBash","FlyingSleeves+1","ClearTheMind","Vault","EmptyBody","ThirdEye","Crescendo","Establishment"],"special_seed":0,"relics":["PureWater","NeowsBlessing","Golden Idol","PreservedInsect","Eternal Feather","Gremlin Horn","Black Star","Smiling Mask","StrikeDummy","Old Coin","Question Card","Matryoshka","Membership Card","War Paint","Oddly Smooth Stone","The Courier"],"potions_floor_usage":[33,33],"damage_taken":[{"damage":0.0,"enemies":"Jaw Worm","floor":1.0,"turns":1.0},{"damage":0.0,"enemies":"Lagavulin","floor":7.0,"turns":1.0},{"damage":0.0,"enemies":"3 Sentries","floor":10.0,"turns":2.0},{"damage":0.0,"enemies":"2 Louse","floor":12.0,"turns":2.0},{"damage":1.0,"enemies":"Small Slimes","floor":14.0,"turns":2.0},{"damage":3.0,"enemies":"The Guardian","floor":16.0,"turns":7.0},{"damage":0.0,"enemies":"Spheric Guardian","floor":18.0,"turns":1.0},{"damage":0.0,"enemies":"Shell Parasite","floor":20.0,"turns":1.0},{"damage":25.0,"enemies":"Snake Plant","floor":21.0,"turns":4.0},{"damage":9.0,"enemies":"Centurion and Healer","floor":22.0,"turns":6.0},{"damage":12.0,"enemies":"Book of Stabbing","floor":23.0,"turns":4.0},{"damage":0.0,"enemies":"Gremlin Leader","floor":25.0,"turns":2.0},{"damage":2.0,"enemies":"Snecko","floor":27.0,"turns":4.0},{"damage":15.0,"enemies":"Shelled Parasite and Fungi","floor":28.0,"turns":2.0},{"damage":0.0,"enemies":"Snake Plant","floor":30.0,"turns":1.0},{"damage":0.0,"enemies":"Book of Stabbing","floor":31.0,"turns":1.0},{"damage":39,"enemies":"Automaton","floor":33,"turns":10}],"seed_played":"-1748857093070023267","potions_obtained":[{"floor":1.0,"key":"PowerPotion"},{"floor":12.0,"key":"AttackPotion"},{"floor":20.0,"key":"Ancient Potion"},{"floor":21.0,"key":"Block Potion"},{"floor":25.0,"key":"Weak Potion"},{"floor":28.0,"key":"EssenceOfSteel"},{"floor":30.0,"key":"Block Potion"}],"is_trial":false,"path_per_floor":["M","$","?","?","?","R","E","R","T","E","R","M","R","M","R","B",null,"M","$","M","M","M","E","R","E","T","M","M","$","M","E","R","B"],"character_chosen":"WATCHER","items_purchased":["Protect","Membership Card","DuplicationPotion","War Paint"],"campfire_rested":1,"item_purchase_floors":[19,29,29,29],"current_hp_per_floor":[55,55,55,34,27,27,27,27,27,27,33,33,39,38,44,41,56,56,56,56,31,22,10,22,22,22,20,5,5,5,5,35,0],"gold":292,"neow_bonus":"THREE_ENEMY_KILL","is_prod":false,"is_daily":false,"chose_seed":false,"campfire_upgraded":6,"win_rate":0,"timestamp":1569029423,"path_taken":["M","$","?","?","?","R","E","R","T","E","R","M","R","M","R","BOSS","M","$","M","M","M","E","R","E","T","M","M","$","M","E","R","BOSS"],"build_version":"2019-09-20","purchased_purges":2,"victory":false,"max_hp_per_floor":[61,61,61,61,61,61,61,61,61,61,61,61,61,61,61,61,61,61,61,61,61,61,61,61,61,61,61,61,61,61,61,61,61],"card_choices":[{"not_picked":["Sanctity","Weave"],"picked":"ForeignInfluence","floor":1.0},{"not_picked":["Collect","Prostrate"],"picked":"Blasphemy","floor":7.0},{"not_picked":["Halt","BowlingBash"],"picked":"SignatureMove","floor":10.0},{"not_picked":["Weave","Prostrate"],"picked":"CutThroughFate","floor":12.0},{"not_picked":["BattleHymn","Consecrate"],"picked":"DeceiveReality","floor":14.0},{"not_picked":["Judgement","DeusExMachina"],"picked":"Ragnarok","floor":16.0},{"not_picked":["Weave","Halt"],"picked":"EmptyFist","floor":18.0},{"not_picked":["TalkToTheHand","WreathOfFlame"],"picked":"BowlingBash","floor":20.0},{"not_picked":["EmptyFist","InnerPeace"],"picked":"FlyingSleeves+1","floor":21.0},{"not_picked":["Protect","WindmillStrike"],"picked":"ClearTheMind","floor":22.0},{"not_picked":["Fasting","Pray"],"picked":"Vault","floor":23.0},{"not_picked":["WaveOfTheHand","ThirdEye"],"picked":"EmptyBody","floor":25.0},{"not_picked":["Halt","Protect","StepAndStrike","MentalFortress"],"picked":"SKIP","floor":27.0},{"not_picked":["Prostrate","FlyingSleeves","Scrawl"],"picked":"ThirdEye","floor":28.0},{"not_picked":["FlyingSleeves+1","Protect","FlurryOfBlows+1"],"picked":"Crescendo","floor":30.0},{"not_picked":["Tantrum","Unraveling","Protect"],"picked":"Establishment","floor":31.0}],"player_experience":1141795,"relics_obtained":[{"floor":7.0,"key":"PreservedInsect"},{"floor":9.0,"key":"Eternal Feather"},{"floor":10.0,"key":"Gremlin Horn"},{"floor":23.0,"key":"Smiling Mask"},{"floor":23.0,"key":"StrikeDummy"},{"floor":25.0,"key":"Old Coin"},{"floor":25.0,"key":"Question Card"},{"floor":26.0,"key":"Matryoshka"},{"floor":31.0,"key":"Oddly Smooth Stone"},{"floor":31.0,"key":"The Courier"}],"event_choices":[{"cards_removed":["Strike_P"],"damage_healed":0.0,"max_hp_gain":0.0,"max_hp_loss":0.0,"gold_gain":0.0,"event_name":"The Cleric","player_choice":"Card Removal","floor":3.0,"gold_loss":75.0,"damage_taken":0.0},{"damage_healed":0.0,"max_hp_gain":0.0,"max_hp_loss":0.0,"gold_gain":0.0,"event_name":"Golden Idol","player_choice":"Take Damage","floor":4.0,"gold_loss":0.0,"damage_taken":21.0,"relics_obtained":["Golden Idol"]},{"cards_removed":["Defend_P"],"damage_healed":0.0,"max_hp_gain":0.0,"max_hp_loss":0.0,"gold_gain":0.0,"event_name":"Golden Wing","player_choice":"Card Removal","floor":5.0,"gold_loss":0.0,"damage_taken":7.0}],"is_beta":true,"boss_relics":[{"not_picked":["HolyWater","Astrolabe"],"picked":"Black Star"}],"items_purged_floors":[19,29],"is_endless":false,"potions_floor_spawned":[1,12,16,20,21,25,28,30],"killed_by":"Automaton","ascension_level":18}