{"gold_per_floor":[117,117,117,134,149,149,182,182,207,207,224,236,249,249,249,323,323,343,16,16,16,34,49,49,49,49,49,62,62,77,107,107,107],"floor_reached":33,"playtime":1866,"items_purged":["Strike_G"],"score":466,"play_id":"79ce5fe6-b466-4f55-8e0f-98474a3e4f5c","local_time":"20181208214443","is_ascension_mode":true,"campfire_choices":[{"floor":6.0,"key":"REST"},{"floor":8.0,"key":"RECALL"},{"floor":15.0,"key":"REST"},{"floor":24.0,"key":"REST"},{"floor":27,"key":"REST"},{"floor":29,"key":"REST"},{"floor":32,"key":"REST"}],"neow_cost":"NONE","seed_source_timestamp":0,"circlet_count":0,"master_deck":["AscendersBane","Defend_G","Defend_G","Defend_G","Defend_G","Strike_G","Strike_G+1","Strike_G","Strike_G","Survivor","Neutralize","Die Die Die+1","Footwork","Dagger Spray","Terror","Blur","Neutralize","Finisher","Blind","Deadly Poison","Quick Slash","Bouncing Flask","Die Die Die","Die Die Die","Well Laid Plans","Violence","Backflip","Bane","Prepared","Bouncing Flask","Leg Sweep"],"special_seed":0,"relics":["Ring of the Snake","Omamori","Dream Catcher","Busted Crown","Pear","Blood Vial"],"potions_floor_usage":[25,30,31,31,33],"damage_taken":[{"damage":3.0,"enemies":"Jaw Worm","floor":1.0,"turns":5.0},{"damage":0.0,"enemies":"2 Louse","floor":4.0,"turns":1.0},{"damage":0.0,"enemies":"Cultist","floor":5.0,"turns":3.0},{"damage":7.0,"enemies":"Gremlin Nob","floor":7.0,"turns":3.0},{"damage":9.0,"enemies":"Exordium Wildlife","floor":11.0,"turns":3.0},{"damage":4.0,"enemies":"Blue Slaver","floor":12.0,"turns":3.0},{"damage":1.0,"enemies":"3 Louse","floor":13.0,"turns":3.0},{"damage":30.0,"enemies":"Hexaghost","floor":16.0,"turns":12.0},{"damage":0.0,"enemies":"Spheric Guardian","floor":18.0,"turns":3.0},{"damage":23.0,"enemies":"2 Thieves","floor":22.0,"turns":3.0},{"damage":20.0,"enemies":"Sentry and Sphere","floor":23.0,"turns":6.0},{"damage":0,"enemies":"Colosseum Slavers","floor":25,"turns":1},{"damage":30,"enemies":"Shelled Parasite and Fungi","floor":28,"turns":5},{"damage":23,"enemies":"Snecko","floor":30,"turns":5},{"damage":27,"enemies":"Slavers","floor":31,"turns":3},{"damage":45,"enemies":"Automaton","floor":33,"turns":6}],"seed_played":"-6742599991339379900","potions_obtained":[{"floor":1.0,"key":"Swift Potion"},{"floor":4.0,"key":"Explosive Potion"},{"floor":12.0,"key":"EssenceOfSteel"},{"floor":16.0,"key":"EssenceOfSteel"},{"floor":22.0,"key":"Ancient Potion"},{"floor":23.0,"key":"SteroidPotion"},{"floor":28,"key":"Regen Potion"},{"floor":30,"key":"Ancient Potion"},{"floor":31,"key":"SteroidPotion"}],"is_trial":false,"path_per_floor":["M","?","?","M","M","R","E","R","T","?","M","M","M","?","R","B",null,"M","$","?","?","M","M","R","?","T","R","M","R","M","E","R","B"],"character_chosen":"THE_SILENT","items_purchased":["Well Laid Plans","Violence"],"campfire_rested":6,"item_purchase_floors":[19,19],"current_hp_per_floor":[60,60,46,46,46,67,60,60,60,60,51,47,46,46,67,37,62,62,62,49,49,26,6,28,28,38,63,33,58,44,17,42,0],"gold":107,"neow_bonus":"ONE_RANDOM_RARE_CARD","is_prod":false,"is_daily":false,"chose_seed":false,"campfire_upgraded":0,"win_rate":0,"timestamp":1544323483,"path_taken":["M","?","?","M","M","R","E","R","T","?","?","M","M","?","R","BOSS","M","$","?","?","M","M","R","?","T","R","?","R","M","E","R","BOSS"],"build_version":"2018-12-06","purchased_purges":1,"victory":false,"max_hp_per_floor":[70,70,70,70,70,70,70,70,70,70,70,70,70,70,70,70,70,70,70,75,75,75,75,75,75,85,85,85,85,85,85,85,85],"card_choices":[{"not_picked":["Prepared","Caltrops"],"picked":"Footwork","floor":1.0},{"not_picked":["Blade Dance","Backflip"],"picked":"Dagger Spray","floor":4.0},{"not_picked":["Slice","Dodge and Roll"],"picked":"Terror","floor":5.0},{"not_picked":["Night Terror","Poisoned Stab"],"picked":"Blur","floor":7.0},{"not_picked":["Sucker Punch","Underhanded Strike"],"picked":"Deadly Poison","floor":11.0},{"not_picked":["Outmaneuver","Tactician"],"picked":"Quick Slash","floor":12.0},{"not_picked":["Blade Dance","Flying Knee"],"picked":"Bouncing Flask","floor":13.0},{"not_picked":["Deadly Poison","Slice"],"picked":"Die Die Die","floor":15.0},{"not_picked":["Phantasmal Killer","Venomology"],"picked":"Die Die Die","floor":16.0},{"not_picked":["Dagger Throw"],"picked":"SKIP","floor":18.0},{"not_picked":["Tactician"],"picked":"SKIP","floor":22.0},{"not_picked":[],"picked":"Backflip","floor":23.0},{"not_picked":[],"picked":"Bane","floor":24.0},{"not_picked":[],"picked":"Prepared","floor":27},{"not_picked":["Sucker Punch"],"picked":"SKIP","floor":28},{"not_picked":[],"picked":"Bouncing Flask","floor":30},{"not_picked":[],"picked":"Leg Sweep","floor":31}],"player_experience":2047765,"relics_obtained":[{"floor":7.0,"key":"Omamori"},{"floor":9.0,"key":"Dream Catcher"},{"floor":26,"key":"Pear"},{"floor":31,"key":"Blood Vial"}],"event_choices":[{"damage_healed":0.0,"max_hp_gain":0.0,"max_hp_loss":0.0,"gold_gain":0.0,"event_name":"Liars Game","player_choice":"Ignored","floor":2.0,"gold_loss":0.0,"damage_taken":0.0},{"damage_healed":0.0,"max_hp_gain":0.0,"max_hp_loss":0.0,"gold_gain":0.0,"event_name":"Shining Light","player_choice":"Entered Light","floor":3.0,"gold_loss":0.0,"damage_taken":14.0,"cards_upgraded":["Die Die Die","Strike_G"]},{"damage_healed":0.0,"max_hp_gain":0.0,"max_hp_loss":0.0,"gold_gain":0.0,"event_name":"Match and Keep!","player_choice":"3 cards matched","floor":10.0,"gold_loss":0.0,"damage_taken":0.0,"cards_obtained":["Neutralize","Finisher","Blind"]},{"cards_removed":["Defend_G"],"damage_healed":0.0,"max_hp_gain":0.0,"max_hp_loss":0.0,"gold_gain":0.0,"event_name":"Living Wall","player_choice":"Forget","floor":14.0,"gold_loss":0.0,"damage_taken":0.0},{"damage_healed":0.0,"max_hp_gain":5.0,"max_hp_loss":0.0,"gold_gain":0.0,"event_name":"Forgotten Altar","player_choice":"Shed Blood","floor":20.0,"gold_loss":0.0,"damage_taken":18.0},{"damage_healed":0.0,"max_hp_gain":0.0,"max_hp_loss":0.0,"gold_gain":0.0,"event_name":"Vampires","player_choice":"Ignored","floor":21.0,"gold_loss":0.0,"damage_taken":0.0},{"damage_healed":0,"gold_gain":0,"player_choice":"Fight","damage_taken":0,"max_hp_gain":0,"max_hp_loss":0,"event_name":"Colosseum","floor":25,"gold_loss":0},{"damage_healed":0,"gold_gain":0,"player_choice":"Fled From Nobs","damage_taken":0,"max_hp_gain":0,"max_hp_loss":0,"event_name":"Colosseum","floor":25,"gold_loss":0}],"is_beta":false,"boss_relics":[{"not_picked":["WristBlade","Velvet Choker"],"picked":"Busted Crown"}],"items_purged_floors":[19],"is_endless":false,"potions_floor_spawned":[1,4,12,16,22,23,28,30,31],"killed_by":"Automaton","ascension_level":13}