{"gold_per_floor":[113,126,145,158,1,26,26,59,85,85,85,95,95,129,129,203,203,216,20,20,34,44,44,70,83,83,100,119,138,168,168,168,243,243,257,357,579,62,81,114,114,128,154,166,191,191,223,235,247,259],"floor_reached":50,"playtime":4826,"items_purged":["Strike_G"],"score":1399,"play_id":"f3723d98-b109-478d-9106-b1ca9f124ad8","local_time":"20190428005013","is_ascension_mode":true,"campfire_choices":[{"floor":7.0,"key":"REST"},{"data":"Neutralize","floor":10.0,"key":"SMITH"},{"floor":13.0,"key":"REST"},{"data":"Riddle With Holes","floor":15.0,"key":"SMITH"},{"data":"Footwork","floor":23,"key":"SMITH"},{"floor":32,"key":"REST"},{"data":"Burst","floor":41,"key":"SMITH"},{"data":"Adrenaline","floor":49,"key":"SMITH"}],"neow_cost":"TEN_PERCENT_HP_LOSS","seed_source_timestamp":476312279470401,"circlet_count":0,"master_deck":["AscendersBane","Defend_G","Defend_G","Defend_G","Defend_G","Strike_G","Strike_G","Strike_G","Survivor","Neutralize+1","Deadly Poison","Dagger Spray","Flying Knee","PiercingWail","Cloak And Dagger","Blade Dance","PiercingWail","Terror","Riddle With Holes+1","Phantasmal Killer","Burst+1","Footwork+1","Dodge and Roll","Bouncing Flask","Cloak And Dagger","Cloak And Dagger","Dodge and Roll","PiercingWail","Deflect","Corpse Explosion","Poisoned Stab+1","Leg Sweep","Adrenaline+1","Injury","Doubt","Doubt","Deflect","Cloak And Dagger","Catalyst","Well Laid Plans","Bane"],"special_seed":0,"relics":["Ring of the Snake","Du-Vu Doll","Mercury Hourglass","Ancient Tea Set","Happy Flower","Vajra","Empty Cage","Gremlin Horn","FossilizedHelix","Red Mask","Calling Bell","Regal Pillow","Question Card","Dead Branch","Bird Faced Urn","Letter Opener","TwistedFunnel","Turnip","PreservedInsect","Tingsha","MawBank"],"potions_floor_usage":[18,21,25,25,30,33,50],"damage_taken":[{"damage":1.0,"enemies":"Small Slimes","floor":1.0,"turns":3.0},{"damage":2.0,"enemies":"Jaw Worm","floor":2.0,"turns":3.0},{"damage":1.0,"enemies":"2 Louse","floor":3.0,"turns":2.0},{"damage":10.0,"enemies":"Large Slime","floor":4.0,"turns":6.0},{"damage":22.0,"enemies":"3 Sentries","floor":6.0,"turns":8.0},{"damage":16.0,"enemies":"Lagavulin","floor":8.0,"turns":5.0},{"damage":0.0,"enemies":"Looter","floor":12.0,"turns":2.0},{"damage":4.0,"enemies":"Gremlin Nob","floor":14.0,"turns":3.0},{"damage":0.0,"enemies":"The Guardian","floor":16.0,"turns":8.0},{"damage":0,"enemies":"Chosen","floor":18,"turns":3},{"damage":1,"enemies":"Spheric Guardian","floor":21,"turns":4},{"damage":6,"enemies":"3 Cultists","floor":22,"turns":4},{"damage":21,"enemies":"Slavers","floor":24,"turns":6},{"damage":7,"enemies":"Centurion and Healer","floor":25,"turns":7},{"damage":11,"enemies":"Shelled Parasite and Fungi","floor":27,"turns":6},{"damage":0,"enemies":"Cultist and Chosen","floor":28,"turns":7},{"damage":0,"enemies":"3 Cultists","floor":29,"turns":3},{"damage":0,"enemies":"Masked Bandits","floor":30,"turns":3},{"damage":52,"enemies":"Collector","floor":33,"turns":11},{"damage":1,"enemies":"3 Darklings","floor":35,"turns":4},{"damage":0,"enemies":"Mind Bloom Boss Battle","floor":36,"turns":6},{"damage":0,"enemies":"Orb Walker","floor":39,"turns":4},{"damage":0,"enemies":"Reptomancer","floor":40,"turns":4},{"damage":0,"enemies":"3 Darklings","floor":42,"turns":3},{"damage":0,"enemies":"4 Shapes","floor":44,"turns":1},{"damage":0,"enemies":"Nemesis","floor":45,"turns":5},{"damage":31,"enemies":"Giant Head","floor":47,"turns":7},{"damage":59,"enemies":"Awakened One","floor":50,"turns":9}],"seed_played":"-5987003398326404358","potions_obtained":[{"floor":1.0,"key":"GamblersBrew"},{"floor":6.0,"key":"Fire Potion"},{"floor":8.0,"key":"Block Potion"},{"floor":16.0,"key":"AttackPotion"},{"floor":22,"key":"Regen Potion"},{"floor":24,"key":"Ancient Potion"},{"floor":25,"key":"GamblersBrew"},{"floor":30,"key":"AttackPotion"},{"floor":33,"key":"SteroidPotion"},{"floor":36,"key":"Fire Potion"}],"is_trial":false,"path_per_floor":["M","M","M","M","$","E","R","E","T","R","?","M","R","E","R","B",null,"M","$","?","M","M","R","E","M","T","M","M","M","?","?","R","B",null,"M","?","?","$","M","E","R","M","T","M","E","?","E","?","R","B"],"character_chosen":"THE_SILENT","items_purchased":["Cloak And Dagger","Blade Dance","Footwork","Dodge and Roll","Bouncing Flask","Letter Opener","TwistedFunnel"],"campfire_rested":3,"item_purchase_floors":[5,5,19,19,19,38,38],"current_hp_per_floor":[58,56,55,45,45,23,41,25,25,25,20,20,38,34,34,34,54,54,54,54,53,47,47,26,34,34,23,23,23,23,35,53,1,45,44,44,44,44,46,50,50,54,54,56,60,60,29,49,49,0],"gold":259,"neow_bonus":"ONE_RARE_RELIC","is_prod":false,"is_daily":false,"chose_seed":false,"campfire_upgraded":5,"win_rate":0,"timestamp":1556427013,"path_taken":["M","M","M","M","$","E","R","E","T","R","?","M","R","E","R","BOSS","M","$","?","M","M","R","E","M","T","M","M","M","?","?","R","BOSS","M","?","?","$","M","E","R","M","T","M","E","?","E","?","R","BOSS"],"build_version":"2019-01-23","purchased_purges":1,"victory":false,"max_hp_per_floor":[60,60,60,60,60,60,60,60,60,60,60,60,60,60,60,60,60,60,60,60,60,60,60,60,60,60,60,60,60,60,60,60,60,60,60,60,60,60,60,60,60,60,60,60,60,60,60,49,49,49],"card_choices":[{"not_picked":["Finisher","Infinite Blades"],"picked":"Deadly Poison","floor":1.0},{"not_picked":["Blade Dance","Expertise"],"picked":"Dagger Spray","floor":2.0},{"not_picked":["Deflect","Deadly Poison"],"picked":"Flying Knee","floor":3.0},{"not_picked":["Catalyst","Riddle With Holes"],"picked":"PiercingWail","floor":4.0},{"not_picked":["Blade Dance","Deadly Poison"],"picked":"PiercingWail","floor":6.0},{"not_picked":["Leg Sweep","Prepared"],"picked":"Terror","floor":8.0},{"not_picked":["Cloak And Dagger","Endless Agony"],"picked":"Riddle With Holes","floor":12.0},{"not_picked":["Blade Dance","Expertise"],"picked":"Phantasmal Killer","floor":14.0},{"not_picked":["Grand Finale","Doppelganger"],"picked":"Burst","floor":16.0},{"not_picked":["Dagger Throw","Flying Knee","Reflex"],"picked":"SKIP","floor":18},{"not_picked":["Underhanded Strike","Prepared"],"picked":"Cloak And Dagger","floor":21},{"not_picked":["Terror","Backflip"],"picked":"Cloak And Dagger","floor":22},{"not_picked":["Expertise","Quick Slash"],"picked":"Dodge and Roll","floor":24},{"not_picked":["Outmaneuver+1","Dodge and Roll"],"picked":"PiercingWail","floor":25},{"not_picked":["Slice","Eviscerate"],"picked":"Deflect","floor":27},{"not_picked":["Blade Dance","Deflect"],"picked":"Corpse Explosion","floor":28},{"not_picked":["Masterful Stab","Underhanded Strike"],"picked":"Poisoned Stab+1","floor":29},{"not_picked":["Dash","Distraction+1"],"picked":"Leg Sweep","floor":30},{"not_picked":["Die Die Die","Grand Finale"],"picked":"Adrenaline","floor":33},{"not_picked":["Flying Knee+1","Eviscerate","Slice"],"picked":"Deflect","floor":35},{"not_picked":["Dagger Throw+1","Prepared","Escape Plan"],"picked":"Cloak And Dagger","floor":36},{"not_picked":["Sucker Punch+1","Deadly Poison","Bane"],"picked":"Catalyst","floor":39},{"not_picked":["Deadly Poison","Dagger Throw+1","Quick Slash","Sucker Punch"],"picked":"SKIP","floor":40},{"not_picked":["Slice","Catalyst","Distraction"],"picked":"Well Laid Plans","floor":42},{"not_picked":["Quick Slash","Dodge and Roll+1","Tools of the Trade"],"picked":"Bane","floor":44},{"not_picked":["Sucker Punch","Backflip","Slice+1"],"picked":"Bane","floor":45},{"not_picked":["All Out Attack","Night Terror","Backflip","Dodge and Roll"],"picked":"SKIP","floor":47}],"player_experience":2538324,"relics_obtained":[{"floor":6.0,"key":"Mercury Hourglass"},{"floor":8.0,"key":"Ancient Tea Set"},{"floor":9.0,"key":"Happy Flower"},{"floor":14.0,"key":"Vajra"},{"floor":24,"key":"Gremlin Horn"},{"floor":26,"key":"FossilizedHelix"},{"floor":30,"key":"Red Mask"},{"floor":34,"key":"Regal Pillow"},{"floor":34,"key":"Question Card"},{"floor":34,"key":"Dead Branch"},{"floor":36,"key":"Bird Faced Urn"},{"floor":40,"key":"Turnip"},{"floor":43,"key":"PreservedInsect"},{"floor":45,"key":"Tingsha"},{"floor":47,"key":"MawBank"}],"event_choices":[{"damage_healed":0.0,"max_hp_gain":0.0,"max_hp_loss":0.0,"gold_gain":0.0,"event_name":"Scrap Ooze","player_choice":"Fled","floor":11.0,"gold_loss":0.0,"damage_taken":5.0},{"damage_healed":0,"gold_gain":0,"player_choice":"Ignored","damage_taken":0,"max_hp_gain":0,"max_hp_loss":0,"event_name":"Ghosts","floor":20,"gold_loss":0},{"damage_healed":0,"gold_gain":0,"player_choice":"Fought Bandits","damage_taken":0,"max_hp_gain":0,"max_hp_loss":0,"event_name":"Masked Bandits","floor":30,"gold_loss":0},{"damage_healed":12,"gold_gain":0,"player_choice":"Heal","damage_taken":0,"max_hp_gain":0,"max_hp_loss":0,"event_name":"The Library","floor":31,"gold_loss":0},{"damage_healed":0,"gold_gain":0,"player_choice":"Fight","damage_taken":0,"max_hp_gain":0,"max_hp_loss":0,"event_name":"MindBloom","floor":36,"gold_loss":0},{"damage_healed":0,"gold_gain":222,"player_choice":"Wore Mask","damage_taken":0,"max_hp_gain":0,"max_hp_loss":0,"event_name":"Tomb of Lord Red Mask","floor":37,"gold_loss":0},{"cards_removed":["Bane"],"damage_healed":0,"gold_gain":0,"player_choice":"Removed Attack","damage_taken":0,"max_hp_gain":0,"max_hp_loss":0,"event_name":"Falling","floor":46,"gold_loss":0},{"damage_healed":49,"gold_gain":0,"player_choice":"Heal","damage_taken":0,"max_hp_gain":0,"max_hp_loss":11,"event_name":"The Moai Head","floor":48,"gold_loss":0}],"is_beta":false,"boss_relics":[{"not_picked":["HoveringKite","Busted Crown"],"picked":"Empty Cage"},{"not_picked":["Black Star","Runic Pyramid"],"picked":"Calling Bell"}],"items_purged_floors":[5],"is_endless":false,"potions_floor_spawned":[1,6,8,16,22,24,25,30,33,36,40,42,45],"killed_by":"Awakened One","ascension_level":18}