{"gold_per_floor":[114,114,114,125,136,215,215,227,251,251,261,261,40,55,55,55],"floor_reached":16,"playtime":1137,"items_purged":[],"score":92,"play_id":"d1b96e80-4f6b-4225-be7f-0e2854590917","local_time":"20190717170420","is_ascension_mode":false,"campfire_choices":[{"floor":7,"key":"REST"},{"floor":10,"key":"REST"},{"floor":12,"key":"REST"},{"floor":15,"key":"REST"}],"neow_cost":"NONE","seed_source_timestamp":197032421235514,"circlet_count":0,"master_deck":["Strike_G","Strike_G","Strike_G","Strike_G","Strike_G","Defend_G","Defend_G","Defend_G","Defend_G","Defend_G","Survivor","Concentrate","Dash","Backflip","Poisoned Stab","Quick Slash","Cloak And Dagger","Quick Slash","Poisoned Stab"],"relics":["Ring of the Snake","Tiny Chest","Anchor","Vajra"],"potions_floor_usage":[16,16,16],"damage_taken":[{"damage":2,"enemies":"Small Slimes","floor":1,"turns":4},{"damage":9,"enemies":"Jaw Worm","floor":4,"turns":6},{"damage":7,"enemies":"Cultist","floor":5,"turns":4},{"damage":56,"enemies":"Exordium Wildlife","floor":8,"turns":14},{"damage":12,"enemies":"Large Slime","floor":11,"turns":8},{"damage":0,"enemies":"Blue Slaver","floor":14,"turns":2},{"damage":79,"enemies":"Slime Boss","floor":16,"turns":23}],"seed_played":"-7834980050312712745","potions_obtained":[{"floor":5,"key":"Dexterity Potion"},{"floor":8,"key":"Poison Potion"},{"floor":11,"key":"Explosive Potion"}],"is_trial":false,"path_per_floor":["M","?","?","M","M","T","R","M","T","R","M","R","$","M","R","B"],"character_chosen":"THE_SILENT","items_purchased":["Vajra","Cloak And Dagger","Quick Slash"],"campfire_rested":4,"item_purchase_floors":[13,13,13],"current_hp_per_floor":[75,75,75,66,59,59,77,21,21,44,32,55,55,55,77,0],"gold":55,"neow_bonus":"TEN_PERCENT_HP_BONUS","is_prod":false,"is_daily":false,"chose_seed":false,"campfire_upgraded":0,"win_rate":0.0,"timestamp":1563393860,"path_taken":["M","?","?","?","M","?","R","M","T","R","M","R","$","M","R","BOSS"],"build_version":"2019-07-05","purchased_purges":0,"victory":false,"max_hp_per_floor":[77,77,77,77,77,77,77,77,77,77,77,77,77,77,77,77],"card_choices":[{"not_picked":["Sucker Punch","Footwork"],"picked":"Concentrate","floor":1},{"not_picked":["PiercingWail","Slice"],"picked":"Dash","floor":4},{"not_picked":["Blade Dance","Dagger Spray"],"picked":"Backflip","floor":5},{"not_picked":["Blade Dance","Caltrops"],"picked":"Poisoned Stab","floor":8},{"not_picked":["PiercingWail","Adrenaline"],"picked":"Quick Slash","floor":11},{"not_picked":["Dodge and Roll","Caltrops"],"picked":"Poisoned Stab","floor":14}],"player_experience":193341,"relics_obtained":[{"floor":6,"key":"Tiny Chest"},{"floor":9,"key":"Anchor"}],"event_choices":[{"damage_healed":0,"gold_gain":0,"player_choice":"Ignored","damage_taken":0,"max_hp_gain":0,"max_hp_loss":0,"event_name":"Golden Idol","floor":2,"gold_loss":0},{"cards_removed":["Neutralize"],"damage_healed":0,"gold_gain":0,"player_choice":"Card Removal","damage_taken":0,"max_hp_gain":0,"max_hp_loss":0,"event_name":"Wheel of Change","floor":3,"gold_loss":0}],"is_beta":false,"boss_relics":[],"items_purged_floors":[],"is_endless":false,"potions_floor_spawned":[5,8,11,14],"killed_by":"Slime Boss","ascension_level":0}