{"gold_per_floor":[118,218,236,66,78,78,106,106,187,187,187,187,187,8,8,107,107,124,124,138,48,58,58,84,84,384,398,431,510,510,510,510,605,605,617,85,85,85,98,98],"floor_reached":40,"playtime":2995,"items_purged":["Strike_R"],"score":579,"play_id":"c32ab144-61ac-41fc-b3c6-86e0986aec64","local_time":"20180811144836","is_ascension_mode":true,"campfire_choices":[{"data":"Double Tap","floor":6.0,"key":"SMITH"},{"data":"Clothesline","floor":8.0,"key":"SMITH"},{"data":"Clash","floor":10.0,"key":"SMITH"},{"floor":15.0,"key":"REST"},{"floor":23.0,"key":"REST"},{"floor":30.0,"key":"REST"},{"floor":32.0,"key":"REST"}],"neow_cost":"NONE","seed_source_timestamp":0,"circlet_count":0,"master_deck":["Strike_R","Strike_R","Strike_R","Defend_R","Defend_R","Defend_R","Bash+1","Headbutt","Clothesline+1","Double Tap+1","Shrug It Off","Impervious","Clash+1","Spot Weakness","Enlightenment","Cleave+1","Iron Wave+1","Bludgeon+1","Headbutt+1","Pummel+1","Enlightenment+1","Heavy Blade+1","Inflame","Flex+1","Heavy Blade+1","Bludgeon+1","Shockwave+1","Pommel Strike+1","Shrug It Off","Finesse","Madness","Madness","Headbutt+1"],"special_seed":0,"relics":["Burning Blood","Art of War","Molten Egg 2","CultistMask","Fusion Hammer","Nunchaku","Bottled Lightning","Old Coin","Torii","Dodecahedron","Pantograph","White Beast Statue","Meat on the Bone"],"potions_floor_usage":[39,39,40],"damage_taken":[{"damage":10.0,"enemies":"Small Slimes","floor":1.0,"turns":4.0},{"damage":5.0,"enemies":"Cultist","floor":3.0,"turns":4.0},{"damage":9.0,"enemies":"Jaw Worm","floor":5.0,"turns":3.0},{"damage":26.0,"enemies":"3 Sentries","floor":7.0,"turns":9.0},{"damage":67.0,"enemies":"Slime Boss","floor":16.0,"turns":9.0},{"damage":3.0,"enemies":"2 Thieves","floor":18.0,"turns":3.0},{"damage":3.0,"enemies":"Spheric Guardian","floor":20.0,"turns":3.0},{"damage":10.0,"enemies":"Centurion and Healer","floor":22.0,"turns":3.0},{"damage":37.0,"enemies":"Gremlin Leader","floor":24.0,"turns":4.0},{"damage":8.0,"enemies":"Snecko","floor":27.0,"turns":3.0},{"damage":0.0,"enemies":"Book of Stabbing","floor":28.0,"turns":2.0},{"damage":53.0,"enemies":"Automaton","floor":33.0,"turns":8.0},{"damage":10.0,"enemies":"3 Shapes","floor":35.0,"turns":6.0},{"damage":44,"enemies":"3 Darklings","floor":39,"turns":6},{"damage":30,"enemies":"Nemesis","floor":40,"turns":2}],"seed_played":"712603424633699744","potions_obtained":[{"floor":1.0,"key":"Energy Potion"},{"floor":16.0,"key":"EssenceOfSteel"},{"floor":18.0,"key":"LiquidBronze"},{"floor":24.0,"key":"Dexterity Potion"},{"floor":33.0,"key":"PowerPotion"},{"floor":35.0,"key":"LiquidBronze"},{"floor":39,"key":"Dexterity Potion"}],"is_trial":false,"path_per_floor":["M","?","M","$","M","R","E","R","T","R","?","?","?","$","R","B",null,"M","?","M","$","M","R","E","$","T","M","E","T","R","T","R","B",null,"M","$","?","?","M"],"character_chosen":"IRONCLAD","items_purchased":["Double Tap","Shrug It Off","Enlightenment","Cleave+1","Iron Wave+1","Enlightenment","Pommel Strike+1","Shrug It Off","Meat on the Bone","Finesse"],"campfire_rested":4,"item_purchase_floors":[4,4,14,14,14,21,36,36,36,36],"current_hp_per_floor":[76,76,77,77,74,74,54,54,54,54,54,47,47,47,71,10,63,66,66,69,69,65,80,49,49,49,47,53,53,77,77,80,33,68,64,64,64,54,28,0],"gold":98,"neow_bonus":"UPGRADE_CARD","is_prod":false,"is_daily":false,"chose_seed":false,"campfire_upgraded":3,"win_rate":0,"timestamp":1534013316,"path_taken":["M","?","M","$","M","R","E","R","T","R","?","?","?","?","R","BOSS","M","?","M","$","M","R","E","$","T","?","E","?","R","?","R","BOSS","M","$","?","?","M","E"],"build_version":"2018-08-09","purchased_purges":1,"victory":false,"max_hp_per_floor":[80,80,80,80,80,80,80,80,80,80,80,80,80,80,80,80,80,80,80,80,80,80,80,80,80,80,80,80,80,80,80,80,80,80,80,80,80,80,80,80],"card_choices":[{"not_picked":["Sword Boomerang","Body Slam"],"picked":"Headbutt","floor":1.0},{"not_picked":["Searing Blow","Perfected Strike"],"picked":"Clothesline","floor":3.0},{"not_picked":["Flex","Wild Strike"],"picked":"Impervious","floor":5.0},{"not_picked":["Entrench","True Grit"],"picked":"Clash","floor":7.0},{"not_picked":["Impervious","Reaper+1"],"picked":"Bludgeon+1","floor":16.0},{"not_picked":["Cleave+1","Whirlwind+1"],"picked":"Headbutt+1","floor":18.0},{"not_picked":["True Grit","Sever Soul+1"],"picked":"Pummel+1","floor":20.0},{"not_picked":["Body Slam+1","Inflame"],"picked":"Heavy Blade+1","floor":22.0},{"not_picked":["Anger+1","Juggernaut"],"picked":"Inflame","floor":24.0},{"not_picked":["Anger+1","Warcry"],"picked":"Flex+1","floor":27.0},{"not_picked":["Brutality","Rage"],"picked":"Heavy Blade+1","floor":28.0},{"not_picked":["Berserk","Barricade"],"picked":"Bludgeon+1","floor":33.0},{"not_picked":["Anger+1","Flame Barrier"],"picked":"Shockwave+1","floor":35.0},{"not_picked":["Pommel Strike+1","Sword Boomerang+1"],"picked":"Headbutt+1","floor":39}],"player_experience":1501810,"relics_obtained":[{"floor":7.0,"key":"Art of War"},{"floor":9.0,"key":"Molten Egg 2"},{"floor":24.0,"key":"Bottled Lightning"},{"floor":26.0,"key":"Old Coin"},{"floor":28.0,"key":"Torii"},{"floor":29.0,"key":"Dodecahedron"},{"floor":31.0,"key":"Pantograph"}],"event_choices":[{"event_name":"Wheel of Change","player_choice":"Gold","floor":2.0,"damage_taken":0.0},{"event_name":"FaceTrader","player_choice":"Trade","floor":11.0,"damage_taken":0.0},{"event_name":"Golden Wing","player_choice":"Card Removal","floor":12.0,"damage_taken":0.0},{"event_name":"Transmorgrifier","player_choice":"Transform","floor":13.0,"damage_taken":0.0},{"event_name":"The Mausoleum","player_choice":"Yes","floor":19.0,"damage_taken":0.0},{"event_name":"Accursed Blacksmith","player_choice":"Forge","floor":37.0,"damage_taken":0.0},{"event_name":"Winding Halls","player_choice":"Embrace Madness","floor":38.0,"damage_taken":0.0}],"is_beta":false,"boss_relics":[{"not_picked":["Runic Cube","Empty Cage"],"picked":"Fusion Hammer"},{"not_picked":["Pandora\u0027s Box","Snecko Eye"],"picked":"White Beast Statue"}],"items_purged_floors":[36],"is_endless":false,"potions_floor_spawned":[1,16,18,24,33,35,39],"killed_by":"Nemesis","ascension_level":5}