{"gold_per_floor":[111,122,122,122,141,141,177,177,177,221,221,200,200,215,215,215],"floor_reached":16,"playtime":1593,"items_purged":[],"score":165,"play_id":"3214b841-b84c-4d35-9021-a773897cda1b","local_time":"20180923163220","is_ascension_mode":true,"campfire_choices":[{"floor":6.0,"key":"REST"},{"floor":8,"key":"REST"},{"floor":11,"key":"REST"},{"floor":13,"key":"REST"},{"floor":15,"key":"REST"}],"neow_cost":"NONE","seed_source_timestamp":0,"circlet_count":0,"master_deck":["Defend_G","Defend_G","Defend_G","Defend_G","Defend_G","Strike_G","Strike_G","Strike_G","Strike_G","Survivor","Neutralize+1","AscendersBane","Predator","Outmaneuver","Acrobatics","Concentrate","Tools of the Trade","Venomology","Blade Dance","A Thousand Cuts"],"special_seed":0,"relics":["Ring of the Snake","Golden Idol","Kunai","Ancient Tea Set","Singing Bowl"],"potions_floor_usage":[7,10,14,16],"damage_taken":[{"damage":0.0,"enemies":"Small Slimes","floor":1.0,"turns":4.0},{"damage":4.0,"enemies":"Jaw Worm","floor":2.0,"turns":3.0},{"damage":2.0,"enemies":"2 Louse","floor":5.0,"turns":3.0},{"damage":50,"enemies":"Gremlin Nob","floor":7,"turns":6},{"damage":25,"enemies":"Lagavulin","floor":10,"turns":10},{"damage":10,"enemies":"Exordium Thugs","floor":12,"turns":5},{"damage":12,"enemies":"Lots of Slimes","floor":14,"turns":6},{"damage":57,"enemies":"Slime Boss","floor":16,"turns":11}],"seed_played":"3784965740418464167","potions_obtained":[{"floor":5.0,"key":"Strength Potion"},{"floor":7,"key":"SteroidPotion"}],"is_trial":false,"path_per_floor":["M","M","?","?","M","R","E","R","T","E","R","M","R","M","R"],"character_chosen":"THE_SILENT","items_purchased":[],"campfire_rested":5,"item_purchase_floors":[],"current_hp_per_floor":[63,59,59,42,40,61,11,32,32,7,28,18,39,27,48,0],"gold":215,"neow_bonus":"UPGRADE_CARD","is_prod":false,"is_daily":false,"chose_seed":false,"campfire_upgraded":0,"win_rate":0,"timestamp":1537734740,"path_taken":["M","M","?","?","M","R","E","R","T","E","R","M","R","?","R","BOSS"],"build_version":"2018-08-23v2","purchased_purges":0,"victory":false,"max_hp_per_floor":[70,70,70,70,70,70,70,70,70,70,70,70,70,70,70,70],"card_choices":[{"not_picked":["Quick Slash","Cloak And Dagger"],"picked":"Predator","floor":1.0},{"not_picked":["Underhanded Strike","Dash"],"picked":"Outmaneuver","floor":2.0},{"not_picked":["Prepared","Backflip"],"picked":"Concentrate","floor":5.0},{"not_picked":["Bane","Reflex"],"picked":"Tools of the Trade","floor":7},{"not_picked":["Sucker Punch","Endless Agony"],"picked":"Venomology","floor":10},{"not_picked":["Poisoned Stab","Masterful Stab"],"picked":"Blade Dance","floor":12},{"not_picked":["PiercingWail","Quick Slash"],"picked":"A Thousand Cuts","floor":14}],"player_experience":1756326,"relics_obtained":[{"floor":7,"key":"Kunai"},{"floor":9,"key":"Ancient Tea Set"},{"floor":10,"key":"Singing Bowl"}],"event_choices":[{"event_name":"Living Wall","player_choice":"Change","floor":3.0,"damage_taken":0.0},{"event_name":"Golden Idol","player_choice":"Take Damage","floor":4.0,"damage_taken":0.0}],"is_beta":false,"boss_relics":[],"items_purged_floors":[],"is_endless":false,"potions_floor_spawned":[5,7],"killed_by":"Slime Boss","ascension_level":10}