{"gold_per_floor":[117,36,36,36,55,80,80,36,63,63,63,95,113,124,124,197,197,216,4,22,22,34,34,34,34,34,64,75,0,15,44,44,44],"floor_reached":33,"playtime":1790,"items_purged":["Strike_G"],"score":636,"play_id":"8fbb508f-af7c-4729-956f-2b5e5f1c8d84","local_time":"20191025185407","is_ascension_mode":true,"campfire_choices":[{"data":"Sucker Punch","floor":7,"key":"SMITH"},{"data":"Deadly Poison","floor":10,"key":"SMITH"},{"data":"Venomology","floor":15,"key":"SMITH"},{"floor":23,"key":"REST"},{"data":"Malaise","floor":25,"key":"SMITH"},{"data":"Dagger Spray","floor":32,"key":"SMITH"}],"neow_cost":"NONE","seed_source_timestamp":2166570336783515,"circlet_count":0,"master_deck":["AscendersBane","Defend_G","Defend_G","Defend_G","Defend_G","Defend_G","Strike_G","Strike_G","Strike_G","Survivor","Neutralize+1","Caltrops","PiercingWail","Sucker Punch+1","Dagger Spray+1","Deadly Poison+1","Predator","Venomology+1","Deflect","Malaise+1","Quick Slash+1","Backstab","Escape Plan","Flying Knee","Heel Hook"],"relics":["Ring of the Serpent","NeowsBlessing","Happy Flower","Pantograph","Bronze Scales","Ninja Scroll","Toy Ornithopter","PreservedInsect","Matryoshka","Anchor"],"potions_floor_usage":[12,16,16,18,20,22,27,28,28,31,33,33,33],"damage_taken":[{"damage":0,"enemies":"Jaw Worm","floor":1,"turns":1},{"damage":0,"enemies":"Small Slimes","floor":5,"turns":1},{"damage":0,"enemies":"Gremlin Nob","floor":6,"turns":1},{"damage":22,"enemies":"3 Sentries","floor":12,"turns":6},{"damage":0,"enemies":"Cultist","floor":13,"turns":2},{"damage":0,"enemies":"Red Slaver","floor":14,"turns":3},{"damage":11,"enemies":"The Guardian","floor":16,"turns":9},{"damage":0,"enemies":"3 Byrds","floor":18,"turns":2},{"damage":12,"enemies":"2 Thieves","floor":20,"turns":3},{"damage":20,"enemies":"Centurion and Healer","floor":22,"turns":5},{"damage":6,"enemies":"Slavers","floor":27,"turns":3},{"damage":0,"enemies":"Snake Plant","floor":28,"turns":4},{"damage":10,"enemies":"Snecko","floor":30,"turns":6},{"damage":7,"enemies":"Book of Stabbing","floor":31,"turns":4},{"damage":86,"enemies":"Collector","floor":33,"turns":8}],"seed_played":"-7863322966785101155","potions_obtained":[{"floor":1,"key":"Swift Potion"},{"floor":12,"key":"Fruit Juice"},{"floor":14,"key":"Fire Potion"},{"floor":20,"key":"Explosive Potion"},{"floor":22,"key":"GhostInAJar"},{"floor":31,"key":"Energy Potion"}],"is_trial":false,"path_per_floor":["M","$","?","?","M","E","R","$","T","R","?","E","M","M","R","B",null,"M","$","M","?","M","R","?","R","T","E","M","$","M","E","R","B"],"character_chosen":"THE_SILENT","items_purchased":["PiercingWail","Sucker Punch","Predator","Toy Ornithopter"],"campfire_rested":1,"item_purchase_floors":[2,2,8,19],"current_hp_per_floor":[59,59,48,48,48,48,48,48,48,48,48,31,31,31,31,45,65,65,65,58,38,23,45,45,45,45,44,54,54,44,42,42,0],"gold":44,"neow_bonus":"THREE_ENEMY_KILL","is_prod":false,"is_daily":false,"chose_seed":false,"campfire_upgraded":5,"win_rate":0,"timestamp":1572044047,"path_taken":["M","$","?","?","?","E","R","?","T","R","?","E","M","M","R","BOSS","M","$","M","?","M","R","?","R","T","E","M","?","M","E","R","BOSS"],"build_version":"2019-01-23","purchased_purges":1,"victory":false,"max_hp_per_floor":[66,66,66,66,66,66,66,66,66,66,66,71,71,71,71,71,71,71,71,71,76,76,76,76,76,76,76,76,76,76,76,76,76],"card_choices":[{"not_picked":["Reflex","Acrobatics"],"picked":"Caltrops","floor":1},{"not_picked":["Outmaneuver","Eviscerate"],"picked":"Dagger Spray","floor":5},{"not_picked":["Finisher","Sucker Punch"],"picked":"Deadly Poison","floor":6},{"not_picked":["PiercingWail","Expertise"],"picked":"Venomology","floor":12},{"not_picked":["Backflip","Acrobatics"],"picked":"Deflect","floor":13},{"not_picked":["Predator","Sucker Punch","Blade Dance"],"picked":"SKIP","floor":14},{"not_picked":["Unload","Glass Knife"],"picked":"Malaise","floor":16},{"not_picked":["All Out Attack","Dagger Throw"],"picked":"Quick Slash+1","floor":18},{"not_picked":["Deflect","Flying Knee"],"picked":"Backstab","floor":20},{"not_picked":["Flechettes","Dagger Throw","Infinite Blades"],"picked":"SKIP","floor":22},{"not_picked":["Dash","Finisher"],"picked":"Escape Plan","floor":27},{"not_picked":["Dagger Spray","Dash","Backflip"],"picked":"SKIP","floor":28},{"not_picked":["Slice","Predator+1"],"picked":"Flying Knee","floor":30},{"not_picked":["Distraction","Backflip"],"picked":"Heel Hook","floor":31}],"player_experience":3075652,"relics_obtained":[{"floor":6,"key":"Pantograph"},{"floor":9,"key":"Bronze Scales"},{"floor":12,"key":"Ninja Scroll"},{"floor":26,"key":"PreservedInsect"},{"floor":27,"key":"Matryoshka"},{"floor":31,"key":"Anchor"}],"event_choices":[{"damage_healed":0,"gold_gain":0,"player_choice":"Success","damage_taken":11,"relics_obtained":["Happy Flower"],"max_hp_gain":0,"max_hp_loss":0,"event_name":"Scrap Ooze","floor":3,"gold_loss":0},{"damage_healed":0,"gold_gain":0,"player_choice":"Upgraded","damage_taken":0,"max_hp_gain":0,"max_hp_loss":0,"event_name":"Upgrade Shrine","floor":4,"gold_loss":0,"cards_upgraded":["Neutralize"]},{"cards_removed":["Strike_G"],"damage_healed":0,"gold_gain":0,"player_choice":"Forget","damage_taken":0,"max_hp_gain":0,"max_hp_loss":0,"event_name":"Living Wall","floor":11,"gold_loss":0},{"damage_healed":0,"gold_gain":0,"player_choice":"Shed Blood","damage_taken":25,"max_hp_gain":5,"max_hp_loss":0,"event_name":"Forgotten Altar","floor":21,"gold_loss":0}],"is_beta":false,"boss_relics":[{"not_picked":["HoveringKite","Calling Bell"],"picked":"Ring of the Serpent"}],"items_purged_floors":[29],"is_endless":false,"potions_floor_spawned":[1,12,14,20,22,31],"killed_by":"Collector","ascension_level":20}