{"gold_per_floor":[119,2,2,2,22,47,47,77,77,103,23,42,77,88,88,88],"floor_reached":16,"playtime":934,"items_purged":["Strike_P","Decay"],"score":356,"play_id":"2441e72a-a940-44cc-ac48-62239985a7d7","local_time":"20191008120429","is_ascension_mode":true,"campfire_choices":[{"data":"Eruption","floor":7,"key":"SMITH"},{"data":"SignatureMove","floor":15,"key":"SMITH"}],"neow_cost":"NONE","seed_source_timestamp":9082236035094,"circlet_count":0,"master_deck":["AscendersBane","Strike_P","Strike_P","Defend_P","Defend_P","Defend_P+1","Defend_P+1","Eruption+1","Vigilance","FearNoEvil","SignatureMove+1","EmptyBody","InnerPeace","LessonLearned","Worship","FlurryOfBlows","EmptyBody"],"relics":["PureWater","NeowsBlessing","The Courier","Dream Catcher","Mercury Hourglass","Singing Bowl","Akabeko"],"potions_floor_usage":[8,10,10],"damage_taken":[{"damage":0,"enemies":"2 Louse","floor":1,"turns":2},{"damage":0,"enemies":"Cultist","floor":5,"turns":1},{"damage":0,"enemies":"Lagavulin","floor":6,"turns":1},{"damage":10,"enemies":"Gremlin Nob","floor":8,"turns":3},{"damage":3,"enemies":"Lagavulin","floor":10,"turns":5},{"damage":6,"enemies":"Jaw Worm","floor":12,"turns":5},{"damage":0,"enemies":"Gremlin Nob","floor":13,"turns":1},{"damage":0,"enemies":"Looter","floor":14,"turns":2},{"damage":57,"enemies":"Hexaghost","floor":16,"turns":9}],"seed_played":"7032442116322927463","potions_obtained":[{"floor":1,"key":"Regen Potion"},{"floor":5,"key":"EntropicBrew"},{"floor":14,"key":"Strength Potion"}],"is_trial":false,"path_per_floor":["M","$","?","?","M","E","R","E","T","E","$","M","E","M","R","B"],"character_chosen":"WATCHER","items_purchased":["SignatureMove"],"campfire_rested":0,"item_purchase_floors":[2],"current_hp_per_floor":[61,61,61,61,61,61,61,60,60,59,59,53,53,53,53,0],"gold":88,"neow_bonus":"THREE_ENEMY_KILL","is_prod":false,"is_daily":false,"chose_seed":false,"campfire_upgraded":2,"win_rate":0,"timestamp":1570489469,"path_taken":["M","$","?","?","?","E","R","E","T","E","$","M","E","M","R","BOSS"],"build_version":"2019-10-07","purchased_purges":2,"victory":false,"max_hp_per_floor":[68,68,68,68,68,68,68,68,68,70,70,70,70,70,70,70],"card_choices":[{"not_picked":["EmptyFist","CutThroughFate"],"picked":"FearNoEvil","floor":1},{"not_picked":["SignatureMove","SashWhip"],"picked":"EmptyBody","floor":5},{"not_picked":["Pray","FollowUp"],"picked":"InnerPeace","floor":6},{"not_picked":["ThirdEye","Indignation"],"picked":"LessonLearned","floor":8},{"not_picked":["Halt","FlyingSleeves","WheelKick"],"picked":"Singing Bowl","floor":10},{"not_picked":["ThirdEye","Perseverance"],"picked":"Worship","floor":12},{"not_picked":["FlowState","Protect"],"picked":"FlurryOfBlows","floor":13},{"not_picked":["FearNoEvil","CutThroughFate"],"picked":"EmptyBody","floor":14}],"player_experience":1437672,"relics_obtained":[{"floor":6,"key":"The Courier"},{"floor":8,"key":"Dream Catcher"},{"floor":9,"key":"Mercury Hourglass"},{"floor":10,"key":"Singing Bowl"},{"floor":13,"key":"Akabeko"}],"event_choices":[{"cards_removed":["Strike_P"],"damage_healed":0,"gold_gain":0,"player_choice":"Forget","damage_taken":0,"max_hp_gain":0,"max_hp_loss":0,"event_name":"Living Wall","floor":3,"gold_loss":0},{"damage_healed":0,"gold_gain":0,"player_choice":"Cursed","damage_taken":0,"max_hp_gain":0,"max_hp_loss":0,"event_name":"Wheel of Change","floor":4,"gold_loss":0,"cards_obtained":["Decay"]}],"is_beta":true,"boss_relics":[],"items_purged_floors":[2,11],"is_endless":false,"potions_floor_spawned":[1,5,6,14],"killed_by":"Hexaghost","ascension_level":20}