{"gold_per_floor":[118,133,133,133,32,66,66,84,158,175,201,201,535,810,810,882,882,900,917,371,391,437,437],"floor_reached":23,"playtime":2394,"items_purged":["Regret"],"score":493,"play_id":"0a0188ea-cd6a-464f-8131-4c578a752372","local_time":"20190803214916","is_ascension_mode":true,"campfire_choices":[{"data":"Disarm","floor":7.0,"key":"SMITH"},{"data":"Bludgeon","floor":12,"key":"SMITH"},{"data":"Bash","floor":15,"key":"SMITH"}],"neow_cost":"NONE","seed_source_timestamp":543960991805817,"circlet_count":0,"master_deck":["AscendersBane","Strike_R","Strike_R","Strike_R","Strike_R","Strike_R","Defend_R","Defend_R","Defend_R","Defend_R","Bash+1","Clothesline","Disarm+1","Shrug It Off","Headbutt","Cleave","Whirlwind+1","Bludgeon+1","Carnage","Regret","Immolate+1","Inflame","Body Slam+1","Rupture","Shockwave","Pummel","Writhe"],"special_seed":0,"relics":["Burning Blood","NeowsBlessing","Anchor","StoneCalendar","Pantograph","Blue Candle","Old Coin","Cursed Key","Membership Card","Whetstone","Bottled Flame","Bronze Scales"],"potions_floor_usage":[10,11,11,23,23],"damage_taken":[{"damage":0.0,"enemies":"Jaw Worm","floor":1.0,"turns":1.0},{"damage":0.0,"enemies":"Small Slimes","floor":2.0,"turns":1.0},{"damage":0.0,"enemies":"Gremlin Nob","floor":6.0,"turns":1.0},{"damage":0.0,"enemies":"Cultist","floor":8.0,"turns":4.0},{"damage":0,"enemies":"Gremlin Gang","floor":10,"turns":3},{"damage":11,"enemies":"Lagavulin","floor":11,"turns":7},{"damage":20,"enemies":"3 Sentries","floor":13,"turns":6},{"damage":34,"enemies":"The Guardian","floor":16,"turns":13},{"damage":16,"enemies":"2 Thieves","floor":18,"turns":3},{"damage":0,"enemies":"3 Byrds","floor":19,"turns":4},{"damage":25,"enemies":"Shelled Parasite and Fungi","floor":21,"turns":4},{"damage":50,"enemies":"Gremlin Leader","floor":23,"turns":5}],"seed_played":"-1159302813239916959","potions_obtained":[{"floor":2.0,"key":"Energy Potion"},{"floor":8.0,"key":"SneckoOil"},{"floor":10,"key":"SteroidPotion"},{"floor":18,"key":"EssenceOfSteel"},{"floor":21,"key":"LiquidBronze"}],"is_trial":false,"path_per_floor":["M","M","?","?","$","E","R","M","T","M","E","R","E","?","R","B",null,"M","M","$","M","T","E"],"character_chosen":"IRONCLAD","items_purchased":["Shrug It Off","Membership Card","Rupture","Shockwave","Whetstone","Pummel","Bottled Flame"],"campfire_rested":0,"item_purchase_floors":[5,20,20,20,20,20,20],"current_hp_per_floor":[74,75,75,75,75,75,75,75,75,75,70,70,56,56,56,47,68,58,64,64,45,45,0],"gold":437,"neow_bonus":"THREE_ENEMY_KILL","is_prod":false,"is_daily":false,"chose_seed":false,"campfire_upgraded":3,"win_rate":0,"timestamp":1564883356,"path_taken":["M","M","?","?","$","E","R","M","T","M","E","R","E","?","R","BOSS","M","M","$","M","?","E"],"build_version":"2019-01-23","purchased_purges":1,"victory":false,"max_hp_per_floor":[75,75,75,75,75,75,75,75,75,75,75,75,75,75,75,75,75,75,75,75,75,75,75],"card_choices":[{"not_picked":["Havoc","Sentinel"],"picked":"Clothesline","floor":1.0},{"not_picked":["Reckless Charge","Heavy Blade"],"picked":"Disarm","floor":2.0},{"not_picked":["Twin Strike","Thunderclap"],"picked":"Headbutt","floor":6.0},{"not_picked":["Wild Strike","Perfected Strike"],"picked":"Cleave","floor":8.0},{"not_picked":["Sword Boomerang","Twin Strike"],"picked":"Whirlwind","floor":10},{"not_picked":["Rupture","Warcry"],"picked":"Bludgeon","floor":11},{"not_picked":["Searing Blow","Headbutt"],"picked":"Carnage","floor":13},{"not_picked":["Brutality","Impervious"],"picked":"Immolate","floor":16},{"not_picked":["Heavy Blade","Wild Strike"],"picked":"Inflame","floor":18},{"not_picked":["Dual Wield","Cleave"],"picked":"Body Slam+1","floor":19},{"not_picked":["Havoc","Sword Boomerang","Thunderclap"],"picked":"SKIP","floor":21}],"player_experience":2761314,"relics_obtained":[{"floor":6.0,"key":"StoneCalendar"},{"floor":9.0,"key":"Pantograph"},{"floor":11,"key":"Blue Candle"},{"floor":13,"key":"Old Coin"},{"floor":22,"key":"Bronze Scales"}],"event_choices":[{"damage_healed":0.0,"max_hp_gain":0.0,"max_hp_loss":0.0,"gold_gain":0.0,"event_name":"Liars Game","player_choice":"Ignored","floor":3.0,"gold_loss":0.0,"damage_taken":0.0},{"damage_healed":0.0,"max_hp_gain":0.0,"max_hp_loss":0.0,"gold_gain":0.0,"event_name":"Big Fish","player_choice":"Box","floor":4.0,"gold_loss":0.0,"damage_taken":0.0,"relics_obtained":["Anchor"],"cards_obtained":["Regret"]},{"damage_healed":0,"gold_gain":275,"player_choice":"Desecrate","damage_taken":0,"max_hp_gain":0,"max_hp_loss":0,"event_name":"Golden Shrine","floor":14,"gold_loss":0,"cards_obtained":["Regret"]}],"is_beta":false,"boss_relics":[{"not_picked":["Philosopher\u0027s Stone","Calling Bell"],"picked":"Cursed Key"}],"items_purged_floors":[5],"is_endless":false,"potions_floor_spawned":[2,8,10,18,21],"killed_by":"Gremlin Leader","ascension_level":20}