{"gold_per_floor":[113,113,132,53,72,104,104,131,131,56,81,98,98],"floor_reached":13,"playtime":931,"items_purged":["Strike_B"],"score":113,"play_id":"3f281a55-5367-4f67-aeef-f335b3a97706","local_time":"20191029212943","is_ascension_mode":true,"campfire_choices":[{"floor":7,"key":"REST"}],"neow_cost":"NONE","seed_source_timestamp":85880458116200,"circlet_count":0,"master_deck":["Strike_B","Strike_B","Defend_B+1","Defend_B","Defend_B","Defend_B+1","Zap","Dualcast","Streamline","Glacier","Static Discharge","Blizzard","Hologram","Rebound","Capacitor"],"relics":["Fusion Hammer","Potion Belt","Darkstone Periapt","War Paint","Bag of Marbles","Dodecahedron"],"potions_floor_usage":[8,8,8,13],"damage_taken":[{"damage":18,"enemies":"Jaw Worm","floor":1,"turns":4},{"damage":0,"enemies":"Cultist","floor":3,"turns":3},{"damage":0,"enemies":"Small Slimes","floor":5,"turns":2},{"damage":17,"enemies":"3 Sentries","floor":6,"turns":7},{"damage":31,"enemies":"Gremlin Nob","floor":8,"turns":4},{"damage":10,"enemies":"Lagavulin","floor":11,"turns":7},{"damage":19,"enemies":"3 Louse","floor":12,"turns":3},{"damage":2,"enemies":"3 Sentries","floor":13,"turns":4}],"seed_played":"-7403187785534072782","potions_obtained":[{"floor":3,"key":"Swift Potion"},{"floor":5,"key":"FearPotion"},{"floor":6,"key":"GamblersBrew"},{"floor":12,"key":"PowerPotion"}],"is_trial":false,"path_per_floor":["M","?","M","$","M","E","R","E","T","$","E","M","?"],"character_chosen":"DEFECT","items_purchased":["Static Discharge"],"campfire_rested":1,"item_purchase_floors":[4],"current_hp_per_floor":[57,57,57,57,57,40,62,31,31,31,21,2,0],"gold":98,"neow_bonus":"BOSS_RELIC","is_prod":false,"is_daily":false,"chose_seed":false,"campfire_upgraded":0,"win_rate":0,"timestamp":1572355783,"path_taken":["M","?","M","$","M","E","R","E","T","?","E","M","?"],"build_version":"2019-07-17","purchased_purges":1,"victory":false,"max_hp_per_floor":[75,75,75,75,75,75,75,75,75,75,75,75,75],"card_choices":[{"not_picked":["Steam","Cold Snap"],"picked":"Streamline","floor":1},{"not_picked":["Reprogram","Conserve Battery"],"picked":"Glacier","floor":3},{"not_picked":["Coolheaded","Hologram"],"picked":"Blizzard","floor":5},{"not_picked":["Go for the Eyes","Sweeping Beam"],"picked":"Hologram","floor":6},{"not_picked":["Beam Cell","Compile Driver"],"picked":"Rebound","floor":8},{"not_picked":["Core Surge","Ball Lightning"],"picked":"Capacitor","floor":11},{"not_picked":["Reprogram","Recycle","Redo"],"picked":"SKIP","floor":12}],"player_experience":242720,"relics_obtained":[{"floor":6,"key":"Potion Belt"},{"floor":8,"key":"Darkstone Periapt"},{"floor":9,"key":"War Paint"},{"floor":11,"key":"Bag of Marbles"}],"event_choices":[{"cards_removed":["Strike_B"],"damage_healed":0,"gold_gain":0,"player_choice":"Offered Basic","damage_taken":0,"max_hp_gain":0,"max_hp_loss":0,"event_name":"Bonfire Elementals","floor":2,"gold_loss":0},{"damage_healed":0,"gold_gain":0,"player_choice":"Searched \u00273\u0027 times","damage_taken":0,"relics_obtained":["Dodecahedron"],"max_hp_gain":0,"max_hp_loss":0,"event_name":"Dead Adventurer","floor":13,"gold_loss":0}],"is_beta":false,"boss_relics":[],"items_purged_floors":[10],"is_endless":false,"potions_floor_spawned":[3,5,6,12],"killed_by":"3 Sentries","ascension_level":2}