{"gold_per_floor":[115,127,137,147,147,173,173,187,213,213,213,213,231,250,250,347,347,367,384,384,94,108,108,119,135,181,200,217,228,153,153],"floor_reached":31,"playtime":2760,"items_purged":["Strike_G"],"score":294,"play_id":"f5eade96-952b-42db-9fb7-f37ab55e1105","local_time":"20180802235452","is_ascension_mode":true,"campfire_choices":[{"floor":7,"key":"REST"},{"floor":10,"key":"REST"},{"data":"Catalyst","floor":12,"key":"SMITH"},{"data":"Footwork","floor":15,"key":"SMITH"},{"floor":23,"key":"REST"}],"neow_cost":"","seed_source_timestamp":103129630430051,"circlet_count":0,"master_deck":["Defend_G","Defend_G","Defend_G","Defend_G","Defend_G","Strike_G","Strike_G","Strike_G","Survivor","Neutralize","Flying Knee","Footwork+1","Catalyst+1","Poisoned Stab","Prepared","Footwork","Poisoned Stab+1","Choke+1","Malaise","Terror+1","Deadly Poison","Dagger Throw+1","Deadly Poison","Backflip","Dagger Throw+1","All Out Attack+1","Sucker Punch+1"],"relics":["Ring of the Snake","Molten Egg 2","Strawberry","Busted Crown","Snake Skull","Bag of Preparation"],"potions_floor_usage":[18,19,28,31,31],"damage_taken":[{"damage":5,"enemies":"Cultist","floor":1,"turns":4},{"damage":0,"enemies":"Small Slimes","floor":2,"turns":3},{"damage":0,"enemies":"2 Louse","floor":3,"turns":3},{"damage":2,"enemies":"Lots of Slimes","floor":4,"turns":8},{"damage":38,"enemies":"3 Sentries","floor":6,"turns":13},{"damage":21,"enemies":"2 Fungi Beasts","floor":8,"turns":5},{"damage":3,"enemies":"Exordium Thugs","floor":13,"turns":4},{"damage":2,"enemies":"Red Slaver","floor":14,"turns":3},{"damage":3,"enemies":"The Guardian","floor":16,"turns":10},{"damage":2,"enemies":"Chosen","floor":18,"turns":7},{"damage":22,"enemies":"2 Thieves","floor":19,"turns":3},{"damage":14,"enemies":"Centurion and Healer","floor":22,"turns":7},{"damage":12,"enemies":"Snecko","floor":24,"turns":4},{"damage":10,"enemies":"Snake Plant","floor":25,"turns":3},{"damage":18,"enemies":"Centurion and Healer","floor":27,"turns":7},{"damage":1,"enemies":"Snecko","floor":28,"turns":4},{"damage":16,"enemies":"Sentry and Sphere","floor":29,"turns":6},{"damage":13,"enemies":"Slaver and Parasite","floor":31,"turns":3}],"seed_played":"-6103333535029561894","potions_obtained":[{"floor":3,"key":"Dexterity Potion"},{"floor":6,"key":"Swift Potion"},{"floor":8,"key":"Explosive Potion"},{"floor":11,"key":"GhostInAJar"},{"floor":14,"key":"Block Potion"},{"floor":18,"key":"LiquidBronze"},{"floor":22,"key":"GhostInAJar"}],"is_trial":false,"path_per_floor":["M","M","M","M","?","E","R","M","T","R","?","R","M","M","R","B",null,"M","M","?","$","M","R","M","M","T","M","M","M","?"],"character_chosen":"THE_SILENT","items_purchased":["Snake Skull","Deadly Poison","Dagger Throw+1"],"campfire_rested":3,"item_purchase_floors":[21,21,21],"current_hp_per_floor":[65,65,65,63,68,30,52,31,38,62,62,62,59,57,57,54,82,80,58,58,58,44,68,56,46,46,28,27,11,11,0],"gold":153,"neow_bonus":"","is_prod":false,"is_daily":false,"chose_seed":false,"campfire_upgraded":2,"win_rate":0,"timestamp":1533268492,"path_taken":["M","M","M","?","?","E","R","M","T","R","?","R","M","M","R","BOSS","M","M","?","$","M","R","?","M","T","M","M","?","?","M"],"build_version":"2018-07-26","purchased_purges":1,"victory":false,"max_hp_per_floor":[70,70,70,70,75,75,75,75,82,82,82,82,82,82,82,82,82,82,82,82,82,82,82,82,82,82,82,82,82,82,82],"card_choices":[{"not_picked":["Quick Slash","Cloak And Dagger"],"picked":"Flying Knee","floor":1},{"not_picked":["Prepared","All Out Attack"],"picked":"Footwork","floor":2},{"not_picked":["Prepared","Quick Slash"],"picked":"Catalyst","floor":3},{"not_picked":["Riddle With Holes","Underhanded Strike"],"picked":"Poisoned Stab","floor":4},{"not_picked":["Storm of Steel","Dodge and Roll"],"picked":"Prepared","floor":6},{"not_picked":["Flying Knee+1","Sucker Punch+1"],"picked":"Footwork","floor":8},{"not_picked":["Outmaneuver","Prepared"],"picked":"Poisoned Stab+1","floor":13},{"not_picked":["Accuracy","Underhanded Strike+1"],"picked":"Choke+1","floor":14},{"not_picked":["Storm of Steel","Tools of the Trade"],"picked":"Malaise","floor":16},{"not_picked":[],"picked":"Terror+1","floor":18},{"not_picked":["Masterful Stab+1"],"picked":"SKIP","floor":19},{"not_picked":[],"picked":"Deadly Poison","floor":22},{"not_picked":["Reflex"],"picked":"SKIP","floor":24},{"not_picked":[],"picked":"Backflip","floor":25},{"not_picked":[],"picked":"Dagger Throw+1","floor":27},{"not_picked":[],"picked":"All Out Attack+1","floor":28},{"not_picked":[],"picked":"Sucker Punch+1","floor":29}],"player_experience":1426400,"relics_obtained":[{"floor":6,"key":"Molten Egg 2"},{"floor":9,"key":"Strawberry"},{"floor":26,"key":"Bag of Preparation"}],"event_choices":[{"event_name":"Big Fish","player_choice":"Donut","floor":5,"damage_taken":0},{"event_name":"The Lab","player_choice":"Got Potions","floor":11,"damage_taken":0},{"event_name":"Addict","player_choice":"Ignored","floor":20,"damage_taken":0},{"event_name":"Beggar","player_choice":"Gave Gold","floor":30,"damage_taken":0}],"is_beta":false,"boss_relics":[{"not_picked":["Tiny House","Black Star"],"picked":"Busted Crown"}],"items_purged_floors":[21],"is_endless":false,"potions_floor_spawned":[3,6,8,14,16,18,22,27],"killed_by":"Slaver and Parasite","ascension_level":4}