{"gold_per_floor":[215,50,66,66,85,85,114,126,138,150,162,192,220,264,276,288],"floor_reached":16,"playtime":935,"items_purged":["Strike_B"],"score":132,"play_id":"4082a338-b541-4230-87c4-6e64412e1e75","local_time":"20180806193308","is_ascension_mode":true,"campfire_choices":[{"floor":6,"key":"REST"},{"data":"Go for the Eyes","floor":8,"key":"SMITH"},{"floor":15,"key":"REST"}],"neow_cost":"NONE","seed_source_timestamp":162783778154456,"circlet_count":0,"master_deck":["Strike_B","Strike_B","Defend_B","Defend_B","Defend_B","Defend_B","Zap","Dualcast","Go for the Eyes+1","BootSequence","Turbo","Ball Lightning","Steam","BootSequence","Melter","Core Surge","Sweeping Beam"],"relics":["Cracked Core","MawBank","Kunai","Dodecahedron","Ancient Tea Set"],"potions_floor_usage":[14],"damage_taken":[{"damage":7,"enemies":"2 Louse","floor":1,"turns":2},{"damage":7,"enemies":"Small Slimes","floor":3,"turns":3},{"damage":0,"enemies":"Jaw Worm","floor":5,"turns":3},{"damage":15,"enemies":"3 Sentries","floor":7,"turns":8},{"damage":0,"enemies":"Blue Slaver","floor":12,"turns":4},{"damage":1,"enemies":"2 Fungi Beasts","floor":13,"turns":3},{"damage":27,"enemies":"Gremlin Nob","floor":14,"turns":4},{"damage":51,"enemies":"Hexaghost","floor":16,"turns":11}],"seed_played":"-6373407935463956467","potions_obtained":[{"floor":5,"key":"Ancient Potion"},{"floor":12,"key":"SpeedPotion"},{"floor":14,"key":"LiquidBronze"}],"is_trial":false,"path_per_floor":["M","$","M","?","M","R","E","R","T","$","?","M","M","E","R"],"character_chosen":"DEFECT","items_purchased":["BootSequence","Turbo"],"campfire_rested":2,"item_purchase_floors":[2,2],"current_hp_per_floor":[68,68,61,54,54,75,60,60,60,60,57,57,56,29,51,0],"gold":288,"neow_bonus":"HUNDRED_GOLD","is_prod":false,"is_daily":false,"chose_seed":false,"campfire_upgraded":1,"win_rate":0,"timestamp":1533598388,"path_taken":["M","$","M","?","M","R","E","R","T","?","?","M","M","E","R","BOSS"],"build_version":"2018-08-02","purchased_purges":1,"victory":false,"max_hp_per_floor":[75,75,75,75,75,75,75,75,75,75,75,75,75,75,75,75],"card_choices":[{"not_picked":["Sweeping Beam","Barrage"],"picked":"Go for the Eyes","floor":1},{"not_picked":["Barrage","Storm"],"picked":"Ball Lightning","floor":3},{"not_picked":["Glacier","Sweeping Beam"],"picked":"Steam","floor":5},{"not_picked":["Compile Driver","Redo"],"picked":"BootSequence","floor":7},{"not_picked":["Rip and Tear","Compile Driver"],"picked":"Melter","floor":12},{"not_picked":["Conserve Battery","Steam Power"],"picked":"Core Surge","floor":13},{"not_picked":["Cold Snap","Redo"],"picked":"Sweeping Beam","floor":14}],"player_experience":1462207,"relics_obtained":[{"floor":7,"key":"MawBank"},{"floor":9,"key":"Kunai"},{"floor":14,"key":"Ancient Tea Set"}],"event_choices":[{"event_name":"Golden Wing","player_choice":"Card Removal","floor":4,"damage_taken":0},{"event_name":"Scrap Ooze","player_choice":"success","floor":11,"damage_taken":3}],"is_beta":false,"boss_relics":[],"items_purged_floors":[2],"is_endless":false,"potions_floor_spawned":[5,12,14],"killed_by":"Hexaghost","ascension_level":4}