{"gold_per_floor":[115,129,129,140,215,36,61,61,85,85,97,107,123,137,137,214,214,234,17,16,16,31,31,57,57,57,57,71,87,87,105,105,178,178,198,212,312,330,330],"floor_reached":39,"playtime":3414,"items_purged":[],"score":814,"play_id":"1f182552-8a1b-4b3d-8f54-185dacb211ed","local_time":"20190926201845","is_ascension_mode":true,"campfire_choices":[{"floor":10,"key":"REST"},{"data":"Devotion","floor":15,"key":"SMITH"},{"data":"BowlingBash","floor":23,"key":"SMITH"},{"floor":25,"key":"REST"},{"data":"BattleHymn","floor":27,"key":"SMITH"},{"floor":30,"key":"REST"},{"data":"Establishment","floor":32,"key":"SMITH"}],"neow_cost":"NONE","seed_source_timestamp":6612160055845,"circlet_count":0,"master_deck":["AscendersBane","Strike_P+1","Strike_P+1","Strike_P","Strike_P","Defend_P","Defend_P","Defend_P+1","Defend_P+1","Eruption+1","Vigilance","SashWhip","Protect+1","Devotion+1","Establishment+1","BowlingBash+1","DeceiveReality+1","FearNoEvil+1","ForeignInfluence+1","LessonLearned","WheelKick+1","EmptyFist","EmptyBody","BattleHymn+1","CutThroughFate","ThirdEye","DeceiveReality","Protect","Protect"],"relics":["PureWater","Regal Pillow","Membership Card","Boot","Bag of Preparation","Cursed Key","TungstenRod","Singing Bowl","Sozu","Ginger"],"potions_floor_usage":[7,16,22,24,29,39],"damage_taken":[{"damage":4,"enemies":"Small Slimes","floor":1,"turns":4},{"damage":0,"enemies":"2 Louse","floor":2,"turns":2},{"damage":7,"enemies":"Jaw Worm","floor":4,"turns":3},{"damage":11,"enemies":"Lagavulin","floor":7,"turns":8},{"damage":12,"enemies":"Lots of Slimes","floor":11,"turns":3},{"damage":8,"enemies":"Blue Slaver","floor":12,"turns":6},{"damage":0,"enemies":"2 Fungi Beasts","floor":13,"turns":3},{"damage":4,"enemies":"Exordium Thugs","floor":14,"turns":5},{"damage":4,"enemies":"The Guardian","floor":16,"turns":11},{"damage":0,"enemies":"Chosen","floor":18,"turns":6},{"damage":11,"enemies":"2 Thieves","floor":20,"turns":5},{"damage":6,"enemies":"Snake Plant","floor":22,"turns":4},{"damage":28,"enemies":"Slavers","floor":24,"turns":4},{"damage":5,"enemies":"Snecko","floor":28,"turns":6},{"damage":0,"enemies":"3 Cultists","floor":29,"turns":4},{"damage":1,"enemies":"Centurion and Healer","floor":31,"turns":9},{"damage":37,"enemies":"Collector","floor":33,"turns":10},{"damage":8,"enemies":"3 Darklings","floor":35,"turns":6},{"damage":5,"enemies":"3 Shapes","floor":36,"turns":9},{"damage":0,"enemies":"Mind Bloom Boss Battle","floor":37,"turns":9},{"damage":20,"enemies":"Jaw Worm Horde","floor":38,"turns":6},{"damage":46,"enemies":"Spire Growth","floor":39,"turns":3}],"seed_played":"-2287884939022637020","potions_obtained":[{"floor":2,"key":"AttackPotion"},{"floor":4,"key":"Block Potion"},{"floor":11,"key":"GamblersBrew"},{"floor":16,"key":"Energy Potion"},{"floor":20,"key":"AttackPotion"},{"floor":22,"key":"FearPotion"},{"floor":24,"key":"DuplicationPotion"},{"floor":29,"key":"AttackPotion"}],"is_trial":false,"path_per_floor":["M","M","?","M","?","$","E","?","T","R","M","M","M","M","R","B",null,"M","$","M","?","M","R","E","R","T","R","M","M","R","M","R","B",null,"M","M","?","M","M"],"character_chosen":"WATCHER","items_purchased":["Membership Card","Devotion","TungstenRod","WheelKick","EmptyFist"],"campfire_rested":3,"item_purchase_floors":[6,6,19,19,19],"current_hp_per_floor":[51,51,33,26,15,15,4,4,4,37,25,17,17,13,13,9,48,48,48,37,37,31,31,3,36,36,36,31,31,61,60,60,25,54,48,45,47,29,0],"gold":330,"neow_bonus":"RANDOM_COMMON_RELIC","is_prod":false,"is_daily":false,"chose_seed":false,"campfire_upgraded":4,"win_rate":0,"timestamp":1569485925,"path_taken":["M","M","?","M","?","$","E","?","T","R","M","M","M","M","R","BOSS","M","$","M","?","M","R","E","R","T","R","M","M","R","M","R","BOSS","M","M","?","M","M"],"build_version":"2019-09-25","purchased_purges":0,"victory":false,"max_hp_per_floor":[61,61,61,61,61,61,61,61,61,61,61,61,61,61,61,61,61,61,61,61,61,61,61,61,61,61,61,61,61,61,61,61,63,63,65,67,69,71,71],"card_choices":[{"not_picked":["Evaluate","Halt"],"picked":"SashWhip","floor":1},{"not_picked":["Weave","Prostrate"],"picked":"Protect","floor":2},{"not_picked":["Prostrate","JustLucky","WaveOfTheHand"],"picked":"SKIP","floor":4},{"not_picked":["MentalFortress","FlyingSleeves"],"picked":"Establishment","floor":7},{"not_picked":["EmptyBody","JustLucky"],"picked":"BowlingBash","floor":11},{"not_picked":["FearNoEvil","Sanctity"],"picked":"DeceiveReality","floor":12},{"not_picked":["FlyingSleeves","Vengeance"],"picked":"FearNoEvil","floor":13},{"not_picked":["Prostrate","SpiritShield"],"picked":"ForeignInfluence","floor":14},{"not_picked":["Brilliance","Unraveling"],"picked":"LessonLearned","floor":16},{"not_picked":["BowlingBash","InnerPeace","MentalFortress+1"],"picked":"SKIP","floor":18},{"not_picked":["ClearTheMind","CrushJoints"],"picked":"EmptyBody","floor":20},{"not_picked":["EmptyFist","FollowUp+1"],"picked":"CutThroughFate","floor":22},{"not_picked":["FlyingSleeves","Indignation"],"picked":"ThirdEye","floor":24},{"not_picked":["SashWhip","JustLucky"],"picked":"DeceiveReality","floor":28},{"not_picked":["SpiritShield","EmptyFist"],"picked":"Protect","floor":29},{"not_picked":["WaveOfTheHand","PathToVictory"],"picked":"Protect","floor":31},{"not_picked":["Judgement","Blasphemy","DevaForm"],"picked":"Singing Bowl","floor":33},{"not_picked":["FearNoEvil","ThirdEye","BowlingBash"],"picked":"Singing Bowl","floor":35},{"not_picked":["Consecrate+1","FollowUp","BowlingBash"],"picked":"Singing Bowl","floor":36},{"not_picked":["PathToVictory+1","EmptyBody+1","Vengeance"],"picked":"Singing Bowl","floor":37},{"not_picked":["FollowUp","BowlingBash","Consecrate"],"picked":"Singing Bowl","floor":38}],"player_experience":1254718,"relics_obtained":[{"floor":7,"key":"Boot"},{"floor":9,"key":"Bag of Preparation"},{"floor":24,"key":"Singing Bowl"},{"floor":37,"key":"Ginger"}],"event_choices":[{"damage_healed":0,"gold_gain":0,"player_choice":"Entered Light","damage_taken":18,"max_hp_gain":0,"max_hp_loss":0,"event_name":"Shining Light","floor":3,"gold_loss":0,"cards_upgraded":["Strike_P","Protect"]},{"damage_healed":0,"gold_gain":75,"player_choice":"Gather Gold","damage_taken":11,"max_hp_gain":0,"max_hp_loss":0,"event_name":"World of Goop","floor":5,"gold_loss":0},{"damage_healed":0,"gold_gain":0,"player_choice":"Grow","damage_taken":0,"max_hp_gain":0,"max_hp_loss":0,"event_name":"Living Wall","floor":8,"gold_loss":0,"cards_upgraded":["Eruption"]},{"damage_healed":0,"gold_gain":0,"player_choice":"Read","damage_taken":0,"max_hp_gain":0,"max_hp_loss":0,"event_name":"The Library","floor":21,"gold_loss":0,"cards_obtained":["BattleHymn"]},{"damage_healed":0,"gold_gain":0,"player_choice":"Fight","damage_taken":0,"max_hp_gain":0,"max_hp_loss":0,"event_name":"MindBloom","floor":37,"gold_loss":0}],"is_beta":true,"boss_relics":[{"not_picked":["Tiny House","Snecko Eye"],"picked":"Cursed Key"},{"not_picked":["SacredBark","Runic Pyramid"],"picked":"Sozu"}],"items_purged_floors":[],"is_endless":false,"potions_floor_spawned":[2,4,11,16,20,22,24,29,35,37],"killed_by":"Spire Growth","ascension_level":20}