{"gold_per_floor":[117,130,2,12,23,56,56,82,82,99,99,99,119,129,129,202,202,214,129,31,48,61,77,89,89,165,165,191,5,24,24,24,97,97,111,124,124,140,49,77,93,93,93,93,93,144,162,176,176,176],"floor_reached":50,"playtime":4825,"items_purged":["Pain"],"score":1091,"play_id":"64823b3e-fcc9-4d21-b5a3-8c457b3a579f","local_time":"20190930014925","is_ascension_mode":true,"campfire_choices":[{"floor":7.0,"key":"REST"},{"floor":15.0,"key":"REST"},{"floor":25.0,"key":"REST"},{"floor":27.0,"key":"REST"},{"floor":32.0,"key":"REST"},{"floor":42.0,"key":"REST"},{"floor":49.0,"key":"REST"}],"neow_cost":"CURSE","seed_source_timestamp":1552309537801020,"circlet_count":0,"master_deck":["AscendersBane","Defend_G","Defend_G","Defend_G","Defend_G","Defend_G","Strike_G","Strike_G","Strike_G","Survivor","Neutralize","Venomology","Skewer","Dagger Throw","Poisoned Stab","Deadly Poison","Terror","Leg Sweep","Catalyst","Sucker Punch+1","Riddle With Holes+1","Burst","Dagger Spray+1","Bouncing Flask+1","Deflect+1","Prepared+1","Bouncing Flask+1","Dagger Spray+1","Deflect+1","Leg Sweep+1","Apotheosis+1","Bane+1","Neutralize+1","Corpse Explosion+1","Backflip+1","Master of Strategy+1","PiercingWail+1","Dark Shackles+1","PiercingWail+1","Deadly Poison+1","Sucker Punch+1","PiercingWail+1"],"special_seed":0,"relics":["Ring of the Snake","Molten Egg 2","Anchor","Vajra","Philosopher\u0027s Stone","Toxic Egg 2","Question Card","Juzu Bracelet","Busted Crown","Omamori","Frozen Egg 2","Peace Pipe"],"potions_floor_usage":[50,50,50],"damage_taken":[{"damage":3.0,"enemies":"2 Louse","floor":1.0,"turns":5.0},{"damage":4.0,"enemies":"Jaw Worm","floor":2.0,"turns":6.0},{"damage":1.0,"enemies":"Cultist","floor":4.0,"turns":3.0},{"damage":1.0,"enemies":"2 Fungi Beasts","floor":5.0,"turns":3.0},{"damage":24.0,"enemies":"3 Sentries","floor":6.0,"turns":11.0},{"damage":20.0,"enemies":"Lagavulin","floor":8.0,"turns":6.0},{"damage":0.0,"enemies":"Large Slime","floor":10.0,"turns":5.0},{"damage":5.0,"enemies":"Exordium Thugs","floor":13.0,"turns":3.0},{"damage":0.0,"enemies":"Blue Slaver","floor":14.0,"turns":2.0},{"damage":21.0,"enemies":"Slime Boss","floor":16.0,"turns":6.0},{"damage":31.0,"enemies":"Spheric Guardian","floor":18.0,"turns":6.0},{"damage":2.0,"enemies":"2 Thieves","floor":21.0,"turns":4.0},{"damage":2.0,"enemies":"3 Cultists","floor":22.0,"turns":4.0},{"damage":18.0,"enemies":"Snake Plant","floor":23.0,"turns":3.0},{"damage":14.0,"enemies":"Snecko","floor":24.0,"turns":3.0},{"damage":21.0,"enemies":"Gremlin Leader","floor":28.0,"turns":4.0},{"damage":22.0,"enemies":"3 Cultists","floor":30.0,"turns":6.0},{"damage":18.0,"enemies":"Champ","floor":33.0,"turns":8.0},{"damage":2.0,"enemies":"3 Shapes","floor":35.0,"turns":6.0},{"damage":2.0,"enemies":"Orb Walker","floor":36.0,"turns":3.0},{"damage":0.0,"enemies":"Maw","floor":38.0,"turns":4.0},{"damage":19.0,"enemies":"Reptomancer","floor":40.0,"turns":6.0},{"damage":11.0,"enemies":"Transient","floor":41.0,"turns":6.0},{"damage":16.0,"enemies":"2 Orb Walkers","floor":46.0,"turns":3.0},{"damage":0.0,"enemies":"4 Shapes","floor":47.0,"turns":5.0},{"damage":1.0,"enemies":"Writhing Mass","floor":48.0,"turns":4.0},{"damage":68,"enemies":"Donu and Deca","floor":50,"turns":7}],"seed_played":"4528901528591696661","potions_obtained":[{"floor":2.0,"key":"Explosive Potion"},{"floor":8.0,"key":"Energy Potion"},{"floor":10.0,"key":"Fire Potion"},{"floor":14.0,"key":"EntropicBrew"},{"floor":18.0,"key":"Energy Potion"},{"floor":23.0,"key":"Poison Potion"},{"floor":24.0,"key":"Fire Potion"},{"floor":35.0,"key":"PowerPotion"},{"floor":46.0,"key":"Weak Potion"},{"floor":48.0,"key":"Dexterity Potion"}],"is_trial":false,"path_per_floor":["M","M","$","M","M","E","R","E","T","M","?","?","M","M","R","B",null,"M","?","$","M","M","M","M","R","T","R","E","$","M","?","R","B",null,"M","M","?","M","$","E","M","R","T","?","$","?","M","M","R","B"],"character_chosen":"THE_SILENT","items_purchased":["Poisoned Stab","Bouncing Flask+1","Deflect+1","Apotheosis+1","Dark Shackles+1"],"campfire_rested":7,"item_purchase_floors":[3,20,20,29,39],"current_hp_per_floor":[56,52,52,51,50,26,45,25,25,25,30,30,25,25,46,25,60,29,29,29,27,25,7,7,28,28,49,28,28,6,6,27,9,56,54,52,52,52,52,33,22,43,43,43,43,27,27,26,47,0],"gold":176,"neow_bonus":"THREE_RARE_CARDS","is_prod":false,"is_daily":false,"chose_seed":false,"campfire_upgraded":0,"win_rate":0,"timestamp":1569822565,"path_taken":["M","M","$","M","M","E","R","E","T","M","?","?","M","?","R","BOSS","M","?","$","M","M","M","M","R","T","R","E","$","M","?","R","BOSS","M","M","?","M","$","E","M","R","T","?","$","?","M","M","R","BOSS"],"build_version":"2019-01-23","purchased_purges":1,"victory":false,"max_hp_per_floor":[66,66,66,66,66,66,66,66,66,66,71,71,71,71,71,71,71,71,71,71,71,71,71,71,71,71,71,71,71,71,71,71,71,71,71,71,71,71,71,71,71,71,71,71,71,71,71,71,71,71],"card_choices":[{"not_picked":["Phantasmal Killer","Grand Finale"],"picked":"Venomology","floor":0.0},{"not_picked":["Slice","Flying Knee"],"picked":"Skewer","floor":1.0},{"not_picked":["Prepared","Slice"],"picked":"Dagger Throw","floor":2.0},{"not_picked":["Endless Agony","Slice"],"picked":"Deadly Poison","floor":4.0},{"not_picked":["Sucker Punch","Cloak And Dagger"],"picked":"Terror","floor":5.0},{"not_picked":["Expertise","Distraction"],"picked":"Leg Sweep","floor":6.0},{"not_picked":["Storm of Steel","Eviscerate+1","Tactician"],"picked":"SKIP","floor":8.0},{"not_picked":["Underhanded Strike+1","Tactician"],"picked":"Catalyst","floor":10.0},{"not_picked":["Deflect","Outmaneuver"],"picked":"Sucker Punch+1","floor":13.0},{"not_picked":["Dodge and Roll","Poisoned Stab+1"],"picked":"Riddle With Holes+1","floor":14.0},{"not_picked":["Bullet Time","Adrenaline"],"picked":"Burst","floor":16.0},{"not_picked":["Setup+1","Sucker Punch+1"],"picked":"Dagger Spray+1","floor":18.0},{"not_picked":["Distraction+1","Tactician+1"],"picked":"Prepared+1","floor":21.0},{"not_picked":["Dagger Spray+1","Setup+1"],"picked":"Bouncing Flask+1","floor":22.0},{"not_picked":["Underhanded Strike+1","Slice+1"],"picked":"Dagger Spray+1","floor":23.0},{"not_picked":["Prepared+1","Choke+1"],"picked":"Deflect+1","floor":24.0},{"not_picked":["Tools of the Trade","Endless Agony+1","Underhanded Strike+1"],"picked":"Leg Sweep+1","floor":28.0},{"not_picked":["Acrobatics+1","Poisoned Stab+1","Quick Slash+1"],"picked":"Bane+1","floor":30.0},{"not_picked":["Bullet Time+1","Night Terror+1","Phantasmal Killer+1"],"picked":"Corpse Explosion+1","floor":33.0},{"not_picked":["All Out Attack+1","Tactician+1"],"picked":"SKIP","floor":35.0},{"not_picked":["Distraction+1"],"picked":"Backflip+1","floor":36.0},{"not_picked":["Transmutation+1"],"picked":"Master of Strategy+1","floor":37.0},{"not_picked":["Bane+1"],"picked":"PiercingWail+1","floor":38.0},{"not_picked":["Storm of Steel+1"],"picked":"PiercingWail+1","floor":40.0},{"not_picked":["Predator+1"],"picked":"Deadly Poison+1","floor":41.0},{"not_picked":["Setup+1"],"picked":"PiercingWail+1","floor":46.0},{"not_picked":["Underhanded Strike+1","Slice+1"],"picked":"SKIP","floor":47.0},{"not_picked":["Eviscerate+1","Poisoned Stab+1"],"picked":"SKIP","floor":48.0}],"player_experience":2997752,"relics_obtained":[{"floor":6.0,"key":"Molten Egg 2"},{"floor":8.0,"key":"Anchor"},{"floor":9.0,"key":"Vajra"},{"floor":26.0,"key":"Question Card"},{"floor":28.0,"key":"Juzu Bracelet"},{"floor":40.0,"key":"Omamori"},{"floor":43.0,"key":"Frozen Egg 2"},{"floor":46.0,"key":"Peace Pipe"}],"event_choices":[{"damage_healed":0.0,"max_hp_gain":5.0,"max_hp_loss":0.0,"gold_gain":0.0,"event_name":"Big Fish","player_choice":"Donut","floor":11.0,"gold_loss":0.0,"damage_taken":0.0},{"cards_removed":["Strike_G"],"damage_healed":0.0,"max_hp_gain":0.0,"max_hp_loss":0.0,"gold_gain":0.0,"event_name":"Bonfire Elementals","player_choice":"Offered Basic","floor":12.0,"gold_loss":0.0,"damage_taken":0.0},{"damage_healed":0.0,"max_hp_gain":0.0,"max_hp_loss":0.0,"gold_gain":0.0,"event_name":"Addict","player_choice":"Obtained Relic","floor":19.0,"gold_loss":85.0,"damage_taken":0.0,"relics_obtained":["Toxic Egg 2"]},{"damage_healed":0.0,"max_hp_gain":0.0,"max_hp_loss":0.0,"gold_gain":0.0,"event_name":"Match and Keep!","player_choice":"1 cards matched","floor":31.0,"gold_loss":0.0,"damage_taken":0.0,"cards_obtained":["Neutralize"]},{"damage_healed":0.0,"max_hp_gain":0.0,"max_hp_loss":0.0,"gold_gain":0.0,"event_name":"SensoryStone","player_choice":"Memory 1","floor":37.0,"gold_loss":0.0,"damage_taken":0.0},{"damage_healed":0.0,"max_hp_gain":0.0,"max_hp_loss":0.0,"gold_gain":0.0,"cards_transformed":["Strike_G"],"event_name":"Transmorgrifier","player_choice":"Transformed","floor":44.0,"gold_loss":0.0,"damage_taken":0.0,"cards_obtained":["Sucker Punch"]},{"damage_healed":0.0,"max_hp_gain":0.0,"max_hp_loss":0.0,"gold_gain":0.0,"event_name":"Mysterious Sphere","player_choice":"Fight","floor":46.0,"gold_loss":0.0,"damage_taken":0.0}],"is_beta":false,"boss_relics":[{"not_picked":["Orrery","Black Star"],"picked":"Philosopher\u0027s Stone"},{"not_picked":["Empty Cage","Tiny House"],"picked":"Busted Crown"}],"items_purged_floors":[3],"is_endless":false,"potions_floor_spawned":[2,8,10,14,18,23,24,35,46,48],"killed_by":"Donu and Deca","ascension_level":20}