{"gold_per_floor":[110,110,129,129,3,38,38,71,71,85,110,134,67,85,85,216,216,216,216,216,11,11],"floor_reached":22,"playtime":2201,"items_purged":["Injury"],"score":294,"play_id":"74176c19-4e95-4585-b8a5-d29d82635008","local_time":"20181003002212","is_ascension_mode":true,"campfire_choices":[{"floor":7,"key":"REST"},{"floor":15,"key":"REST"}],"neow_cost":"NONE","seed_source_timestamp":346932540462037,"circlet_count":0,"master_deck":["Defend_G","Defend_G","Defend_G","Defend_G","Defend_G","Strike_G","Strike_G","Strike_G","Strike_G","Strike_G","Survivor","Neutralize","AscendersBane","Die Die Die","Backflip","All Out Attack","Dagger Spray","Leg Sweep","Wraith Form v2","Deadly Poison","Poisoned Stab","Cloak And Dagger","Bouncing Flask","Heel Hook","Envenom","Flying Knee+1","Swift Strike","Dash","Sadistic Nature"],"relics":["Ring of the Snake","Golden Idol","Ginger","Lantern","Bottled Tornado","Ectoplasm"],"potions_floor_usage":[11,18],"damage_taken":[{"damage":0,"enemies":"2 Louse","floor":1,"turns":2},{"damage":3,"enemies":"Jaw Worm","floor":3,"turns":5},{"damage":12,"enemies":"3 Sentries","floor":6,"turns":5},{"damage":30,"enemies":"Gremlin Nob","floor":8,"turns":6},{"damage":1,"enemies":"Small Slimes","floor":10,"turns":3},{"damage":19,"enemies":"Exordium Wildlife","floor":11,"turns":4},{"damage":0,"enemies":"Blue Slaver","floor":12,"turns":2},{"damage":0,"enemies":"3 Louse","floor":14,"turns":2},{"damage":50,"enemies":"The Guardian","floor":16,"turns":13},{"damage":2,"enemies":"Chosen","floor":18,"turns":5},{"damage":22,"enemies":"Spheric Guardian","floor":20,"turns":4},{"damage":18,"enemies":"Colosseum Slavers","floor":22,"turns":2}],"seed_played":"5527034394366651913","potions_obtained":[{"floor":3,"key":"Regen Potion"},{"floor":14,"key":"FearPotion"},{"floor":16,"key":"SpeedPotion"},{"floor":18,"key":"FearPotion"}],"is_trial":false,"path_per_floor":["M","?","M","?","$","E","R","E","T","M","M","M","$","M","R","B",null,"M","?","M","$"],"character_chosen":"THE_SILENT","items_purchased":["Dagger Spray","Bouncing Flask","Sadistic Nature"],"campfire_rested":2,"item_purchase_floors":[5,13,21],"current_hp_per_floor":[63,63,60,60,60,48,69,39,39,38,33,33,33,33,54,4,54,52,38,16,16,0],"gold":11,"neow_bonus":"ONE_RANDOM_RARE_CARD","is_prod":false,"is_daily":false,"chose_seed":false,"campfire_upgraded":0,"win_rate":0,"timestamp":1538540532,"path_taken":["M","?","M","?","?","E","R","E","T","M","?","M","$","M","R","BOSS","M","?","M","?","?"],"build_version":"2018-08-23v2","purchased_purges":1,"victory":false,"max_hp_per_floor":[70,70,70,70,70,70,70,70,70,70,70,70,70,70,70,70,70,70,70,70,70,70],"card_choices":[{"not_picked":["Deadly Poison","Prepared"],"picked":"Backflip","floor":1},{"not_picked":["Underhanded Strike","Bane"],"picked":"All Out Attack","floor":3},{"not_picked":["Envenom","Escape Plan"],"picked":"Leg Sweep","floor":6},{"not_picked":["Tactician","Choke"],"picked":"Wraith Form v2","floor":8},{"not_picked":["Prepared","Catalyst"],"picked":"Deadly Poison","floor":10},{"not_picked":["Riddle With Holes","Sucker Punch"],"picked":"Poisoned Stab","floor":11},{"not_picked":["Outmaneuver","Dagger Spray"],"picked":"Cloak And Dagger","floor":12},{"not_picked":["Riddle With Holes","Outmaneuver"],"picked":"Heel Hook","floor":14},{"not_picked":["After Image","A Thousand Cuts"],"picked":"Envenom","floor":16},{"not_picked":["Outmaneuver+1","Deadly Poison"],"picked":"Flying Knee+1","floor":18},{"not_picked":["Sucker Punch","Bane"],"picked":"Dash","floor":20}],"player_experience":1795957,"relics_obtained":[{"floor":6,"key":"Ginger"},{"floor":8,"key":"Lantern"},{"floor":9,"key":"Bottled Tornado"}],"event_choices":[{"event_name":"Shining Light","player_choice":"Ignored","floor":2,"damage_taken":0},{"event_name":"Golden Idol","player_choice":"Take Wound","floor":4,"damage_taken":0},{"event_name":"Knowing Skull","player_choice":"CARD ","floor":19,"damage_taken":0},{"event_name":"Colosseum","player_choice":"Fight","floor":22,"damage_taken":0}],"is_beta":false,"boss_relics":[{"not_picked":["Black Star","Pandora\u0027s Box"],"picked":"Ectoplasm"}],"items_purged_floors":[5],"is_endless":false,"potions_floor_spawned":[3,14,16,18],"killed_by":"Colosseum Slavers","ascension_level":10}