{"gold_per_floor":[117,117,12,27,42,69,69,69,69,86,98,98,127,137,137,137],"floor_reached":16,"playtime":531,"items_purged":[],"score":123,"play_id":"66c97898-a56b-43f6-ac3c-8cd3bc53f456","local_time":"20190909085607","is_ascension_mode":true,"campfire_choices":[{"floor":8,"key":"RECALL"},{"floor":12,"key":"REST"},{"floor":15,"key":"REST"}],"neow_cost":"NONE","seed_source_timestamp":49251960231035,"circlet_count":0,"master_deck":["Strike_R","Strike_R","Strike_R","Strike_R","Strike_R","Defend_R","Defend_R","Defend_R","Defend_R","Bash","Flex","Inflame","Rage","Sentinel","Reckless Charge","Infernal Blade","Pommel Strike","Limit Break","Pommel Strike+1","Body Slam+1","Thunderclap+1","Thunderclap+1"],"relics":["Burning Blood","MawBank","Bottled Tornado","Molten Egg 2","Orichalcum"],"potions_floor_usage":[14,14,14],"damage_taken":[{"damage":5,"enemies":"Small Slimes","floor":1,"turns":3},{"damage":0,"enemies":"2 Louse","floor":4,"turns":3},{"damage":1,"enemies":"Cultist","floor":5,"turns":3},{"damage":40,"enemies":"Gremlin Nob","floor":6,"turns":5},{"damage":15,"enemies":"Large Slime","floor":10,"turns":4},{"damage":26,"enemies":"3 Louse","floor":11,"turns":3},{"damage":45,"enemies":"Lagavulin","floor":13,"turns":6},{"damage":0,"enemies":"Exordium Wildlife","floor":14,"turns":3},{"damage":48,"enemies":"The Guardian","floor":16,"turns":7}],"seed_played":"6222285057533105165","potions_obtained":[{"floor":6,"key":"Strength Potion"},{"floor":10,"key":"Ancient Potion"},{"floor":13,"key":"Block Potion"}],"is_trial":false,"path_per_floor":["M","?","$","M","M","E","?","R","T","M","M","R","E","M","R","B"],"character_chosen":"IRONCLAD","items_purchased":["Inflame","Rage"],"campfire_rested":2,"item_purchase_floors":[3,3],"current_hp_per_floor":[88,85,85,88,88,54,54,54,54,45,25,51,12,18,44,0],"gold":137,"neow_bonus":"TEN_PERCENT_HP_BONUS","is_prod":false,"is_daily":false,"chose_seed":false,"campfire_upgraded":0,"win_rate":0,"timestamp":1568030167,"path_taken":["M","?","$","M","M","E","?","R","T","?","M","R","E","M","R","BOSS"],"build_version":"2019-07-17","purchased_purges":0,"victory":false,"max_hp_per_floor":[88,88,88,88,88,88,88,88,88,88,88,88,88,88,88,88],"card_choices":[{"not_picked":["Clothesline","Clash"],"picked":"Flex","floor":1},{"not_picked":["Warcry","Battle Trance"],"picked":"Sentinel","floor":4},{"not_picked":["True Grit","Corruption"],"picked":"Reckless Charge","floor":5},{"not_picked":["Sever Soul","Searing Blow"],"picked":"Infernal Blade","floor":6},{"not_picked":["Havoc","Shrug It Off"],"picked":"Pommel Strike+1","floor":10},{"not_picked":["Evolve","Clothesline+1"],"picked":"Body Slam+1","floor":11},{"not_picked":["Offering","Disarm"],"picked":"Thunderclap+1","floor":13},{"not_picked":["Body Slam+1","Twin Strike+1"],"picked":"Thunderclap+1","floor":14}],"player_experience":401877,"relics_obtained":[{"floor":6,"key":"Bottled Tornado"},{"floor":9,"key":"Molten Egg 2"},{"floor":13,"key":"Orichalcum"}],"event_choices":[{"damage_healed":0,"gold_gain":0,"player_choice":"Success","damage_taken":3,"relics_obtained":["MawBank"],"max_hp_gain":0,"max_hp_loss":0,"event_name":"Scrap Ooze","floor":2,"gold_loss":0},{"damage_healed":0,"gold_gain":0,"player_choice":"2 cards matched","damage_taken":0,"max_hp_gain":0,"max_hp_loss":0,"event_name":"Match and Keep!","floor":7,"gold_loss":0,"cards_obtained":["Pommel Strike","Limit Break"]}],"is_beta":false,"boss_relics":[],"items_purged_floors":[],"is_endless":false,"potions_floor_spawned":[6,10,13],"killed_by":"The Guardian","ascension_level":2}