{"gold_per_floor":[113,188,188,25,175,210,210,236,261,261,274,307,324,335,335,410,410,421,441,441,441,451,451,465,515,515,55,70,70,90,90,90,166,166,182,200,210,310,27,27,60,60,60,73,92,92,123,123,123,123],"floor_reached":50,"playtime":4504,"items_purged":["Strike_R","Writhe"],"score":1240,"play_id":"d6b055f4-e951-4a6a-b1bf-94a20d0ad2ce","local_time":"20190827232332","is_ascension_mode":true,"campfire_choices":[{"data":"Combust","floor":7.0,"key":"SMITH"},{"data":"Bash","floor":10.0,"key":"SMITH"},{"data":"Blood for Blood","floor":15.0,"key":"SMITH"},{"floor":23.0,"key":"REST"},{"floor":29.0,"key":"REST"},{"floor":32.0,"key":"REST"},{"floor":40.0,"key":"REST"},{"floor":42.0,"key":"REST"},{"floor":49,"key":"REST"}],"neow_cost":"NONE","seed_source_timestamp":827695431146708,"circlet_count":0,"master_deck":["AscendersBane","Strike_R","Strike_R","Strike_R","Strike_R","Defend_R","Defend_R","Defend_R","Defend_R","Bash+1","Combust+1","Wild Strike","Rupture+1","Clothesline","Demon Form+1","Shrug It Off","Blood for Blood+1","Feed","Flame Barrier","Heavy Blade","J.A.X.","Headbutt","Barricade+1","Immolate","Flame Barrier","Impervious","Clumsy","Metallicize+1","Carnage+1","Sword Boomerang+1","Metallicize+1","Bandage Up","Ghostly Armor+1","Battle Trance","Madness","Madness","Immolate"],"special_seed":0,"relics":["Burning Blood","NeowsBlessing","Omamori","Strawberry","Frozen Egg 2","Anchor","Potion Belt","Fusion Hammer","Self Forming Clay","Oddly Smooth Stone","Calling Bell","Vajra","Mummified Hand","Thread and Needle","Ginger","Singing Bowl","Letter Opener","Blue Candle"],"potions_floor_usage":[],"damage_taken":[{"damage":0.0,"enemies":"Small Slimes","floor":1.0,"turns":1.0},{"damage":0.0,"enemies":"Gremlin Nob","floor":6.0,"turns":1.0},{"damage":1.0,"enemies":"3 Sentries","floor":8.0,"turns":1.0},{"damage":0.0,"enemies":"2 Louse","floor":11.0,"turns":2.0},{"damage":24.0,"enemies":"Lagavulin","floor":12.0,"turns":5.0},{"damage":1.0,"enemies":"Jaw Worm","floor":13.0,"turns":3.0},{"damage":2.0,"enemies":"2 Fungi Beasts","floor":14.0,"turns":3.0},{"damage":27.0,"enemies":"The Guardian","floor":16.0,"turns":9.0},{"damage":34.0,"enemies":"Spheric Guardian","floor":18.0,"turns":5.0},{"damage":19.0,"enemies":"Shell Parasite","floor":19.0,"turns":5.0},{"damage":25.0,"enemies":"Snake Plant","floor":22.0,"turns":4.0},{"damage":43.0,"enemies":"Centurion and Healer","floor":24.0,"turns":7.0},{"damage":17.0,"enemies":"Chosen and Byrds","floor":28.0,"turns":4.0},{"damage":12.0,"enemies":"Snecko","floor":30.0,"turns":3.0},{"damage":60.0,"enemies":"Automaton","floor":33.0,"turns":7.0},{"damage":3.0,"enemies":"Orb Walker","floor":35.0,"turns":3.0},{"damage":19.0,"enemies":"3 Darklings","floor":36.0,"turns":8.0},{"damage":21.0,"enemies":"4 Shapes","floor":37.0,"turns":8.0},{"damage":8.0,"enemies":"Mind Bloom Boss Battle","floor":38.0,"turns":8.0},{"damage":25.0,"enemies":"Giant Head","floor":41.0,"turns":6.0},{"damage":10.0,"enemies":"Writhing Mass","floor":44.0,"turns":8.0},{"damage":31,"enemies":"Jaw Worm Horde","floor":45,"turns":5},{"damage":32,"enemies":"Reptomancer","floor":47,"turns":9},{"damage":85,"enemies":"Awakened One","floor":50,"turns":6}],"seed_played":"9181556995653914758","potions_obtained":[{"floor":8.0,"key":"Weak Potion"},{"floor":11.0,"key":"Poison Potion"},{"floor":12.0,"key":"Strength Potion"},{"floor":24.0,"key":"Weak Potion"},{"floor":28.0,"key":"Explosive Potion"},{"floor":30.0,"key":"Strength Potion"},{"floor":35.0,"key":"SpeedPotion"},{"floor":36.0,"key":"SteroidPotion"},{"floor":37.0,"key":"PowerPotion"},{"floor":38.0,"key":"FearPotion"}],"is_trial":false,"path_per_floor":["M","?","?","$","?","E","R","E","T","R","M","E","M","M","R","B",null,"M","M","?","?","M","R","M","?","T","$","M","R","M","?","R","B",null,"M","M","M","?","$","R","E","R","T","M","M","?","E","?","R","B"],"character_chosen":"IRONCLAD","items_purchased":["Omamori","Oddly Smooth Stone","Immolate","FearPotion","Metallicize+1","Bandage Up"],"campfire_rested":6,"item_purchase_floors":[4,27,27,27,39,39],"current_hp_per_floor":[74,63,63,63,63,76,76,81,81,81,82,64,69,73,73,52,75,50,37,54,54,35,60,23,23,23,23,15,41,35,35,61,10,71,74,61,49,50,50,79,64,93,93,95,74,56,37,39,70,0],"gold":123,"neow_bonus":"THREE_ENEMY_KILL","is_prod":false,"is_daily":false,"chose_seed":false,"campfire_upgraded":3,"win_rate":0,"timestamp":1566962612,"path_taken":["M","?","?","$","?","E","R","E","T","R","M","E","M","M","R","BOSS","M","M","?","?","M","R","M","?","T","$","M","R","M","?","R","BOSS","M","M","M","?","?","R","E","R","T","M","M","?","E","?","R","BOSS"],"build_version":"2019-01-23","purchased_purges":2,"victory":false,"max_hp_per_floor":[75,75,75,75,75,82,82,82,82,82,82,82,82,82,82,82,82,85,85,85,85,85,85,85,85,85,85,88,88,88,88,88,91,91,91,91,94,97,97,97,97,97,97,99,99,99,102,104,104,107],"card_choices":[{"not_picked":["Flex","Cleave"],"picked":"Combust","floor":1.0},{"not_picked":["Iron Wave","Havoc"],"picked":"Wild Strike","floor":6.0},{"not_picked":["Corruption","Thunderclap"],"picked":"Rupture","floor":8.0},{"not_picked":["Shockwave","Pommel Strike"],"picked":"Clothesline","floor":11.0},{"not_picked":["Thunderclap","Havoc"],"picked":"Demon Form+1","floor":12.0},{"not_picked":["Clash","Armaments"],"picked":"Shrug It Off","floor":13.0},{"not_picked":["Body Slam","Shrug It Off"],"picked":"Blood for Blood","floor":14.0},{"not_picked":["Impervious","Demon Form+1"],"picked":"Feed","floor":16.0},{"not_picked":["Clash","Cleave"],"picked":"Flame Barrier","floor":18.0},{"not_picked":["Shrug It Off","Sever Soul"],"picked":"Heavy Blade","floor":19.0},{"not_picked":["Thunderclap","Cleave"],"picked":"Headbutt","floor":22.0},{"not_picked":["Clothesline","Headbutt"],"picked":"Barricade+1","floor":24.0},{"not_picked":["Sword Boomerang","Iron Wave+1"],"picked":"Flame Barrier","floor":28.0},{"not_picked":["Hemokinesis","Clash","Entrench"],"picked":"SKIP","floor":30.0},{"not_picked":["Exhume","Feed"],"picked":"Impervious","floor":33.0},{"not_picked":["Wild Strike+1","Inflame+1"],"picked":"Metallicize+1","floor":35.0},{"not_picked":["Clothesline","Anger+1"],"picked":"Carnage+1","floor":36.0},{"not_picked":["Clash+1","Headbutt","Blood for Blood"],"picked":"SKIP","floor":37.0},{"not_picked":["Exhume","Cleave"],"picked":"Sword Boomerang+1","floor":38.0},{"not_picked":["Carnage","Shockwave"],"picked":"Ghostly Armor+1","floor":41.0},{"not_picked":["Body Slam","Inflame+1","Headbutt"],"picked":"Singing Bowl","floor":44.0},{"not_picked":["Rage","Havoc"],"picked":"Battle Trance","floor":45},{"not_picked":["Rupture+1","Havoc"],"picked":"Immolate","floor":47},{"not_picked":["PanicButton","Finesse","Chrysalis"],"picked":"Singing Bowl","floor":48}],"player_experience":2865957,"relics_obtained":[{"floor":6.0,"key":"Strawberry"},{"floor":8.0,"key":"Frozen Egg 2"},{"floor":9.0,"key":"Anchor"},{"floor":12.0,"key":"Potion Belt"},{"floor":26.0,"key":"Self Forming Clay"},{"floor":34.0,"key":"Vajra"},{"floor":34.0,"key":"Mummified Hand"},{"floor":34.0,"key":"Thread and Needle"},{"floor":38.0,"key":"Ginger"},{"floor":41.0,"key":"Singing Bowl"},{"floor":43.0,"key":"Letter Opener"},{"floor":47,"key":"Blue Candle"}],"event_choices":[{"damage_healed":0.0,"max_hp_gain":0.0,"max_hp_loss":0.0,"gold_gain":75.0,"event_name":"World of Goop","player_choice":"Gather Gold","floor":2.0,"gold_loss":0.0,"damage_taken":11.0},{"damage_healed":0.0,"max_hp_gain":0.0,"max_hp_loss":0.0,"gold_gain":0.0,"event_name":"The Cleric","player_choice":"Leave","floor":3.0,"gold_loss":0.0,"damage_taken":0.0},{"damage_healed":0.0,"max_hp_gain":0.0,"max_hp_loss":0.0,"gold_gain":150.0,"event_name":"Liars Game","player_choice":"AGREE","floor":5.0,"gold_loss":0.0,"damage_taken":0.0,"cards_obtained":["Doubt"]},{"damage_healed":17.0,"max_hp_gain":0.0,"max_hp_loss":0.0,"gold_gain":0.0,"event_name":"The Library","player_choice":"Heal","floor":20.0,"gold_loss":0.0,"damage_taken":0.0},{"damage_healed":0.0,"max_hp_gain":0.0,"max_hp_loss":0.0,"gold_gain":0.0,"event_name":"Drug Dealer","player_choice":"Obtain J.A.X.","floor":21.0,"gold_loss":0.0,"damage_taken":0.0,"cards_obtained":["J.A.X."]},{"damage_healed":0.0,"max_hp_gain":0.0,"max_hp_loss":0.0,"gold_gain":50.0,"event_name":"Nest","player_choice":"Stole From Cult","floor":25.0,"gold_loss":0.0,"damage_taken":0.0},{"damage_healed":0.0,"max_hp_gain":0.0,"max_hp_loss":0.0,"gold_gain":0.0,"event_name":"Cursed Tome","player_choice":"Ignored","floor":31.0,"gold_loss":0.0,"damage_taken":0.0},{"damage_healed":0.0,"max_hp_gain":0.0,"max_hp_loss":0.0,"gold_gain":0.0,"event_name":"MindBloom","player_choice":"Fight","floor":38.0,"gold_loss":0.0,"damage_taken":0.0},{"damage_healed":0,"gold_gain":0,"player_choice":"Embrace Madness","damage_taken":18,"max_hp_gain":0,"max_hp_loss":0,"event_name":"Winding Halls","floor":46,"gold_loss":0,"cards_obtained":["Madness","Madness"]},{"damage_healed":0,"gold_gain":0,"player_choice":"Memory 1","damage_taken":0,"max_hp_gain":0,"max_hp_loss":0,"event_name":"SensoryStone","floor":48,"gold_loss":0}],"is_beta":false,"boss_relics":[{"not_picked":["Ectoplasm","Coffee Dripper"],"picked":"Fusion Hammer"},{"not_picked":["Runic Pyramid","Runic Dome"],"picked":"Calling Bell"}],"items_purged_floors":[27,39],"is_endless":false,"potions_floor_spawned":[8,11,12,24,28,30,35,36,37,38],"killed_by":"Awakened One","ascension_level":20}