{"gold_per_floor":[117,127,177,21,39,54,85,85,85,85,114,114,126,141,141,214,214,228,244,254,254,269,269,294,294,294,306,306,322,322,334,334,334],"floor_reached":33,"playtime":2571,"items_purged":[],"score":562,"play_id":"c205b8ae-77f3-42dc-aeeb-c035f4e0473c","local_time":"20190828193300","is_ascension_mode":true,"campfire_choices":[{"data":"True Grit","floor":8.0,"key":"SMITH"},{"floor":10.0,"key":"REST"},{"floor":12.0,"key":"REST"},{"data":"Immolate","floor":15.0,"key":"SMITH"},{"data":"Disarm","floor":23.0,"key":"SMITH"},{"data":"Flame Barrier","floor":25,"key":"SMITH"},{"data":"Clothesline","floor":28,"key":"SMITH"},{"data":"Evolve","floor":30,"key":"SMITH"},{"floor":32,"key":"REST"}],"neow_cost":"NONE","seed_source_timestamp":849301077426307,"circlet_count":0,"master_deck":["AscendersBane","Strike_R","Strike_R","Strike_R","Defend_R+1","Defend_R","Defend_R+1","Bash","Cleave","Iron Wave","Immolate+1","Iron Wave","True Grit+1","Disarm+1","Flame Barrier+1","Blood for Blood","Reaper","Immolate+1","Double Tap+1","Rage+1","Metallicize","Seeing Red+1","Carnage","Clothesline+1","Inflame+1","Headbutt+1","Evolve+1"],"special_seed":0,"relics":["Burning Blood","Potion Belt","Matryoshka","Anchor","FossilizedHelix","Art of War","Astrolabe","War Paint","Happy Flower","Calipers"],"potions_floor_usage":[24,33],"damage_taken":[{"damage":9.0,"enemies":"Jaw Worm","floor":1.0,"turns":4.0},{"damage":6.0,"enemies":"Cultist","floor":2.0,"turns":3.0},{"damage":5.0,"enemies":"Small Slimes","floor":5.0,"turns":2.0},{"damage":9.0,"enemies":"Red Slaver","floor":6.0,"turns":4.0},{"damage":17.0,"enemies":"3 Sentries","floor":7.0,"turns":5.0},{"damage":41.0,"enemies":"Lagavulin","floor":11.0,"turns":12.0},{"damage":13.0,"enemies":"Lots of Slimes","floor":13.0,"turns":4.0},{"damage":4.0,"enemies":"2 Fungi Beasts","floor":14.0,"turns":4.0},{"damage":20.0,"enemies":"Slime Boss","floor":16.0,"turns":9.0},{"damage":15.0,"enemies":"Shell Parasite","floor":18.0,"turns":4.0},{"damage":8.0,"enemies":"Spheric Guardian","floor":19.0,"turns":7.0},{"damage":0.0,"enemies":"Cultist and Chosen","floor":20.0,"turns":5.0},{"damage":0.0,"enemies":"Snake Plant","floor":22.0,"turns":4.0},{"damage":30,"enemies":"Gremlin Leader","floor":24,"turns":7},{"damage":14,"enemies":"Chosen and Byrds","floor":27,"turns":4},{"damage":8,"enemies":"Shelled Parasite and Fungi","floor":29,"turns":4},{"damage":16,"enemies":"3 Cultists","floor":31,"turns":5},{"damage":105,"enemies":"Collector","floor":33,"turns":8}],"seed_played":"4206857695393113904","potions_obtained":[{"floor":5.0,"key":"Dexterity Potion"},{"floor":7.0,"key":"PowerPotion"},{"floor":13.0,"key":"EntropicBrew"},{"floor":14.0,"key":"SpeedPotion"},{"floor":19.0,"key":"SteroidPotion"},{"floor":20.0,"key":"FearPotion"},{"floor":22.0,"key":"Weak Potion"},{"floor":27,"key":"PowerPotion"}],"is_trial":false,"path_per_floor":["M","M","?","$","M","M","E","R","T","R","E","R","M","M","R","B",null,"M","M","M","?","M","R","E","R","T","M","R","M","R","M","R","B"],"character_chosen":"IRONCLAD","items_purchased":["Immolate"],"campfire_rested":3,"item_purchase_floors":[4],"current_hp_per_floor":[65,65,58,58,59,56,45,45,45,67,32,54,47,49,49,35,65,56,54,60,60,75,75,51,51,51,43,43,41,41,39,61,0],"gold":334,"neow_bonus":"RANDOM_COMMON_RELIC","is_prod":false,"is_daily":false,"chose_seed":false,"campfire_upgraded":6,"win_rate":0,"timestamp":1567035180,"path_taken":["M","M","?","$","M","M","E","R","T","R","E","R","?","M","R","BOSS","M","M","M","?","?","R","E","R","T","M","R","M","R","M","R","BOSS"],"build_version":"2019-01-23","purchased_purges":0,"victory":false,"max_hp_per_floor":[75,75,75,75,75,75,75,75,75,75,75,75,75,75,75,75,75,75,75,75,75,75,75,75,75,75,75,75,75,75,75,75,75],"card_choices":[{"not_picked":["True Grit","Body Slam"],"picked":"Cleave","floor":1.0},{"not_picked":["Perfected Strike","Sever Soul"],"picked":"Iron Wave","floor":2.0},{"not_picked":["Wild Strike","Headbutt"],"picked":"Iron Wave","floor":5.0},{"not_picked":["Clash","Dual Wield","Havoc"],"picked":"SKIP","floor":6.0},{"not_picked":["Anger","Second Wind"],"picked":"True Grit","floor":7.0},{"not_picked":["Sentinel","Rupture"],"picked":"Disarm","floor":11.0},{"not_picked":["Anger","Wild Strike"],"picked":"Flame Barrier","floor":13.0},{"not_picked":["Dark Embrace","Fire Breathing"],"picked":"Blood for Blood","floor":14.0},{"not_picked":["Berserk","Offering"],"picked":"Reaper","floor":16.0},{"not_picked":["Clash","Cleave"],"picked":"Metallicize","floor":18.0},{"not_picked":["Headbutt","Havoc"],"picked":"Seeing Red","floor":19.0},{"not_picked":["Blood for Blood","Havoc"],"picked":"Carnage","floor":20.0},{"not_picked":["Shrug It Off","Perfected Strike"],"picked":"Clothesline","floor":22.0},{"not_picked":["Fire Breathing","Perfected Strike"],"picked":"Inflame+1","floor":24},{"not_picked":["Perfected Strike","Pommel Strike"],"picked":"Headbutt+1","floor":27},{"not_picked":["Havoc","Combust"],"picked":"Evolve","floor":29},{"not_picked":["Headbutt","True Grit","Sentinel"],"picked":"SKIP","floor":31}],"player_experience":2870461,"relics_obtained":[{"floor":7.0,"key":"Matryoshka"},{"floor":9.0,"key":"Anchor"},{"floor":9.0,"key":"FossilizedHelix"},{"floor":11.0,"key":"Art of War"},{"floor":24,"key":"War Paint"},{"floor":26,"key":"Happy Flower"},{"floor":26,"key":"Calipers"}],"event_choices":[{"damage_healed":0.0,"max_hp_gain":0.0,"max_hp_loss":0.0,"gold_gain":50.0,"event_name":"FaceTrader","player_choice":"Touch","floor":3.0,"gold_loss":0.0,"damage_taken":7.0},{"damage_healed":0.0,"max_hp_gain":0.0,"max_hp_loss":0.0,"gold_gain":0.0,"event_name":"Upgrade Shrine","player_choice":"Upgraded","floor":21.0,"gold_loss":0.0,"damage_taken":0.0,"cards_upgraded":["Seeing Red"]}],"is_beta":false,"boss_relics":[{"not_picked":["Busted Crown","Pandora\u0027s Box"],"picked":"Astrolabe"}],"items_purged_floors":[],"is_endless":false,"potions_floor_spawned":[5,7,13,14,19,20,22,27],"killed_by":"Collector","ascension_level":20}