{"gold_per_floor":[110,110,129,129,147,182,68,68,68,68,85,85,119,119,119,219,219,234,251,251],"floor_reached":20,"playtime":1753,"items_purged":["Strike_B"],"score":255,"play_id":"27f5e147-ca44-4ca6-91c8-1227df6ca7af","local_time":"20180913004534","is_ascension_mode":true,"campfire_choices":[{"floor":8,"key":"REST"},{"floor":12,"key":"REST"},{"floor":15,"key":"REST"}],"neow_cost":"NONE","seed_source_timestamp":111637271704663,"circlet_count":0,"master_deck":["Strike_B","Strike_B","Defend_B","Defend_B","Defend_B","Defend_B","Zap","Dualcast","Creative AI","Beam Cell+1","Gash","Gash","Hologram","Self Repair","Gash","Electrodynamics","Turbo+1","Go for the Eyes"],"relics":["Cracked Core","Dodecahedron","Strawberry","Anchor","Sozu"],"potions_floor_usage":[6,16],"damage_taken":[{"damage":4,"enemies":"Jaw Worm","floor":1,"turns":3},{"damage":10,"enemies":"2 Louse","floor":3,"turns":3},{"damage":0,"enemies":"Cultist","floor":5,"turns":4},{"damage":25,"enemies":"Lagavulin","floor":6,"turns":5},{"damage":17,"enemies":"3 Louse","floor":11,"turns":4},{"damage":39,"enemies":"Gremlin Nob","floor":13,"turns":5},{"damage":21,"enemies":"The Guardian","floor":16,"turns":8},{"damage":12,"enemies":"Chosen","floor":18,"turns":4},{"damage":33,"enemies":"Shell Parasite","floor":19,"turns":6},{"damage":40,"enemies":"Masked Bandits","floor":20,"turns":3}],"seed_played":"5028523522089193856","potions_obtained":[{"floor":5,"key":"PowerPotion"},{"floor":6,"key":"FearPotion"},{"floor":13,"key":"Weak Potion"}],"is_trial":false,"path_per_floor":["M","?","M","?","M","E","$","R","T","?","M","R","E","?","R","B",null,"M","M"],"character_chosen":"DEFECT","items_purchased":["Self Repair"],"campfire_rested":3,"item_purchase_floors":[7],"current_hp_per_floor":[64,64,54,54,54,29,29,51,58,58,48,72,40,28,52,38,71,66,40,0],"gold":251,"neow_bonus":"TRANSFORM_CARD","is_prod":false,"is_daily":false,"chose_seed":false,"campfire_upgraded":0,"win_rate":0,"timestamp":1536813934,"path_taken":["M","?","?","?","M","E","$","R","T","?","M","R","E","?","R","BOSS","M","M","?"],"build_version":"2018-08-23v2","purchased_purges":1,"victory":false,"max_hp_per_floor":[75,75,75,75,75,75,75,75,82,82,82,82,82,82,82,82,82,82,82,82],"card_choices":[{"not_picked":["Coolheaded","Steam"],"picked":"Beam Cell","floor":1},{"not_picked":["Auto Shields","Streamline"],"picked":"Gash","floor":3},{"not_picked":["Heatsinks","Sweeping Beam"],"picked":"Gash","floor":5},{"not_picked":["BootSequence","Beam Cell"],"picked":"Hologram","floor":6},{"not_picked":["Reprogram","Compile Driver","Capacitor"],"picked":"SKIP","floor":11},{"not_picked":["Undo","Compile Driver"],"picked":"Gash","floor":13},{"not_picked":["Amplify","Creative AI"],"picked":"Electrodynamics","floor":16},{"not_picked":["Ball Lightning","Loop"],"picked":"Turbo+1","floor":18},{"not_picked":["Leap","Hologram"],"picked":"Go for the Eyes","floor":19}],"player_experience":1702142,"relics_obtained":[{"floor":6,"key":"Dodecahedron"},{"floor":9,"key":"Strawberry"},{"floor":13,"key":"Anchor"}],"event_choices":[{"event_name":"Liars Game","player_choice":"disagreed","floor":2,"damage_taken":0},{"event_name":"Shining Light","player_choice":"Ignored","floor":4,"damage_taken":0},{"event_name":"Accursed Blacksmith","player_choice":"Forge","floor":10,"damage_taken":0},{"event_name":"Scrap Ooze","player_choice":"unsuccessful","floor":14,"damage_taken":12},{"event_name":"Masked Bandits","player_choice":"Fought Bandits","floor":20,"damage_taken":0}],"is_beta":false,"boss_relics":[{"not_picked":["Lizard Tail","Black Star"],"picked":"Sozu"}],"items_purged_floors":[7],"is_endless":false,"potions_floor_spawned":[5,6,13,18],"killed_by":"Masked Bandits","ascension_level":8}