{"gold_per_floor":[117,117,117,134,149,149,182,182,207,207,224,236,249,249,249,323,323,343,343,343,343,361,361],"floor_reached":23,"playtime":1331,"items_purged":[],"score":315,"play_id":"b2b8bae2-0470-440d-8d9d-54db72623218","local_time":"20181204233927","is_ascension_mode":true,"campfire_choices":[{"floor":6.0,"key":"REST"},{"floor":8.0,"key":"RECALL"},{"floor":15,"key":"REST"}],"neow_cost":"NONE","seed_source_timestamp":0,"circlet_count":0,"master_deck":["AscendersBane","Defend_G","Defend_G","Defend_G","Defend_G","Defend_G","Strike_G","Strike_G+1","Strike_G","Strike_G","Strike_G","Survivor","Neutralize+1","Die Die Die+1","Footwork","Dagger Spray","Terror","Blur","Neutralize","Finisher","Blind","Deadly Poison","Quick Slash","Bouncing Flask","Die Die Die","Die Die Die","Sucker Punch"],"special_seed":0,"relics":["Ring of the Snake","Omamori","Dream Catcher","Busted Crown"],"potions_floor_usage":[23,23],"damage_taken":[{"damage":3.0,"enemies":"Jaw Worm","floor":1.0,"turns":5.0},{"damage":0.0,"enemies":"2 Louse","floor":4.0,"turns":1.0},{"damage":0.0,"enemies":"Cultist","floor":5.0,"turns":3.0},{"damage":7.0,"enemies":"Gremlin Nob","floor":7.0,"turns":3.0},{"damage":9.0,"enemies":"Exordium Wildlife","floor":11.0,"turns":3.0},{"damage":4.0,"enemies":"Blue Slaver","floor":12.0,"turns":3.0},{"damage":9,"enemies":"3 Louse","floor":13,"turns":3},{"damage":19,"enemies":"Hexaghost","floor":16,"turns":10},{"damage":12,"enemies":"Spheric Guardian","floor":18,"turns":5},{"damage":31,"enemies":"Colosseum Slavers","floor":21,"turns":6},{"damage":9,"enemies":"2 Thieves","floor":22,"turns":4},{"damage":11,"enemies":"Sentry and Sphere","floor":23,"turns":3}],"seed_played":"-6742599991339379900","potions_obtained":[{"floor":1.0,"key":"Swift Potion"},{"floor":4.0,"key":"Explosive Potion"},{"floor":12.0,"key":"EssenceOfSteel"},{"floor":16,"key":"EssenceOfSteel"}],"is_trial":false,"path_per_floor":["M","?","?","M","M","R","E","R","T","?","M","M","M","?","R","B",null,"M","?","?","?","M","M"],"character_chosen":"THE_SILENT","items_purchased":[],"campfire_rested":2,"item_purchase_floors":[],"current_hp_per_floor":[60,60,46,46,46,67,60,60,60,60,51,47,38,38,59,40,63,51,51,51,20,11,0],"gold":361,"neow_bonus":"ONE_RANDOM_RARE_CARD","is_prod":false,"is_daily":false,"chose_seed":false,"campfire_upgraded":0,"win_rate":0,"timestamp":1543984767,"path_taken":["M","?","?","M","M","R","E","R","T","?","?","M","M","?","R","BOSS","M","?","?","?","M","M"],"build_version":"2018-11-15","purchased_purges":0,"victory":false,"max_hp_per_floor":[70,70,70,70,70,70,70,70,70,70,70,70,70,70,70,70,70,70,70,70,70,70,70],"card_choices":[{"not_picked":["Prepared","Caltrops"],"picked":"Footwork","floor":1.0},{"not_picked":["Blade Dance","Backflip"],"picked":"Dagger Spray","floor":4.0},{"not_picked":["Slice","Dodge and Roll"],"picked":"Terror","floor":5.0},{"not_picked":["Night Terror","Poisoned Stab"],"picked":"Blur","floor":7.0},{"not_picked":["Sucker Punch","Underhanded Strike"],"picked":"Deadly Poison","floor":11.0},{"not_picked":["Outmaneuver","Tactician"],"picked":"Quick Slash","floor":12.0},{"not_picked":["Blade Dance","Flying Knee"],"picked":"Bouncing Flask","floor":13},{"not_picked":["Deadly Poison","Slice"],"picked":"Die Die Die","floor":15},{"not_picked":["Phantasmal Killer","Venomology"],"picked":"Die Die Die","floor":16},{"not_picked":["Dagger Throw"],"picked":"SKIP","floor":18},{"not_picked":[],"picked":"Sucker Punch","floor":22}],"player_experience":2043871,"relics_obtained":[{"floor":7.0,"key":"Omamori"},{"floor":9.0,"key":"Dream Catcher"}],"event_choices":[{"damage_healed":0.0,"max_hp_gain":0.0,"max_hp_loss":0.0,"gold_gain":0.0,"event_name":"Liars Game","player_choice":"Ignored","floor":2.0,"gold_loss":0.0,"damage_taken":0.0},{"damage_healed":0.0,"max_hp_gain":0.0,"max_hp_loss":0.0,"gold_gain":0.0,"event_name":"Shining Light","player_choice":"Entered Light","floor":3.0,"gold_loss":0.0,"damage_taken":14.0,"cards_upgraded":["Die Die Die","Strike_G"]},{"damage_healed":0.0,"max_hp_gain":0.0,"max_hp_loss":0.0,"gold_gain":0.0,"event_name":"Match and Keep!","player_choice":"3 cards matched","floor":10.0,"gold_loss":0.0,"damage_taken":0.0,"cards_obtained":["Neutralize","Finisher","Blind"]},{"damage_healed":0,"gold_gain":0,"player_choice":"Grow","damage_taken":0,"max_hp_gain":0,"max_hp_loss":0,"event_name":"Living Wall","floor":14,"gold_loss":0,"cards_upgraded":["Neutralize"]},{"damage_healed":0,"gold_gain":0,"player_choice":"Smashed Altar","damage_taken":0,"max_hp_gain":0,"max_hp_loss":0,"event_name":"Forgotten Altar","floor":19,"gold_loss":0,"cards_obtained":["Decay"]},{"damage_healed":0,"gold_gain":0,"player_choice":"Ignored","damage_taken":0,"max_hp_gain":0,"max_hp_loss":0,"event_name":"Vampires","floor":20,"gold_loss":0},{"damage_healed":0,"gold_gain":0,"player_choice":"Fight","damage_taken":0,"max_hp_gain":0,"max_hp_loss":0,"event_name":"Colosseum","floor":21,"gold_loss":0},{"damage_healed":0,"gold_gain":0,"player_choice":"Fled From Nobs","damage_taken":0,"max_hp_gain":0,"max_hp_loss":0,"event_name":"Colosseum","floor":21,"gold_loss":0}],"is_beta":false,"boss_relics":[{"not_picked":["WristBlade","Velvet Choker"],"picked":"Busted Crown"}],"items_purged_floors":[],"is_endless":false,"potions_floor_spawned":[1,4,12,16,22],"killed_by":"Sentry and Sphere","ascension_level":13}