{"gold_per_floor":[368,218,238,252,252,252,264,20,74,86,126,108,137,174,186,300,312,341,353,280,339,363,375,415,427,439,471,483,126,161,176,176,273,273,291,309,157,175,229,229,229,258,258,272,272,287,297,328,328,328,328,328,1,27,27],"floor_reached":56,"playtime":8921,"items_purged":["Normality","Pain","Defend_P"],"score":1345,"play_id":"9beae5ca-3d84-4037-999c-3b90e5fa42bb","local_time":"20190910223804","is_ascension_mode":false,"campfire_choices":[{"data":"CrushJoints","floor":6.0,"key":"SMITH"},{"data":"FlowState","floor":15.0,"key":"SMITH"},{"data":"Ghostly","floor":23.0,"key":"SMITH"},{"data":"MasterReality","floor":25.0,"key":"SMITH"},{"data":"Ghostly","floor":28.0,"key":"SMITH"},{"data":"Ghostly","floor":32.0,"key":"SMITH"},{"data":"1","floor":40.0,"key":"LIFT"},{"floor":45.0,"key":"RECALL"},{"floor":49,"key":"REST"},{"data":"2","floor":52,"key":"LIFT"}],"neow_cost":"CURSE","seed_source_timestamp":0,"circlet_count":0,"master_deck":["Strike_P","Strike_P","Strike_P+1","Strike_P+1","Defend_P","Defend_P","Defend_P","Eruption","Vigilance","CrushJoints+1","Protect","EmptyMind","EmptyFist","CutThroughFate","Protect","FlowState+1","EmptyFist","SandsOfTime+1","Ghostly+1","Ghostly+1","Ghostly","Ghostly+1","Ghostly","Crescendo","FollowUp+1","Swivel+1","Blind+1","Tantrum","Fasting","InnerPeace+1","Crescendo+1","DevaForm","BowlingBash+1","Enlightenment+1","Evaluate+1","BattleHymn","ClearTheMind+1","Ghostly+1","EmptyMind+1"],"special_seed":0,"relics":["PureWater","WarpedTongs","Anchor","MawBank","Odd Mushroom","Bag of Marbles","Runic Pyramid","Ginger","PreservedInsect","MealTicket","Toxic Egg 2","Omamori","Cursed Key","Girya","Pen Nib","Kunai","TungstenRod","DollysMirror","Shuriken"],"potions_floor_usage":[48,50,55,55],"damage_taken":[{"damage":3.0,"enemies":"2 Louse","floor":1.0,"turns":2.0},{"damage":0.0,"enemies":"Cultist","floor":3.0,"turns":3.0},{"damage":1.0,"enemies":"Jaw Worm","floor":4.0,"turns":4.0},{"damage":17.0,"enemies":"Large Slime","floor":7.0,"turns":5.0},{"damage":0.0,"enemies":"The Mushroom Lair","floor":11.0,"turns":2.0},{"damage":0.0,"enemies":"Red Slaver","floor":13.0,"turns":2.0},{"damage":3.0,"enemies":"Gremlin Nob","floor":14.0,"turns":3.0},{"damage":0.0,"enemies":"Slime Boss","floor":16.0,"turns":3.0},{"damage":0.0,"enemies":"2 Thieves","floor":18.0,"turns":2.0},{"damage":0.0,"enemies":"Chosen","floor":22.0,"turns":2.0},{"damage":5.0,"enemies":"Slavers","floor":24.0,"turns":5.0},{"damage":0.0,"enemies":"Centurion and Healer","floor":27.0,"turns":3.0},{"damage":4.0,"enemies":"Gremlin Leader","floor":30.0,"turns":6.0},{"damage":1.0,"enemies":"Snecko","floor":31.0,"turns":4.0},{"damage":23.0,"enemies":"Champ","floor":33.0,"turns":17.0},{"damage":7.0,"enemies":"3 Darklings","floor":35.0,"turns":7.0},{"damage":0.0,"enemies":"Orb Walker","floor":36.0,"turns":3.0},{"damage":0.0,"enemies":"Sphere and 2 Shapes","floor":38.0,"turns":3.0},{"damage":17.0,"enemies":"2 Orb Walkers","floor":39.0,"turns":8.0},{"damage":3.0,"enemies":"Giant Head","floor":42.0,"turns":5.0},{"damage":10.0,"enemies":"Writhing Mass","floor":44.0,"turns":4.0},{"damage":0.0,"enemies":"Transient","floor":46.0,"turns":5.0},{"damage":3.0,"enemies":"Maw","floor":47.0,"turns":6.0},{"damage":0,"enemies":"Reptomancer","floor":48,"turns":2},{"damage":2,"enemies":"Donu and Deca","floor":50,"turns":10},{"damage":2,"enemies":"Shield and Spear","floor":54,"turns":5},{"damage":28,"enemies":"The Heart","floor":55,"turns":10}],"seed_played":"-4419697488892591044","potions_obtained":[{"floor":7.0,"key":"Dexterity Potion"},{"floor":12.0,"key":"Fruit Juice"},{"floor":12.0,"key":"Strength Potion"},{"floor":13.0,"key":"PowerPotion"},{"floor":16.0,"key":"Fire Potion"},{"floor":18.0,"key":"GamblersBrew"},{"floor":27.0,"key":"Strength Potion"},{"floor":30.0,"key":"Strength Potion"},{"floor":33.0,"key":"SteroidPotion"},{"floor":36.0,"key":"GamblersBrew"},{"floor":39.0,"key":"EssenceOfSteel"},{"floor":42.0,"key":"Weak Potion"}],"is_trial":false,"path_per_floor":["M","$","M","M","?","R","M","$","T","?","?","?","M","E","R","B",null,"M","?","?","T","M","R","E","R","T","M","R","$","E","M","R","B",null,"M","M","$","M","?","R","?","E","T","M","R","M","M","E","R","B",null,"R","$","E","B",null],"character_chosen":"WATCHER","items_purchased":["CrushJoints","Protect","Anchor","Blind+1","Tantrum","Fasting","Enlightenment+1","Evaluate+1","DollysMirror","Strength Potion","LiquidBronze","EmptyMind+1"],"campfire_rested":1,"item_purchase_floors":[2,2,8,29,29,29,37,37,53,53,53,53],"current_hp_per_floor":[62,62,62,61,61,61,44,44,44,31,31,31,36,33,33,33,70,70,35,35,35,35,35,30,30,30,30,30,35,31,30,30,7,35,28,28,35,35,18,18,18,15,15,5,5,5,2,2,12,10,35,35,35,33,5],"gold":27,"neow_bonus":"TWO_FIFTY_GOLD","is_prod":false,"is_daily":false,"chose_seed":false,"campfire_upgraded":6,"win_rate":0.0,"timestamp":1568111884,"path_taken":["M","$","M","M","?","R","?","$","T","?","?","?","M","E","R","BOSS","M","?","?","?","M","R","E","R","T","M","R","$","E","M","R","BOSS","M","M","$","?","?","R","?","E","T","M","R","M","?","E","R","BOSS","R","$","E","BOSS"],"build_version":"2019-09-09v2","purchased_purges":3,"victory":true,"max_hp_per_floor":[65,65,65,65,65,65,65,65,65,65,65,65,70,70,70,70,70,70,35,35,35,35,35,35,35,35,35,35,35,35,35,35,35,35,35,35,35,35,35,35,35,35,35,35,35,35,35,35,35,35,35,35,35,35,35],"card_choices":[{"not_picked":["FollowUp","Halt","FlurryOfBlows"],"picked":"SKIP","floor":1.0},{"not_picked":["Halt","TalkToTheHand"],"picked":"EmptyMind","floor":3.0},{"not_picked":["Weave","Consecrate"],"picked":"EmptyFist","floor":4.0},{"not_picked":["CrushJoints","CleanseEvil"],"picked":"CutThroughFate","floor":7.0},{"not_picked":["TalkToTheHand","FollowUp"],"picked":"Protect","floor":11.0},{"not_picked":["CutThroughFate","WreathOfFlame"],"picked":"FlowState","floor":13.0},{"not_picked":["Swivel","FlyingSleeves"],"picked":"EmptyFist","floor":14.0},{"not_picked":["Vault","Brilliance"],"picked":"MasterReality","floor":16.0},{"not_picked":["Fasting","CrushJoints+1"],"picked":"SandsOfTime+1","floor":18.0},{"not_picked":["Halt","CutThroughFate"],"picked":"Crescendo","floor":22.0},{"not_picked":["CleanseEvil","WreathOfFlame+1"],"picked":"FollowUp+1","floor":24.0},{"not_picked":["CutThroughFate","FollowUp"],"picked":"Swivel+1","floor":27.0},{"not_picked":["Vault","ForeignInfluence+1"],"picked":"InnerPeace+1","floor":30.0},{"not_picked":["CleanseEvil+1","WaveOfTheHand+1"],"picked":"Crescendo+1","floor":31.0},{"not_picked":["Omniscience+1","Wallop"],"picked":"DevaForm","floor":33.0},{"not_picked":["EmptyFist","CrushJoints+1"],"picked":"BowlingBash+1","floor":35.0},{"not_picked":["BowlingBash","EmptyBody+1","Consecrate+1"],"picked":"SKIP","floor":36.0},{"not_picked":["EmptyFist","Tantrum","Scrawl+1"],"picked":"SKIP","floor":38.0},{"not_picked":["DeceiveReality+1","EmptyMind+1","Consecrate"],"picked":"SKIP","floor":42.0},{"not_picked":["ClearTheMind+1","CrushJoints+1"],"picked":"BattleHymn","floor":44.0},{"not_picked":["EmptyBody+1","InnerPeace+1"],"picked":"ClearTheMind+1","floor":46.0},{"not_picked":["Crescendo+1","InnerPeace+1","WaveOfTheHand+1"],"picked":"SKIP","floor":47.0},{"not_picked":["BowlingBash","FollowUp","Weave"],"picked":"SKIP","floor":48},{"not_picked":["Meditate+1","EmptyBody+1","WaveOfTheHand+1"],"picked":"SKIP","floor":54}],"player_experience":994777,"relics_obtained":[{"floor":9.0,"key":"MawBank"},{"floor":11.0,"key":"Odd Mushroom"},{"floor":14.0,"key":"Bag of Marbles"},{"floor":21.0,"key":"PreservedInsect"},{"floor":24.0,"key":"MealTicket"},{"floor":26.0,"key":"Toxic Egg 2"},{"floor":30.0,"key":"Omamori"},{"floor":39.0,"key":"Girya"},{"floor":42.0,"key":"Kunai"},{"floor":48,"key":"TungstenRod"},{"floor":54,"key":"Shuriken"}],"event_choices":[{"damage_healed":0.0,"max_hp_gain":0.0,"max_hp_loss":0.0,"gold_gain":0.0,"event_name":"Accursed Blacksmith","player_choice":"Rummage","floor":5.0,"gold_loss":0.0,"damage_taken":0.0,"relics_obtained":["WarpedTongs"],"cards_obtained":["Pain"]},{"damage_healed":0.0,"max_hp_gain":0.0,"max_hp_loss":0.0,"gold_gain":0.0,"event_name":"Shining Light","player_choice":"Entered Light","floor":10.0,"gold_loss":0.0,"damage_taken":13.0,"cards_upgraded":["Strike_P","Strike_P"]},{"damage_healed":0.0,"max_hp_gain":0.0,"max_hp_loss":0.0,"gold_gain":0.0,"event_name":"Mushrooms","player_choice":"Fought Mushrooms","floor":11.0,"gold_loss":0.0,"damage_taken":0.0},{"damage_healed":0.0,"max_hp_gain":0.0,"max_hp_loss":0.0,"gold_gain":0.0,"event_name":"The Woman in Blue","player_choice":"Bought 2 Potions","floor":12.0,"gold_loss":0.0,"damage_taken":0.0},{"damage_healed":0.0,"max_hp_gain":0.0,"max_hp_loss":35.0,"gold_gain":0.0,"event_name":"Ghosts","player_choice":"Became a Ghost","floor":19.0,"gold_loss":0.0,"damage_taken":0.0,"cards_obtained":["Ghostly","Ghostly","Ghostly","Ghostly","Ghostly"]},{"damage_healed":0.0,"max_hp_gain":0.0,"max_hp_loss":0.0,"gold_gain":0.0,"event_name":"Addict","player_choice":"Obtained Relic","floor":20.0,"gold_loss":85.0,"damage_taken":0.0,"relics_obtained":["Ginger"]},{"damage_healed":0.0,"max_hp_gain":0.0,"max_hp_loss":0.0,"gold_gain":0.0,"event_name":"Mysterious Sphere","player_choice":"Fight","floor":39.0,"gold_loss":0.0,"damage_taken":0.0},{"cards_removed":["MasterReality"],"damage_healed":0.0,"max_hp_gain":0.0,"max_hp_loss":0.0,"gold_gain":0.0,"event_name":"WeMeetAgain","player_choice":"Gave Card","floor":41.0,"gold_loss":0.0,"damage_taken":0.0,"relics_obtained":["Pen Nib"]}],"is_beta":true,"boss_relics":[{"not_picked":["Runic Dome","Busted Crown"],"picked":"Runic Pyramid"},{"not_picked":["Snecko Eye","VioletLotus"],"picked":"Cursed Key"}],"items_purged_floors":[2,8,29],"is_endless":false,"potions_floor_spawned":[7,13,16,18,27,30,33,36,39,42,44],"ascension_level":0}