{"gold_per_floor":[117,135,149,224,499,499,524,524,550,584,596,616,616,633,633,633],"floor_reached":16,"playtime":683,"items_purged":[],"score":123,"play_id":"1b3de677-8bf1-492e-85a3-953d5c182f9a","local_time":"20190909082448","is_ascension_mode":true,"campfire_choices":[{"floor":6,"key":"RECALL"},{"floor":8,"key":"REST"},{"floor":15,"key":"REST"}],"neow_cost":"NONE","seed_source_timestamp":47220794813496,"circlet_count":0,"master_deck":["Strike_G","Strike_G","Strike_G+1","Strike_G","Strike_G","Defend_G","Defend_G","Defend_G","Defend_G","Defend_G","Survivor","Dash","Accuracy","Cloak And Dagger","Regret","Grand Finale","Blade Dance","Deadly Poison","Acrobatics","Caltrops","Cloak And Dagger"],"relics":["Ring of the Snake","NeowsBlessing","Whetstone","Oddly Smooth Stone","PreservedInsect"],"potions_floor_usage":[7,7,14],"damage_taken":[{"damage":0,"enemies":"2 Louse","floor":1,"turns":1},{"damage":0,"enemies":"Small Slimes","floor":2,"turns":1},{"damage":0,"enemies":"Cultist","floor":3,"turns":1},{"damage":41,"enemies":"3 Sentries","floor":7,"turns":15},{"damage":7,"enemies":"Gremlin Nob","floor":10,"turns":3},{"damage":0,"enemies":"Looter","floor":11,"turns":3},{"damage":23,"enemies":"Lots of Slimes","floor":12,"turns":7},{"damage":14,"enemies":"2 Fungi Beasts","floor":14,"turns":6},{"damage":31,"enemies":"Slime Boss","floor":16,"turns":7}],"seed_played":"-8798137136791182386","potions_obtained":[{"floor":1,"key":"Dexterity Potion"},{"floor":3,"key":"PowerPotion"},{"floor":7,"key":"FearPotion"},{"floor":10,"key":"Strength Potion"},{"floor":12,"key":"Regen Potion"}],"is_trial":false,"path_per_floor":["M","M","M","?","?","R","E","R","T","E","M","M","?","M","R","B"],"character_chosen":"THE_SILENT","items_purchased":[],"campfire_rested":2,"item_purchase_floors":[],"current_hp_per_floor":[70,70,70,59,59,59,18,39,39,32,32,9,9,7,28,0],"gold":633,"neow_bonus":"THREE_ENEMY_KILL","is_prod":false,"is_daily":false,"chose_seed":false,"campfire_upgraded":0,"win_rate":0,"timestamp":1568028288,"path_taken":["M","M","M","?","?","R","E","R","T","E","M","?","?","M","R","BOSS"],"build_version":"2019-07-17","purchased_purges":0,"victory":false,"max_hp_per_floor":[70,70,70,70,70,70,70,70,70,70,70,70,70,70,70,70],"card_choices":[{"not_picked":["Setup","Riddle With Holes"],"picked":"Dash","floor":1},{"not_picked":["Outmaneuver","Expertise"],"picked":"Accuracy","floor":2},{"not_picked":["Prepared","Dagger Throw"],"picked":"Cloak And Dagger","floor":3},{"not_picked":["Malaise","Prepared"],"picked":"Grand Finale","floor":7},{"not_picked":["Quick Slash","Calculated Gamble"],"picked":"Blade Dance","floor":10},{"not_picked":["Sucker Punch","Prepared"],"picked":"Deadly Poison","floor":11},{"not_picked":["Underhanded Strike","Bane"],"picked":"Acrobatics","floor":12},{"not_picked":["Underhanded Strike","Bane"],"picked":"Cloak And Dagger","floor":14}],"player_experience":399924,"relics_obtained":[{"floor":7,"key":"Whetstone"},{"floor":9,"key":"Oddly Smooth Stone"},{"floor":10,"key":"PreservedInsect"}],"event_choices":[{"damage_healed":0,"gold_gain":75,"player_choice":"Gather Gold","damage_taken":11,"max_hp_gain":0,"max_hp_loss":0,"event_name":"World of Goop","floor":4,"gold_loss":0},{"damage_healed":0,"gold_gain":275,"player_choice":"Desecrate","damage_taken":0,"max_hp_gain":0,"max_hp_loss":0,"event_name":"Golden Shrine","floor":5,"gold_loss":0,"cards_obtained":["Regret"]},{"damage_healed":0,"gold_gain":0,"cards_transformed":["Neutralize"],"player_choice":"Transformed","damage_taken":0,"max_hp_gain":0,"max_hp_loss":0,"event_name":"Transmorgrifier","floor":13,"gold_loss":0,"cards_obtained":["Caltrops"]}],"is_beta":false,"boss_relics":[],"items_purged_floors":[],"is_endless":false,"potions_floor_spawned":[1,3,7,10,12],"killed_by":"Slime Boss","ascension_level":2}