{"gold_per_floor":[110,185,185,200,200,200,235,235,235,235,235,54,71,71,71,169,169,184,194,194],"floor_reached":20,"playtime":1542,"items_purged":[],"score":264,"play_id":"c00c6d70-7b3f-49fb-8929-21f641e40c94","local_time":"20181123133020","is_ascension_mode":true,"campfire_choices":[{"data":"Recycle","floor":6,"key":"SMITH"},{"floor":8,"key":"REST"},{"floor":10,"key":"REST"},{"data":"Go for the Eyes","floor":15,"key":"SMITH"}],"neow_cost":"NONE","seed_source_timestamp":699445228713454,"circlet_count":0,"master_deck":["AscendersBane","Strike_B","Strike_B","Strike_B","Defend_B","Defend_B","Defend_B","Defend_B","Zap","Dualcast","Go for the Eyes","Recycle+1","Sweeping Beam","Buffer","Go for the Eyes+1","Steam","Skim","Biased Cognition","Ball Lightning","Beam Cell+1"],"relics":["Cracked Core","Question Card","Omamori","Cables","Vajra","Philosopher\u0027s Stone"],"potions_floor_usage":[16,18],"damage_taken":[{"damage":3,"enemies":"Jaw Worm","floor":1,"turns":4},{"damage":0,"enemies":"Small Slimes","floor":4,"turns":3},{"damage":45,"enemies":"Gremlin Nob","floor":7,"turns":5},{"damage":0,"enemies":"Cultist","floor":13,"turns":4},{"damage":56,"enemies":"Hexaghost","floor":16,"turns":11},{"damage":37,"enemies":"3 Byrds","floor":18,"turns":6},{"damage":11,"enemies":"Shell Parasite","floor":19,"turns":5}],"seed_played":"-6196256368379743042","potions_obtained":[{"floor":7,"key":"AttackPotion"},{"floor":16,"key":"PowerPotion"},{"floor":18,"key":"Explosive Potion"},{"floor":19,"key":"AttackPotion"}],"is_trial":false,"path_per_floor":["M","?","T","M","?","R","E","R","T","R","?","$","M","$","R","B",null,"M","M","?"],"character_chosen":"DEFECT","items_purchased":["Vajra","Steam"],"campfire_rested":2,"item_purchase_floors":[12,12],"current_hp_per_floor":[65,54,54,54,59,59,14,38,38,62,62,62,62,62,62,6,62,25,14,0],"gold":194,"neow_bonus":"REMOVE_CARD","is_prod":false,"is_daily":false,"chose_seed":false,"campfire_upgraded":2,"win_rate":0,"timestamp":1542997820,"path_taken":["M","?","?","M","?","R","E","R","T","R","?","$","?","?","R","BOSS","M","M","?"],"build_version":"2018-11-15","purchased_purges":0,"victory":false,"max_hp_per_floor":[75,75,75,75,80,80,80,80,80,80,80,80,80,80,80,80,80,80,80,80],"card_choices":[{"not_picked":["Cold Snap","Self Repair"],"picked":"Go for the Eyes","floor":1},{"not_picked":["Loop","Barrage","Hello World"],"picked":"Recycle","floor":4},{"not_picked":["Turbo","Aggregate","Amplify"],"picked":"Sweeping Beam","floor":7},{"not_picked":["Compile Driver","Storm","Coolheaded"],"picked":"Skim","floor":13},{"not_picked":["Buffer","Thunder Strike","Multi-Cast"],"picked":"Biased Cognition","floor":16},{"not_picked":["Steam","Turbo","Conserve Battery"],"picked":"Ball Lightning","floor":18},{"not_picked":["Steam+1","Gash","Scrape"],"picked":"Beam Cell+1","floor":19}],"player_experience":2018218,"relics_obtained":[{"floor":3,"key":"Question Card"},{"floor":7,"key":"Omamori"},{"floor":9,"key":"Cables"}],"event_choices":[{"damage_healed":0,"gold_gain":75,"player_choice":"Gather Gold","damage_taken":11,"max_hp_gain":0,"max_hp_loss":0,"event_name":"World of Goop","floor":2,"gold_loss":0},{"damage_healed":0,"gold_gain":0,"player_choice":"Donut","damage_taken":0,"max_hp_gain":5,"max_hp_loss":0,"event_name":"Big Fish","floor":5,"gold_loss":0},{"damage_healed":0,"gold_gain":0,"player_choice":"2 cards matched","damage_taken":0,"max_hp_gain":0,"max_hp_loss":0,"event_name":"Match and Keep!","floor":11,"gold_loss":0,"cards_obtained":["Buffer","Go for the Eyes"]}],"is_beta":false,"boss_relics":[{"not_picked":["Runic Pyramid","FrozenCore"],"picked":"Philosopher\u0027s Stone"}],"items_purged_floors":[],"is_endless":false,"potions_floor_spawned":[7,16,18,19],"ascension_level":11}