{"gold_per_floor":[115,131,141,141,156,156,14,14,14,14,14,54,67,80,80,204,204,229,154,189,205,305,305],"floor_reached":23,"playtime":1467,"items_purged":[],"score":191,"play_id":"e2648c11-9904-43d4-8fb9-2c909feb57c2","local_time":"20190712152912","is_ascension_mode":false,"campfire_choices":[{"data":"Storm of Steel","floor":6,"key":"SMITH"},{"data":"Accuracy","floor":8,"key":"SMITH"},{"data":"Bouncing Flask","floor":10,"key":"SMITH"},{"floor":15,"key":"REST"}],"neow_cost":"NONE","seed_source_timestamp":55346053128932,"circlet_count":0,"master_deck":["Strike_G","Strike_G","Strike_G","Strike_G","Strike_G","Defend_G","Defend_G","Defend_G","Defend_G","Defend_G","Survivor","Neutralize","Storm of Steel+1","Cloak And Dagger","Cloak And Dagger","Masterful Stab","Bouncing Flask+1","Accuracy+1","All Out Attack","Adrenaline","Blur","Dash","Corpse Explosion","Blade Dance","Crippling Poison","Finisher"],"relics":["Ring of the Snake","Golden Idol","Sundial","Darkstone Periapt","WristBlade","Red Mask"],"potions_floor_usage":[12,16,16,18,20,23],"damage_taken":[{"damage":5,"enemies":"Jaw Worm","floor":1,"turns":6},{"damage":0,"enemies":"2 Louse","floor":2,"turns":4},{"damage":0,"enemies":"Small Slimes","floor":3,"turns":3},{"damage":0,"enemies":"Red Slaver","floor":5,"turns":3},{"damage":12,"enemies":"Gremlin Nob","floor":12,"turns":4},{"damage":0,"enemies":"Large Slime","floor":13,"turns":5},{"damage":0,"enemies":"Exordium Wildlife","floor":14,"turns":2},{"damage":9,"enemies":"Slime Boss","floor":16,"turns":8},{"damage":10,"enemies":"Chosen","floor":18,"turns":4},{"damage":0,"enemies":"Masked Bandits","floor":20,"turns":3},{"damage":0,"enemies":"3 Byrds","floor":21,"turns":4},{"damage":62,"enemies":"Slavers","floor":23,"turns":4}],"seed_played":"-675172636775460304","potions_obtained":[{"floor":3,"key":"GhostInAJar"},{"floor":5,"key":"Block Potion"},{"floor":14,"key":"PowerPotion"},{"floor":16,"key":"PowerPotion"},{"floor":18,"key":"EssenceOfSteel"},{"floor":21,"key":"PowerPotion"}],"is_trial":false,"path_per_floor":["M","M","M","?","M","R","$","R","T","R","$","E","M","M","R","B",null,"M","?","?","M","?","E"],"character_chosen":"THE_SILENT","items_purchased":["Accuracy","All Out Attack"],"campfire_rested":1,"item_purchase_floors":[7,7],"current_hp_per_floor":[65,65,65,65,65,65,65,65,65,65,65,53,53,53,70,61,70,60,60,60,60,60,0],"gold":305,"neow_bonus":"ONE_RANDOM_RARE_CARD","is_prod":false,"is_daily":false,"chose_seed":false,"campfire_upgraded":3,"win_rate":0.0,"timestamp":1562956152,"path_taken":["M","M","M","?","M","R","$","R","T","R","$","E","M","M","R","BOSS","M","?","?","M","?","E"],"build_version":"2019-07-05","purchased_purges":0,"victory":false,"max_hp_per_floor":[70,70,70,70,70,70,70,70,70,70,70,70,70,70,70,70,70,70,70,70,70,70,70],"card_choices":[{"not_picked":["Quick Slash","Predator"],"picked":"Cloak And Dagger","floor":1},{"not_picked":["Underhanded Strike","Poisoned Stab"],"picked":"Cloak And Dagger","floor":2},{"not_picked":["Deflect","Quick Slash"],"picked":"Masterful Stab","floor":3},{"not_picked":["Bane","Footwork"],"picked":"Bouncing Flask","floor":5},{"not_picked":["Skewer","Acrobatics"],"picked":"Adrenaline","floor":12},{"not_picked":["Escape Plan","Backflip"],"picked":"Blur","floor":13},{"not_picked":["Flying Knee","Prepared"],"picked":"Dash","floor":14},{"not_picked":["Malaise","Burst"],"picked":"Corpse Explosion","floor":16},{"not_picked":["Tactician+1","Deflect"],"picked":"Blade Dance","floor":18},{"not_picked":["Backflip","Predator"],"picked":"Crippling Poison","floor":20},{"not_picked":["Flying Knee+1","Prepared+1"],"picked":"Finisher","floor":21}],"player_experience":129928,"relics_obtained":[{"floor":9,"key":"Sundial"},{"floor":12,"key":"Darkstone Periapt"},{"floor":20,"key":"Red Mask"}],"event_choices":[{"damage_healed":0,"gold_gain":0,"player_choice":"Take Wound","damage_taken":0,"relics_obtained":["Golden Idol"],"max_hp_gain":0,"max_hp_loss":0,"event_name":"Golden Idol","floor":4,"gold_loss":0,"cards_obtained":["Injury"]},{"cards_removed":["Injury"],"damage_healed":0,"gold_gain":0,"player_choice":"Gave Gold","damage_taken":0,"max_hp_gain":0,"max_hp_loss":0,"event_name":"Beggar","floor":19,"gold_loss":75},{"damage_healed":0,"gold_gain":0,"player_choice":"Fought Bandits","damage_taken":0,"max_hp_gain":0,"max_hp_loss":0,"event_name":"Masked Bandits","floor":20,"gold_loss":0},{"damage_healed":0,"gold_gain":100,"player_choice":"Pray","damage_taken":0,"max_hp_gain":0,"max_hp_loss":0,"event_name":"Golden Shrine","floor":22,"gold_loss":0}],"is_beta":false,"boss_relics":[{"not_picked":["Philosopher\u0027s Stone","Pandora\u0027s Box"],"picked":"WristBlade"}],"items_purged_floors":[],"is_endless":false,"potions_floor_spawned":[3,5,14,16,18,21],"killed_by":"Slavers","ascension_level":0}