{"gold_per_floor":[109,16,36,36,36,66,85,103,178,194,194,0,0,15,15,89,89,102,57,57,57,83,117,137,148,148,148,165,165,185,203,203,279,279,290,118,118,136,187,187,216,228,253,253,253,270,284,302,302,302,302,302,12,42,42],"floor_reached":55,"playtime":5804,"items_purged":["Strike_G","Strike_G"],"score":1208,"play_id":"581fa9bb-d938-4496-a63e-591f1d324d87","local_time":"20190121011036","is_ascension_mode":true,"campfire_choices":[{"floor":13.0,"key":"REST"},{"data":"Burst","floor":15.0,"key":"SMITH"},{"floor":27.0,"key":"REST"},{"floor":29.0,"key":"RECALL"},{"floor":32.0,"key":"REST"},{"floor":40.0,"key":"REST"},{"floor":44.0,"key":"REST"},{"floor":49.0,"key":"REST"},{"floor":52.0,"key":"REST"}],"neow_cost":"NONE","seed_source_timestamp":443612681434307,"circlet_count":0,"master_deck":["AscendersBane","Defend_G","Defend_G","Defend_G","Defend_G","Strike_G","Survivor","Neutralize+1","Slice","Noxious Fumes+1","Deadly Poison","Leg Sweep","Corpse Explosion","Skewer+1","Dodge and Roll","Burst+1","Mind Blast+1","Dagger Spray+1","Acrobatics","Wraith Form v2","Predator+1","PiercingWail","Poisoned Stab+1","PiercingWail","Escape Plan","Quick Slash+1","Backflip","Bane+1","Wraith Form v2","Grand Finale+1","Flechettes+1","Envenom+1","Bane+1","Noxious Fumes","Secret Technique","The Bomb","Doppelganger","Dash+1","Leg Sweep","Trip"],"special_seed":0,"relics":["Ring of the Snake","Ginger","Molten Egg 2","Fusion Hammer","MutagenicStrength","Bag of Marbles","Orichalcum","Astrolabe","Ice Cream","Anchor","Snake Skull","Chemical X","Incense Burner"],"potions_floor_usage":[55],"damage_taken":[{"damage":1.0,"enemies":"Cultist","floor":1.0,"turns":3.0},{"damage":0.0,"enemies":"Jaw Worm","floor":3.0,"turns":5.0},{"damage":32.0,"enemies":"3 Sentries","floor":6.0,"turns":9.0},{"damage":0.0,"enemies":"Small Slimes","floor":7.0,"turns":3.0},{"damage":1.0,"enemies":"Blue Slaver","floor":8.0,"turns":4.0},{"damage":0.0,"enemies":"Lots of Slimes","floor":10.0,"turns":2.0},{"damage":0.0,"enemies":"Looter","floor":14.0,"turns":2.0},{"damage":6.0,"enemies":"The Guardian","floor":16.0,"turns":12.0},{"damage":1.0,"enemies":"Spheric Guardian","floor":18.0,"turns":3.0},{"damage":14.0,"enemies":"Gremlin Leader","floor":23.0,"turns":7.0},{"damage":0.0,"enemies":"Shell Parasite","floor":24.0,"turns":1.0},{"damage":11.0,"enemies":"Centurion and Healer","floor":25.0,"turns":5.0},{"damage":0.0,"enemies":"Snake Plant","floor":28.0,"turns":2.0},{"damage":2.0,"enemies":"Cultist and Chosen","floor":30.0,"turns":4.0},{"damage":8.0,"enemies":"Centurion and Healer","floor":31.0,"turns":2.0},{"damage":6.0,"enemies":"Automaton","floor":33.0,"turns":8.0},{"damage":23.0,"enemies":"3 Darklings","floor":35.0,"turns":4.0},{"damage":0.0,"enemies":"3 Shapes","floor":38.0,"turns":2.0},{"damage":4.0,"enemies":"2 Orb Walkers","floor":39.0,"turns":2.0},{"damage":35.0,"enemies":"Reptomancer","floor":41.0,"turns":6.0},{"damage":0.0,"enemies":"Jaw Worm Horde","floor":42.0,"turns":1.0},{"damage":12.0,"enemies":"Spire Growth","floor":46.0,"turns":5.0},{"damage":3.0,"enemies":"4 Shapes","floor":47.0,"turns":4.0},{"damage":7.0,"enemies":"Maw","floor":48.0,"turns":7.0},{"damage":51.0,"enemies":"Donu and Deca","floor":50.0,"turns":6.0},{"damage":17,"enemies":"Shield and Spear","floor":54,"turns":6},{"damage":64,"enemies":"The Heart","floor":55,"turns":6}],"seed_played":"-707220025349740206","potions_obtained":[{"floor":1.0,"key":"Strength Potion"},{"floor":6.0,"key":"Fruit Juice"},{"floor":7.0,"key":"Fire Potion"},{"floor":10.0,"key":"Energy Potion"},{"floor":23.0,"key":"SpeedPotion"},{"floor":28.0,"key":"GhostInAJar"},{"floor":30.0,"key":"GhostInAJar"},{"floor":39.0,"key":"LiquidBronze"},{"floor":42.0,"key":"Strength Potion"},{"floor":45.0,"key":"Fruit Juice"},{"floor":45.0,"key":"Ancient Potion"},{"floor":46.0,"key":"FearPotion"},{"floor":54,"key":"Fire Potion"}],"is_trial":false,"path_per_floor":["M","$","M","?","?","E","M","M","T","M","?","$","R","M","R","B",null,"M","$","?","?","T","E","M","M","T","R","M","R","M","M","R","B",null,"M","$","?","M","?","R","E","M","T","R","?","M","M","M","R","B",null,"R","$","E","B"],"character_chosen":"THE_SILENT","items_purchased":["Noxious Fumes","Deadly Poison","Mind Blast+1","Dagger Spray+1","PiercingWail","Noxious Fumes","Chemical X","Trip"],"campfire_rested":7,"item_purchase_floors":[2,2,12,12,19,36,53,53],"current_hp_per_floor":[58,58,58,51,56,24,29,28,28,28,13,13,35,35,35,29,64,63,63,63,63,63,49,49,38,38,60,60,60,58,50,72,66,74,51,51,46,46,42,64,29,29,29,51,56,44,41,34,58,7,63,81,81,64,0],"gold":42,"neow_bonus":"UPGRADE_CARD","is_prod":false,"is_daily":false,"chose_seed":false,"campfire_upgraded":1,"win_rate":0,"timestamp":1548051036,"path_taken":["M","$","M","?","?","E","M","M","T","M","?","?","R","M","R","BOSS","M","?","?","?","?","E","?","M","T","R","M","R","M","M","R","BOSS","M","$","?","M","?","R","E","M","T","R","?","M","?","M","R","BOSS","R","$","E","BOSS"],"build_version":"2019-01-17v2","purchased_purges":2,"victory":false,"max_hp_per_floor":[66,66,66,66,71,71,76,76,76,76,76,76,76,76,76,76,76,76,76,76,76,76,76,76,76,76,76,76,76,76,76,76,76,76,76,76,76,76,76,76,76,76,76,76,81,81,81,81,81,81,81,81,81,81,81],"card_choices":[{"not_picked":["Eviscerate","Quick Slash"],"picked":"Slice","floor":1.0},{"not_picked":["Acrobatics","Outmaneuver"],"picked":"Leg Sweep","floor":3.0},{"not_picked":["Expertise","Leg Sweep"],"picked":"Corpse Explosion","floor":6.0},{"not_picked":["Prepared","Slice"],"picked":"Skewer","floor":7.0},{"not_picked":["Poisoned Stab","Flying Knee"],"picked":"Dodge and Roll","floor":8.0},{"not_picked":["Prepared","Underhanded Strike+1"],"picked":"Burst","floor":10.0},{"not_picked":["Deadly Poison","Skewer+1"],"picked":"Acrobatics","floor":14.0},{"not_picked":["Night Terror","Tools of the Trade"],"picked":"Wraith Form v2","floor":16.0},{"not_picked":["Prepared","Blade Dance"],"picked":"Predator+1","floor":18.0},{"not_picked":["Setup","Tactician"],"picked":"Poisoned Stab+1","floor":23.0},{"not_picked":["Poisoned Stab+1","Tools of the Trade"],"picked":"PiercingWail","floor":24.0},{"not_picked":["Leg Sweep","Flechettes+1"],"picked":"Escape Plan","floor":25.0},{"not_picked":["Prepared","PiercingWail"],"picked":"Quick Slash+1","floor":28.0},{"not_picked":["Predator+1","Skewer+1"],"picked":"Backflip","floor":30.0},{"not_picked":["Heel Hook+1","Prepared"],"picked":"Bane+1","floor":31.0},{"not_picked":["Corpse Explosion","Tools of the Trade"],"picked":"Wraith Form v2","floor":33.0},{"not_picked":["Flying Knee+1","Poisoned Stab+1"],"picked":"Bane+1","floor":35.0},{"not_picked":["Finesse","Discovery"],"picked":"Secret Technique","floor":37.0},{"not_picked":["Madness","PanicButton"],"picked":"The Bomb","floor":37.0},{"not_picked":["Prepared","Flying Knee+1","Tactician"],"picked":"SKIP","floor":38.0},{"not_picked":["Infinite Blades","Predator+1"],"picked":"Doppelganger","floor":41.0},{"not_picked":["Backflip","Underhanded Strike+1"],"picked":"Dash+1","floor":42.0},{"not_picked":["Setup","Cloak And Dagger","Noxious Fumes"],"picked":"SKIP","floor":46.0},{"not_picked":["Underhanded Strike+1","Slice+1","Tactician"],"picked":"SKIP","floor":47.0},{"not_picked":["Tactician+1","Prepared"],"picked":"Leg Sweep","floor":48.0},{"not_picked":["Flying Knee+1","Dodge and Roll","Night Terror"],"picked":"SKIP","floor":54}],"player_experience":2207527,"relics_obtained":[{"floor":6.0,"key":"Ginger"},{"floor":9.0,"key":"Molten Egg 2"},{"floor":22.0,"key":"Bag of Marbles"},{"floor":23.0,"key":"Orichalcum"},{"floor":39.0,"key":"Ice Cream"},{"floor":41.0,"key":"Anchor"},{"floor":43.0,"key":"Snake Skull"},{"floor":54,"key":"Incense Burner"}],"event_choices":[{"damage_healed":0.0,"max_hp_gain":0.0,"max_hp_loss":0.0,"gold_gain":0.0,"event_name":"Scrap Ooze","player_choice":"Fled","floor":4.0,"gold_loss":0.0,"damage_taken":7.0},{"damage_healed":0.0,"max_hp_gain":5.0,"max_hp_loss":0.0,"gold_gain":0.0,"event_name":"Big Fish","player_choice":"Donut","floor":5.0,"gold_loss":0.0,"damage_taken":0.0},{"damage_healed":0.0,"max_hp_gain":0.0,"max_hp_loss":0.0,"gold_gain":0.0,"event_name":"Shining Light","player_choice":"Entered Light","floor":11.0,"gold_loss":0.0,"damage_taken":15.0,"cards_upgraded":["Skewer","Noxious Fumes"]},{"damage_healed":0.0,"max_hp_gain":0.0,"max_hp_loss":0.0,"gold_gain":0.0,"event_name":"Ghosts","player_choice":"Ignored","floor":20.0,"gold_loss":0.0,"damage_taken":0.0},{"damage_healed":0.0,"max_hp_gain":0.0,"max_hp_loss":0.0,"gold_gain":0.0,"event_name":"Drug Dealer","player_choice":"Inject Mutagens","floor":21.0,"gold_loss":0.0,"damage_taken":0.0,"relics_obtained":["MutagenicStrength"]},{"damage_healed":0.0,"max_hp_gain":0.0,"max_hp_loss":0.0,"gold_gain":0.0,"event_name":"SensoryStone","player_choice":"Memory 2","floor":37.0,"gold_loss":0.0,"damage_taken":5.0},{"damage_healed":0.0,"max_hp_gain":0.0,"max_hp_loss":0.0,"gold_gain":0.0,"event_name":"Mysterious Sphere","player_choice":"Fight","floor":39.0,"gold_loss":0.0,"damage_taken":0.0},{"damage_healed":0.0,"max_hp_gain":0.0,"max_hp_loss":0.0,"gold_gain":0.0,"event_name":"Lab","player_choice":"Got Potions","floor":45.0,"gold_loss":0.0,"damage_taken":0.0}],"is_beta":false,"boss_relics":[{"not_picked":["Tiny House","Black Star"],"picked":"Fusion Hammer"},{"not_picked":["Snecko Eye","WristBlade"],"picked":"Astrolabe"}],"items_purged_floors":[12,36],"is_endless":false,"potions_floor_spawned":[1,6,7,10,23,28,30,31,39,42,46,54],"killed_by":"The Heart","ascension_level":14}