{"gold_per_floor":[110,130,150,150,3,3,16,16,62,62,78,91,91],"floor_reached":13,"playtime":517,"items_purged":[],"score":85,"play_id":"65d06402-7157-41a4-b331-8bf5abc14bb7","local_time":"20190817111915","is_ascension_mode":true,"campfire_choices":[{"data":"Zap","floor":6,"key":"SMITH"},{"data":"Electrodynamics","floor":10,"key":"SMITH"}],"neow_cost":"NONE","seed_source_timestamp":325541594883218,"circlet_count":0,"master_deck":["Strike_B","Strike_B","Strike_B","Strike_B","Defend_B","Defend_B","Defend_B","Defend_B","Zap+1","Dualcast","Rebound","Sweeping Beam","Melter","Genetic Algorithm","Electrodynamics+1","Lockon","Gash"],"relics":["Cracked Core","NeowsBlessing","Dream Catcher"],"potions_floor_usage":[12,12,12,13],"damage_taken":[{"damage":0,"enemies":"Jaw Worm","floor":1,"turns":1},{"damage":0,"enemies":"Cultist","floor":2,"turns":1},{"damage":0,"enemies":"2 Louse","floor":3,"turns":1},{"damage":9,"enemies":"Large Slime","floor":7,"turns":5},{"damage":24,"enemies":"Exordium Wildlife","floor":11,"turns":2},{"damage":15,"enemies":"Exordium Thugs","floor":12,"turns":2},{"damage":36,"enemies":"Lagavulin","floor":13,"turns":3}],"seed_played":"4592048744634804351","potions_obtained":[{"floor":3,"key":"Energy Potion"},{"floor":7,"key":"Explosive Potion"},{"floor":11,"key":"Poison Potion"},{"floor":12,"key":"Swift Potion"}],"is_trial":false,"path_per_floor":["M","M","M","?","$","R","M","$","T","R","M","M","E"],"character_chosen":"DEFECT","items_purchased":["Melter","Genetic Algorithm"],"campfire_rested":0,"item_purchase_floors":[5,5],"current_hp_per_floor":[75,75,75,75,75,75,66,66,66,66,42,27,0],"gold":91,"neow_bonus":"THREE_ENEMY_KILL","is_prod":false,"is_daily":false,"chose_seed":false,"campfire_upgraded":2,"win_rate":0,"timestamp":1566051555,"path_taken":["M","M","M","?","$","R","M","?","T","R","M","M","E"],"build_version":"2019-07-17","purchased_purges":0,"victory":false,"max_hp_per_floor":[75,75,75,75,75,75,75,75,75,75,75,75,75],"card_choices":[{"not_picked":["Steam","Blizzard"],"picked":"Rebound","floor":1},{"not_picked":["Stack","Hologram"],"picked":"Sweeping Beam","floor":2},{"not_picked":["Rebound","Compile Driver"],"picked":"Streamline","floor":3},{"not_picked":["Streamline","Conserve Battery"],"picked":"Electrodynamics","floor":7},{"not_picked":["Self Repair","Gash"],"picked":"Lockon","floor":11},{"not_picked":["Sweeping Beam","Loop"],"picked":"Gash","floor":12}],"player_experience":327188,"relics_obtained":[{"floor":9,"key":"Dream Catcher"}],"event_choices":[{"cards_removed":["Streamline"],"damage_healed":5,"gold_gain":0,"player_choice":"Offered Common","damage_taken":0,"max_hp_gain":0,"max_hp_loss":0,"event_name":"Bonfire Elementals","floor":4,"gold_loss":0},{"cards_removed":["Streamline"],"damage_healed":5,"gold_gain":0,"player_choice":"Offered Special","damage_taken":0,"max_hp_gain":0,"max_hp_loss":0,"event_name":"Bonfire Elementals","floor":4,"gold_loss":0}],"is_beta":false,"boss_relics":[],"items_purged_floors":[],"is_endless":false,"potions_floor_spawned":[3,7,11,12],"killed_by":"Lagavulin","ascension_level":2}