{"gold_per_floor":[109,126,139,157,107,107,121,154,154,185,185,215,229,249,249,349,349,362,307,80,94,107,107,134,134,134,134,134,145,45,55,55,156,156,175,23,23,23,40,65,85,115,115,115,143,143,243,243,243,243],"floor_reached":51,"playtime":4725,"items_purged":["Defend_P"],"score":1391,"play_id":"181d25cc-d03d-4dda-8394-b2610f966e30","local_time":"20190915021509","is_ascension_mode":true,"campfire_choices":[{"data":"BowlingBash","floor":6.0,"key":"SMITH"},{"data":"SandsOfTime","floor":11.0,"key":"SMITH"},{"data":"Crescendo","floor":15.0,"key":"SMITH"},{"data":"Collect","floor":23.0,"key":"SMITH"},{"data":"MentalFortress","floor":25.0,"key":"SMITH"},{"data":"Devotion","floor":32.0,"key":"SMITH"},{"floor":46,"key":"REST"},{"floor":49,"key":"REST"}],"neow_cost":"NONE","seed_source_timestamp":0,"circlet_count":0,"master_deck":["AscendersBane","Defend_P+1","Eruption+1","Vigilance+1","Wish+1","Adaptation+1","Worship+1","BowlingBash+1","SandsOfTime+1","CutThroughFate","EmptyFist+1","TalkToTheHand+1","ClearTheMind+1","EmptyMind+1","Crescendo+1","LessonLearned+1","Sanctity+1","Collect+1","MentalFortress+1","Adaptation+1","FearNoEvil+1","EmptyMind+1","Devotion+1","EmptyBody+1","Ragnarok+1","ThirdEye+1","PathToVictory+1","Meditate+1"],"special_seed":0,"relics":["Astrolabe","Omamori","Molten Egg 2","Yang","Akabeko","Empty Cage","Vajra","Toy Ornithopter","Meat on the Bone","Fusion Hammer","Pen Nib","War Paint","Unceasing Top","Art of War","TeardropLocket","Letter Opener","TungstenRod"],"potions_floor_usage":[44],"damage_taken":[{"damage":0.0,"enemies":"Cultist","floor":1.0,"turns":2.0},{"damage":2.0,"enemies":"Jaw Worm","floor":2.0,"turns":3.0},{"damage":0.0,"enemies":"2 Louse","floor":3.0,"turns":1.0},{"damage":10.0,"enemies":"Red Slaver","floor":4.0,"turns":4.0},{"damage":0.0,"enemies":"Blue Slaver","floor":7.0,"turns":1.0},{"damage":0.0,"enemies":"Gremlin Nob","floor":8.0,"turns":2.0},{"damage":0.0,"enemies":"Lagavulin","floor":10.0,"turns":4.0},{"damage":13.0,"enemies":"3 Sentries","floor":12.0,"turns":4.0},{"damage":0.0,"enemies":"3 Louse","floor":13.0,"turns":3.0},{"damage":6.0,"enemies":"Exordium Thugs","floor":14.0,"turns":3.0},{"damage":0.0,"enemies":"Slime Boss","floor":16.0,"turns":5.0},{"damage":4.0,"enemies":"Shell Parasite","floor":18.0,"turns":4.0},{"damage":3.0,"enemies":"Chosen","floor":21.0,"turns":3.0},{"damage":6.0,"enemies":"Centurion and Healer","floor":22.0,"turns":4.0},{"damage":6.0,"enemies":"Book of Stabbing","floor":24.0,"turns":4.0},{"damage":32.0,"enemies":"Shelled Parasite and Fungi","floor":29.0,"turns":4.0},{"damage":7.0,"enemies":"Snake Plant","floor":31.0,"turns":2.0},{"damage":15,"enemies":"Automaton","floor":33,"turns":7},{"damage":0,"enemies":"Orb Walker","floor":35,"turns":2},{"damage":0,"enemies":"3 Darklings","floor":39,"turns":2},{"damage":6,"enemies":"Nemesis","floor":40,"turns":5},{"damage":7,"enemies":"Writhing Mass","floor":41,"turns":2},{"damage":3,"enemies":"Giant Head","floor":42,"turns":3},{"damage":0,"enemies":"Transient","floor":44,"turns":1},{"damage":0,"enemies":"Nemesis","floor":45,"turns":5},{"damage":4,"enemies":"Mind Bloom Boss Battle","floor":47,"turns":5},{"damage":0,"enemies":"Time Eater","floor":50,"turns":3}],"seed_played":"-4562399120676287450","potions_obtained":[{"floor":1.0,"key":"Energy Potion"},{"floor":2.0,"key":"GamblersBrew"},{"floor":3.0,"key":"Energy Potion"},{"floor":12.0,"key":"EssenceOfSteel"},{"floor":14.0,"key":"Swift Potion"},{"floor":16.0,"key":"SteroidPotion"},{"floor":24.0,"key":"Weak Potion"},{"floor":29.0,"key":"Fire Potion"},{"floor":31.0,"key":"SpeedPotion"},{"floor":33,"key":"Explosive Potion"},{"floor":41,"key":"SteroidPotion"},{"floor":42,"key":"SmokeBomb"},{"floor":45,"key":"SkillPotion"},{"floor":47,"key":"Swift Potion"}],"is_trial":false,"path_per_floor":["M","M","M","M","?","R","M","E","T","E","R","E","M","M","R","B",null,"M","?","$","M","M","R","E","R","T","?","?","M","$","M","R","B",null,"M","$","T","?","M","E","M","E","T","M","E","R","?","?","R","B",null],"character_chosen":"WATCHER","items_purchased":["Collect","MentalFortress","Devotion","EmptyBody","Pen Nib"],"campfire_rested":2,"item_purchase_floors":[20,20,30,30,36],"current_hp_per_floor":[59,57,57,47,47,47,47,47,47,47,47,34,34,28,28,28,56,52,52,52,49,43,43,37,37,37,37,34,19,19,29,29,26,55,55,55,55,55,55,49,42,39,39,44,44,63,59,59,65,65],"gold":243,"neow_bonus":"BOSS_RELIC","is_prod":false,"is_daily":false,"chose_seed":false,"campfire_upgraded":6,"win_rate":0,"timestamp":1568470509,"path_taken":["M","?","M","M","?","R","M","E","T","E","R","E","M","M","R","BOSS","M","?","$","?","M","R","E","R","T","?","?","M","$","?","R","BOSS","M","?","?","?","?","E","?","E","T","M","E","R","?","?","R","BOSS"],"build_version":"2019-09-12","purchased_purges":1,"victory":true,"max_hp_per_floor":[65,65,65,65,65,65,65,65,65,65,65,65,65,65,65,65,65,65,65,65,65,65,65,65,65,65,65,65,65,65,65,65,65,65,65,65,65,65,65,65,65,65,65,65,65,65,65,65,65,65],"card_choices":[{"not_picked":["EmptyMind","EmptyBody"],"picked":"BowlingBash","floor":1.0},{"not_picked":["TalkToTheHand","CleanseEvil"],"picked":"SandsOfTime","floor":2.0},{"not_picked":["JustLucky","ThirdEye"],"picked":"CutThroughFate","floor":3.0},{"not_picked":["Consecrate","Perseverance"],"picked":"EmptyFist","floor":4.0},{"not_picked":["Consecrate","Wireheading"],"picked":"TalkToTheHand","floor":7.0},{"not_picked":["Consecrate","CarveReality","Alpha"],"picked":"SKIP","floor":8.0},{"not_picked":["Sanctity","PathToVictory"],"picked":"ClearTheMind","floor":10.0},{"not_picked":["Sanctity","Meditate"],"picked":"EmptyMind","floor":12.0},{"not_picked":["Protect","Sanctity"],"picked":"Crescendo","floor":13.0},{"not_picked":["BowlingBash+1","FollowUp+1"],"picked":"TalkToTheHand+1","floor":14.0},{"not_picked":["Unraveling","ReachHeaven+1"],"picked":"LessonLearned+1","floor":16.0},{"not_picked":["Tantrum+1","BowlingBash+1"],"picked":"Sanctity+1","floor":18.0},{"not_picked":["Perseverance","WindmillStrike+1"],"picked":"Adaptation","floor":21.0},{"not_picked":["Vengeance","Prostrate"],"picked":"FearNoEvil+1","floor":22.0},{"not_picked":["Protect+1","Crescendo"],"picked":"EmptyMind+1","floor":24.0},{"not_picked":["EmptyFist+1","Vengeance+1","FollowUp+1"],"picked":"SKIP","floor":29.0},{"not_picked":["Halt+1","Sanctity","Adaptation"],"picked":"SKIP","floor":31.0},{"not_picked":["MasterReality","Wallop+1"],"picked":"Ragnarok+1","floor":33},{"not_picked":["WaveOfTheHand+1","Protect"],"picked":"ThirdEye+1","floor":35},{"not_picked":["FollowUp+1","ClearTheMind"],"picked":"PathToVictory+1","floor":39},{"not_picked":["Wireheading","Wish"],"picked":"Meditate+1","floor":40},{"not_picked":["EmptyFist+1","Weave+1","FollowUp+1"],"picked":"SKIP","floor":41},{"not_picked":["StepAndStrike+1","FollowUp+1","WaveOfTheHand"],"picked":"SKIP","floor":42},{"not_picked":["ForeignInfluence","FlurryOfBlows+1","Vengeance"],"picked":"SKIP","floor":45}],"player_experience":1071312,"relics_obtained":[{"floor":8.0,"key":"Omamori"},{"floor":9.0,"key":"Molten Egg 2"},{"floor":10.0,"key":"Yang"},{"floor":12.0,"key":"Akabeko"},{"floor":24.0,"key":"Toy Ornithopter"},{"floor":26.0,"key":"Meat on the Bone"},{"floor":37,"key":"War Paint"},{"floor":40,"key":"Unceasing Top"},{"floor":42,"key":"Art of War"},{"floor":43,"key":"TeardropLocket"},{"floor":45,"key":"Letter Opener"},{"floor":47,"key":"TungstenRod"}],"event_choices":[{"cards_removed":["Strike_P"],"damage_healed":0.0,"max_hp_gain":0.0,"max_hp_loss":0.0,"gold_gain":0.0,"event_name":"The Cleric","player_choice":"Card Removal","floor":5.0,"gold_loss":50.0,"damage_taken":0.0},{"damage_healed":0.0,"max_hp_gain":0.0,"max_hp_loss":0.0,"gold_gain":0.0,"event_name":"WeMeetAgain","player_choice":"Paid Gold","floor":19.0,"gold_loss":55.0,"damage_taken":0.0,"relics_obtained":["Vajra"]},{"damage_healed":0.0,"max_hp_gain":0.0,"max_hp_loss":0.0,"gold_gain":0.0,"event_name":"Beggar","player_choice":"Ignored","floor":27.0,"gold_loss":0.0,"damage_taken":0.0},{"damage_healed":0.0,"max_hp_gain":0.0,"max_hp_loss":0.0,"gold_gain":0.0,"event_name":"Designer","player_choice":"Punched","floor":28.0,"gold_loss":0.0,"damage_taken":3.0},{"cards_removed":["TalkToTheHand"],"damage_healed":0,"gold_gain":0,"player_choice":"Removed Attack","damage_taken":0,"max_hp_gain":0,"max_hp_loss":0,"event_name":"Falling","floor":38,"gold_loss":0},{"damage_healed":0,"gold_gain":0,"player_choice":"Fight","damage_taken":0,"max_hp_gain":0,"max_hp_loss":0,"event_name":"MindBloom","floor":47,"gold_loss":0},{"damage_healed":0,"gold_gain":0,"player_choice":"Leave","damage_taken":0,"max_hp_gain":0,"max_hp_loss":0,"event_name":"FaceTrader","floor":48,"gold_loss":0}],"is_beta":true,"boss_relics":[{"not_picked":["Ectoplasm","SacredBark"],"picked":"Empty Cage"},{"not_picked":["SlaversCollar","Velvet Choker"],"picked":"Fusion Hammer"}],"items_purged_floors":[20],"is_endless":false,"potions_floor_spawned":[1,2,3,12,14,16,24,29,31,33,41,42,45,47],"ascension_level":10}