{"gold_per_floor":[369,379,103,120,135,85,85,85,111,111,111,136,148,42,42,145,145,145,33,33,33,33,33,33,33,33,33,33,33,33,33,33,33,33,33,33,33,33],"floor_reached":38,"playtime":4084,"items_purged":["Strike_G"],"score":454,"play_id":"c0449854-47e8-40bd-b9d7-2f7a6585f351","local_time":"20180804162125","is_ascension_mode":true,"campfire_choices":[{"data":"Skewer","floor":7,"key":"SMITH"},{"data":"Neutralize","floor":11,"key":"SMITH"},{"floor":15,"key":"REST"},{"floor":23,"key":"REST"},{"floor":28,"key":"REST"},{"floor":32,"key":"REST"}],"neow_cost":"TEN_PERCENT_HP_LOSS","seed_source_timestamp":122203342166667,"circlet_count":0,"master_deck":["Defend_G","Defend_G","Defend_G","Defend_G","Strike_G","Strike_G","Survivor","Neutralize+1","Quick Slash","Skewer+1","Cloak And Dagger","Bandage Up","Noxious Fumes","Outmaneuver","Poisoned Stab","Cloak And Dagger","Infinite Blades","Footwork","PiercingWail","A Thousand Cuts","Cloak And Dagger+1","Well Laid Plans","Concentrate","Blade Dance","RitualDagger","Leg Sweep","Blur","Quick Slash+1","Acrobatics+1","Skewer+1","After Image+1","Noxious Fumes+1","Outmaneuver+1"],"relics":["Ring of the Snake","Happy Flower","SsserpentHead","Strawberry","Ectoplasm","Frozen Egg 2","Regal Pillow","Philosopher\u0027s Stone"],"potions_floor_usage":[16,16,22,25,33,33,37],"damage_taken":[{"damage":3,"enemies":"Jaw Worm","floor":1,"turns":4},{"damage":0,"enemies":"2 Louse","floor":2,"turns":3},{"damage":0,"enemies":"Small Slimes","floor":4,"turns":3},{"damage":9,"enemies":"Blue Slaver","floor":5,"turns":4},{"damage":16,"enemies":"Lagavulin","floor":12,"turns":6},{"damage":2,"enemies":"Looter","floor":13,"turns":3},{"damage":17,"enemies":"Slime Boss","floor":16,"turns":8},{"damage":22,"enemies":"3 Byrds","floor":18,"turns":4},{"damage":14,"enemies":"Shell Parasite","floor":20,"turns":5},{"damage":12,"enemies":"Snecko","floor":22,"turns":4},{"damage":14,"enemies":"Sentry and Sphere","floor":24,"turns":7},{"damage":3,"enemies":"Snake Plant","floor":25,"turns":6},{"damage":10,"enemies":"Snecko","floor":27,"turns":6},{"damage":12,"enemies":"3 Cultists","floor":31,"turns":7},{"damage":44,"enemies":"Automaton","floor":33,"turns":10},{"damage":5,"enemies":"3 Shapes","floor":35,"turns":3},{"damage":17,"enemies":"3 Darklings","floor":37,"turns":5},{"damage":57,"enemies":"Transient","floor":38,"turns":5}],"seed_played":"-5721418608401456297","potions_obtained":[{"floor":4,"key":"Dexterity Potion"},{"floor":13,"key":"Fire Potion"},{"floor":16,"key":"Fire Potion"},{"floor":18,"key":"GhostInAJar"},{"floor":24,"key":"FearPotion"},{"floor":27,"key":"Regen Potion"},{"floor":35,"key":"SpeedPotion"}],"is_trial":false,"path_per_floor":["M","M","$","M","M","?","R","?","T","?","R","E","M","$","R","B",null,"M","$","M","?","M","R","M","M","T","M","R","T","?","M","R","B",null,"M","?","M"],"character_chosen":"THE_SILENT","items_purchased":["Cloak And Dagger","Bandage Up","Noxious Fumes","Footwork","PiercingWail","Well Laid Plans","Concentrate"],"campfire_rested":4,"item_purchase_floors":[3,3,3,14,14,19,19],"current_hp_per_floor":[60,60,60,63,54,54,54,54,54,54,54,49,51,51,70,57,70,52,52,42,36,24,45,35,36,36,26,47,47,47,39,70,45,70,65,65,52,0],"gold":33,"neow_bonus":"TWO_FIFTY_GOLD","is_prod":false,"is_daily":false,"chose_seed":false,"campfire_upgraded":2,"win_rate":0,"timestamp":1533414085,"path_taken":["M","M","$","M","M","?","R","?","T","?","R","E","M","$","R","BOSS","M","?","M","?","?","R","M","M","T","M","R","?","?","M","R","BOSS","M","?","M","?"],"build_version":"2018-07-26","purchased_purges":1,"victory":false,"max_hp_per_floor":[63,63,63,63,63,63,63,63,63,63,63,70,70,70,70,70,70,70,70,70,70,70,70,70,70,70,70,70,70,70,70,70,70,70,70,70,70,70],"card_choices":[{"not_picked":["Slice","Eviscerate"],"picked":"Quick Slash","floor":1},{"not_picked":["Dagger Throw","Flying Knee"],"picked":"Skewer","floor":2},{"not_picked":["Setup","Acrobatics"],"picked":"Outmaneuver","floor":4},{"not_picked":["Deadly Poison","Underhanded Strike"],"picked":"Poisoned Stab","floor":5},{"not_picked":["Riddle With Holes","Acrobatics"],"picked":"Cloak And Dagger","floor":12},{"not_picked":["Dagger Throw","Underhanded Strike"],"picked":"Infinite Blades","floor":13},{"not_picked":["Grand Finale","Burst"],"picked":"A Thousand Cuts","floor":16},{"not_picked":["PiercingWail+1","Dagger Spray"],"picked":"Cloak And Dagger+1","floor":18},{"not_picked":["Eviscerate","Predator"],"picked":"Blade Dance","floor":20},{"not_picked":["Reflex","Bane"],"picked":"Leg Sweep","floor":22},{"not_picked":["Bane","Deadly Poison+1"],"picked":"Blur","floor":24},{"not_picked":["Deadly Poison","Unload"],"picked":"Quick Slash+1","floor":25},{"not_picked":["Setup","Deflect"],"picked":"Acrobatics+1","floor":27},{"not_picked":["Eviscerate","Slice+1"],"picked":"Skewer+1","floor":31},{"not_picked":["Bullet Time","Tools of the Trade+1"],"picked":"After Image+1","floor":33},{"not_picked":["Dagger Throw+1","Acrobatics+1"],"picked":"Noxious Fumes+1","floor":35},{"not_picked":["Poisoned Stab","Backflip+1"],"picked":"Outmaneuver+1","floor":37}],"player_experience":1437045,"relics_obtained":[{"floor":9,"key":"Happy Flower"},{"floor":12,"key":"Strawberry"},{"floor":26,"key":"Frozen Egg 2"},{"floor":29,"key":"Regal Pillow"}],"event_choices":[{"event_name":"The Cleric","player_choice":"Card Removal","floor":6,"damage_taken":0},{"event_name":"Living Wall","player_choice":"Forget","floor":8,"damage_taken":0},{"event_name":"FaceTrader","player_choice":"Trade","floor":10,"damage_taken":0},{"event_name":"Nest","player_choice":"Joined the Cult","floor":21,"damage_taken":0},{"event_name":"Drug Dealer","player_choice":"Ignored","floor":30,"damage_taken":0},{"event_name":"Bonfire Elementals","player_choice":"BASIC","floor":36,"damage_taken":0}],"is_beta":false,"boss_relics":[{"not_picked":["Calling Bell","Lizard Tail"],"picked":"Ectoplasm"},{"not_picked":["HoveringKite","Runic Pyramid"],"picked":"Philosopher\u0027s Stone"}],"items_purged_floors":[3],"is_endless":false,"potions_floor_spawned":[4,13,16,18,24,27,35],"killed_by":"Transient","ascension_level":4}