{"gold_per_floor":[18,18,18,33,49,49,384,397,397,416,435,435,446,464,464,565,565,545,545,559,482,499,499,518,518,518,25,56,56],"floor_reached":29,"playtime":3212,"items_purged":[],"score":299,"play_id":"8e909064-7ef2-465f-be43-6d4430e1fb53","local_time":"20180808000713","is_ascension_mode":true,"campfire_choices":[{"data":"Darkness","floor":6,"key":"SMITH"},{"floor":12,"key":"REST"},{"floor":15,"key":"REST"},{"floor":23,"key":"REST"},{"floor":25,"key":"REST"}],"neow_cost":"NO_GOLD","seed_source_timestamp":195384297382288,"circlet_count":0,"master_deck":["Strike_B","Strike_B","Strike_B","Defend_B","Defend_B","Defend_B","Zap+1","Dualcast","Injury","Darkness+1","Self Repair","Go for the Eyes","Chill","Cold Snap","Beam Cell","Biased Cognition","Auto Shields","Echo Form","Rebound","Beam Cell","J.A.X.","Tempest","All For One","Steam Power","Panache","Conserve Battery","Turbo"],"relics":["Cracked Core","Du-Vu Doll","Old Coin","Shovel","Inserter","Mango","ClockworkSouvenir","Blood Vial"],"potions_floor_usage":[10,16,20,22,28,29],"damage_taken":[{"damage":4,"enemies":"Jaw Worm","floor":1,"turns":4},{"damage":0,"enemies":"Cultist","floor":4,"turns":3},{"damage":0,"enemies":"Small Slimes","floor":5,"turns":2},{"damage":47,"enemies":"Gremlin Nob","floor":7,"turns":5},{"damage":9,"enemies":"Red Slaver","floor":8,"turns":3},{"damage":18,"enemies":"Exordium Wildlife","floor":10,"turns":3},{"damage":0,"enemies":"Gremlin Gang","floor":11,"turns":5},{"damage":14,"enemies":"3 Louse","floor":13,"turns":3},{"damage":1,"enemies":"Looter","floor":14,"turns":2},{"damage":20,"enemies":"Slime Boss","floor":16,"turns":11},{"damage":34,"enemies":"2 Thieves","floor":18,"turns":4},{"damage":11,"enemies":"Shell Parasite","floor":20,"turns":5},{"damage":27,"enemies":"Sentry and Sphere","floor":22,"turns":6},{"damage":51,"enemies":"Cultist and Chosen","floor":24,"turns":8},{"damage":48,"enemies":"Slavers","floor":28,"turns":6},{"damage":33,"enemies":"3 Cultists","floor":29,"turns":4}],"seed_played":"-944530213365829558","potions_obtained":[{"floor":5,"key":"EssenceOfSteel"},{"floor":8,"key":"SkillPotion"},{"floor":10,"key":"AttackPotion"},{"floor":20,"key":"Block Potion"},{"floor":24,"key":"FocusPotion"},{"floor":28,"key":"Fire Potion"}],"is_trial":false,"path_per_floor":["M","?","?","M","M","R","E","M","T","M","M","R","M","M","R","B",null,"M","?","M","?","M","R","M","R","T","$","E"],"character_chosen":"DEFECT","items_purchased":["ClockworkSouvenir","Steam Power","Panache","Conserve Battery"],"campfire_rested":4,"item_purchase_floors":[27,27,27,27],"current_hp_per_floor":[71,71,71,71,71,71,31,29,29,18,25,47,40,39,61,48,75,48,73,62,62,49,71,27,49,63,63,22,0],"gold":56,"neow_bonus":"REMOVE_TWO","is_prod":false,"is_daily":false,"chose_seed":false,"campfire_upgraded":1,"win_rate":0,"timestamp":1533701233,"path_taken":["M","?","?","M","M","R","E","M","T","?","M","R","M","M","R","BOSS","M","?","M","?","?","R","M","R","T","?","E","M"],"build_version":"2018-08-02","purchased_purges":0,"victory":false,"max_hp_per_floor":[75,75,75,75,75,75,75,75,75,75,75,75,75,75,75,75,75,75,75,75,75,75,75,75,75,89,89,89,89],"card_choices":[{"not_picked":["Compile Driver","Stack"],"picked":"Rebound","floor":1},{"not_picked":["Hello World","Storm"],"picked":"Darkness","floor":4},{"not_picked":["Barrage","Chill"],"picked":"Self Repair","floor":5},{"not_picked":["Coolheaded","Sweeping Beam"],"picked":"Go for the Eyes","floor":7},{"not_picked":["Consume","Barrage"],"picked":"Chill","floor":8},{"not_picked":["Rebound","Static Discharge"],"picked":"Cold Snap","floor":10},{"not_picked":["Fusion","Stack"],"picked":"Beam Cell","floor":11},{"not_picked":["Go for the Eyes","Sunder"],"picked":"Biased Cognition","floor":13},{"not_picked":["Coolheaded","Compile Driver"],"picked":"Auto Shields","floor":14},{"not_picked":["Reboot","Rainbow"],"picked":"Echo Form","floor":16},{"not_picked":["Cold Snap","Lockon"],"picked":"Rebound","floor":18},{"not_picked":["Storm","Reinforced Body"],"picked":"Beam Cell","floor":20},{"not_picked":["Stack","Coolheaded"],"picked":"Tempest","floor":22},{"not_picked":["Loop+1","Barrage"],"picked":"All For One","floor":24},{"not_picked":["Rebound","Redo"],"picked":"Turbo","floor":28}],"player_experience":1485380,"relics_obtained":[{"floor":7,"key":"Old Coin"},{"floor":9,"key":"Shovel"},{"floor":26,"key":"Mango"},{"floor":28,"key":"Blood Vial"}],"event_choices":[{"event_name":"Accursed Blacksmith","player_choice":"Forge","floor":2,"damage_taken":0},{"event_name":"WeMeetAgain","player_choice":"Card","floor":3,"damage_taken":0},{"event_name":"The Library","player_choice":"Heal","floor":19,"damage_taken":0},{"event_name":"Drug Dealer","player_choice":"Got JAXXED","floor":21,"damage_taken":0}],"is_beta":false,"boss_relics":[{"not_picked":["Velvet Choker","Snecko Eye"],"picked":"Inserter"}],"items_purged_floors":[],"is_endless":false,"potions_floor_spawned":[5,8,10,20,24,28],"killed_by":"3 Cultists","ascension_level":4}