{"gold_per_floor":[12,12,32,48,68,68,100,111,160,160,13,25,39,98,98,200,200,210,310,235,253,41,41,56,56,129,12,35,35,46,71,71,175,175,190,190,202,19,38,38,65,65,89,136,168,0,0,10,10,10],"floor_reached":51,"playtime":5448,"items_purged":["Strike_B"],"score":939,"play_id":"092fb4a7-d9e5-49ad-b021-d970d0fadb8e","local_time":"20180905001736","is_ascension_mode":true,"campfire_choices":[{"floor":6,"key":"REST"},{"floor":10,"key":"REST"},{"floor":15,"key":"REST"},{"floor":23,"key":"REST"},{"floor":25,"key":"REST"},{"floor":32,"key":"REST"},{"floor":40,"key":"REST"},{"floor":42,"key":"REST"},{"floor":49,"key":"REST"}],"neow_cost":"NO_GOLD","seed_source_timestamp":420208315442268,"circlet_count":0,"master_deck":["Strike_B","Strike_B","Defend_B","Defend_B+1","Zap","Dualcast","Consume+1","Turbo","Rebound","Echo Form","Undo","Sweeping Beam","Capacitor","White Noise","Core Surge","Turbo","Sunder","Electrodynamics","Ball Lightning","White Noise+1","Static Discharge","Beam Cell","Turbo","Loop+1","Undo","BootSequence","Beam Cell+1","Go for the Eyes","Thunder Strike","Stack+1","Redo","Seek","Capacitor","Go for the Eyes+1","Go for the Eyes+1","Reinforced Body+1","Hologram+1","Storm","Thunder Strike","Recycle+1"],"relics":["Cracked Core","War Paint","Blood Vial","Fusion Hammer","Thread and Needle","Bottled Tornado","Regal Pillow","The Courier","Vajra","Mummified Hand","White Beast Statue","Anchor","Oddly Smooth Stone","MawBank","Shuriken"],"potions_floor_usage":[7,16,16,19,30,30,39,41,44,45,50,50],"damage_taken":[{"damage":9,"enemies":"Jaw Worm","floor":1,"turns":3},{"damage":10,"enemies":"Small Slimes","floor":3,"turns":3},{"damage":0,"enemies":"Cultist","floor":4,"turns":4},{"damage":0,"enemies":"2 Fungi Beasts","floor":5,"turns":3},{"damage":45,"enemies":"Gremlin Nob","floor":7,"turns":5},{"damage":12,"enemies":"Exordium Wildlife","floor":8,"turns":4},{"damage":25,"enemies":"Large Slime","floor":12,"turns":6},{"damage":0,"enemies":"Looter","floor":13,"turns":4},{"damage":23,"enemies":"The Guardian","floor":16,"turns":8},{"damage":5,"enemies":"3 Byrds","floor":18,"turns":2},{"damage":14,"enemies":"Colosseum Slavers","floor":19,"turns":3},{"damage":15,"enemies":"Colosseum Nobs","floor":19,"turns":3},{"damage":2,"enemies":"Spheric Guardian","floor":21,"turns":3},{"damage":25,"enemies":"Centurion and Healer","floor":24,"turns":4},{"damage":4,"enemies":"Chosen and Byrds","floor":30,"turns":4},{"damage":20,"enemies":"Slavers","floor":31,"turns":3},{"damage":11,"enemies":"Champ","floor":33,"turns":7},{"damage":14,"enemies":"Flame Bruiser 1 Orb","floor":35,"turns":6},{"damage":0,"enemies":"Orb Walker","floor":37,"turns":4},{"damage":77,"enemies":"Transient","floor":39,"turns":5},{"damage":38,"enemies":"Nemesis","floor":41,"turns":7},{"damage":27,"enemies":"Giant Head","floor":44,"turns":7},{"damage":18,"enemies":"Spire Growth","floor":45,"turns":5},{"damage":10,"enemies":"Flame Bruiser 2 Orb","floor":48,"turns":4},{"damage":32,"enemies":"Donu and Deca","floor":50,"turns":7}],"seed_played":"4223907314089836287","potions_obtained":[{"floor":3,"key":"Ancient Potion"},{"floor":8,"key":"FocusPotion"},{"floor":12,"key":"GamblersBrew"},{"floor":13,"key":"SpeedPotion"},{"floor":18,"key":"FearPotion"},{"floor":19,"key":"LiquidBronze"},{"floor":24,"key":"Ancient Potion"},{"floor":35,"key":"FairyPotion"},{"floor":37,"key":"Block Potion"},{"floor":39,"key":"EssenceOfSteel"},{"floor":41,"key":"Dexterity Potion"},{"floor":44,"key":"Weak Potion"},{"floor":45,"key":"LiquidBronze"},{"floor":48,"key":"Regen Potion"}],"is_trial":false,"path_per_floor":["M","?","M","M","M","R","E","M","T","R","$","M","M","?","R","B",null,"M","?","?","M","$","R","M","R","T","$","T","?","M","E","R","B",null,"M","?","M","$","M","R","E","R","T","E","M","$","$","M","R","B"],"character_chosen":"DEFECT","items_purchased":["Core Surge","Regal Pillow","Beam Cell","Turbo","Undo","BootSequence","Seek","Capacitor","Storm","Thunder Strike"],"campfire_rested":9,"item_purchase_floors":[11,22,22,22,27,27,38,38,46,46],"current_hp_per_floor":[59,59,49,49,49,71,26,14,14,36,36,13,15,15,37,16,60,57,32,32,32,32,69,46,75,75,75,75,61,59,41,80,69,77,72,72,74,74,8,47,11,50,50,25,9,9,9,1,40,25],"gold":10,"neow_bonus":"TRANSFORM_TWO_CARDS","is_prod":false,"is_daily":false,"chose_seed":false,"campfire_upgraded":0,"win_rate":0,"timestamp":1536121056,"path_taken":["M","?","M","M","M","R","E","M","T","R","$","M","M","?","R","BOSS","M","?","?","M","?","R","M","R","T","$","?","?","M","E","R","BOSS","M","?","M","$","M","R","E","R","T","E","?","?","$","M","R","BOSS"],"build_version":"2018-08-23v2","purchased_purges":1,"victory":true,"max_hp_per_floor":[75,75,75,75,75,75,75,75,75,75,75,75,75,75,75,75,75,75,75,75,75,75,75,75,75,75,75,75,80,80,80,80,80,80,80,80,80,80,80,80,80,80,80,80,80,80,80,80,80,80],"card_choices":[{"not_picked":["Turbo","Leap"],"picked":"Rebound","floor":1},{"not_picked":["Cold Snap","Conserve Battery"],"picked":"Echo Form","floor":3},{"not_picked":["Scrape","Fusion"],"picked":"Undo","floor":4},{"not_picked":["Cold Snap","Stack"],"picked":"Sweeping Beam","floor":5},{"not_picked":["Rebound","Tempest"],"picked":"Capacitor","floor":7},{"not_picked":["Barrage","Coolheaded"],"picked":"White Noise","floor":8},{"not_picked":["Echo Form","Compile Driver"],"picked":"Turbo","floor":12},{"not_picked":["Recycle","Hologram"],"picked":"Sunder","floor":13},{"not_picked":["Reboot","Echo Form"],"picked":"Electrodynamics","floor":16},{"not_picked":["Force Field","Turbo"],"picked":"Ball Lightning","floor":18},{"not_picked":["Streamline","Compile Driver"],"picked":"White Noise+1","floor":19},{"not_picked":["Consume","Beam Cell+1"],"picked":"Static Discharge","floor":21},{"not_picked":["Gash","Melter"],"picked":"Loop+1","floor":24},{"not_picked":["Leap","Gash"],"picked":"Beam Cell+1","floor":30},{"not_picked":["Double Energy","Rebound"],"picked":"Go for the Eyes","floor":31},{"not_picked":["Multi-Cast","Core Surge"],"picked":"Thunder Strike","floor":33},{"not_picked":["Beam Cell+1","Leap+1"],"picked":"Stack+1","floor":35},{"not_picked":["Chill","Streamline"],"picked":"Redo","floor":37},{"not_picked":["Barrage","Hologram"],"picked":"Go for the Eyes+1","floor":39},{"not_picked":["Streamline+1","Rebound+1"],"picked":"Go for the Eyes+1","floor":41},{"not_picked":["Force Field","Steam"],"picked":"Reinforced Body+1","floor":44},{"not_picked":["Rebound+1","Go for the Eyes"],"picked":"Hologram+1","floor":45},{"not_picked":["Chaos+1","Sweeping Beam"],"picked":"Recycle+1","floor":48}],"player_experience":1650202,"relics_obtained":[{"floor":7,"key":"War Paint"},{"floor":9,"key":"Blood Vial"},{"floor":19,"key":"Thread and Needle"},{"floor":19,"key":"Bottled Tornado"},{"floor":26,"key":"The Courier"},{"floor":28,"key":"Vajra"},{"floor":31,"key":"Mummified Hand"},{"floor":41,"key":"Oddly Smooth Stone"},{"floor":43,"key":"MawBank"},{"floor":44,"key":"Shuriken"}],"event_choices":[{"event_name":"The Cleric","player_choice":"Leave","floor":2,"damage_taken":0},{"event_name":"Golden Wing","player_choice":"Gained Gold","floor":14,"damage_taken":0},{"event_name":"Colosseum","player_choice":"Fight","floor":19,"damage_taken":0},{"event_name":"Colosseum","player_choice":"Fought Nobs","floor":19,"damage_taken":0},{"event_name":"Beggar","player_choice":"Gave Gold","floor":20,"damage_taken":0},{"event_name":"Forgotten Altar","player_choice":"Shed Blood","floor":29,"damage_taken":0},{"event_name":"WeMeetAgain","player_choice":"Potion","floor":36,"damage_taken":0}],"is_beta":false,"boss_relics":[{"not_picked":["Orrery","Snecko Eye"],"picked":"Fusion Hammer"},{"not_picked":["Runic Dome","Cursed Key"],"picked":"White Beast Statue"}],"items_purged_floors":[11],"is_endless":false,"potions_floor_spawned":[3,8,12,13,18,19,19,24,35,37,39,41,44,45,48],"ascension_level":7}