{"gold_per_floor":[116,135,40,40,40,78,78,99,99,130,130,149,170,81,81,81],"floor_reached":16,"playtime":1026,"items_purged":[],"score":243,"play_id":"ed160569-f12f-4468-a29f-c8680c187c70","local_time":"20190310171858","is_ascension_mode":true,"campfire_choices":[{"floor":7.0,"key":"DIG"},{"floor":11.0,"key":"DIG"},{"data":"Perfected Strike","floor":15.0,"key":"SMITH"}],"neow_cost":"NONE","seed_source_timestamp":1238579815147264,"circlet_count":0,"master_deck":["AscendersBane","Strike_R","Strike_R","Strike_R","Strike_R","Strike_R","Defend_R","Defend_R","Defend_R","Defend_R","Bash","Hemokinesis","Perfected Strike+1","Pommel Strike","Disarm","Bludgeon","Headbutt","Power Through","Whirlwind","Iron Wave","Rupture"],"special_seed":0,"relics":["Burning Blood","NeowsBlessing","Shovel","Golden Idol","Juzu Bracelet","Thread and Needle","Sundial","Darkstone Periapt","Anchor"],"potions_floor_usage":[16,16],"damage_taken":[{"damage":0.0,"enemies":"Small Slimes","floor":1.0,"turns":1.0},{"damage":0.0,"enemies":"Jaw Worm","floor":2.0,"turns":1.0},{"damage":3.0,"enemies":"Gremlin Nob","floor":6.0,"turns":1.0},{"damage":0.0,"enemies":"2 Louse","floor":8.0,"turns":3.0},{"damage":15.0,"enemies":"3 Sentries","floor":10.0,"turns":7.0},{"damage":3.0,"enemies":"Looter","floor":12.0,"turns":3.0},{"damage":0.0,"enemies":"3 Louse","floor":13.0,"turns":2.0},{"damage":48,"enemies":"Slime Boss","floor":16,"turns":11}],"seed_played":"637769831599375807","potions_obtained":[{"floor":1.0,"key":"LiquidBronze"},{"floor":6.0,"key":"Weak Potion"},{"floor":10.0,"key":"AttackPotion"},{"floor":13.0,"key":"Explosive Potion"}],"is_trial":false,"path_per_floor":["M","M","$","?","?","E","R","M","T","E","R","M","M","$","R","B"],"character_chosen":"IRONCLAD","items_purchased":["Pommel Strike","Disarm","Rupture"],"campfire_rested":0,"item_purchase_floors":[3,3,14],"current_hp_per_floor":[74,75,75,64,38,41,41,47,47,38,38,41,47,47,47,0],"gold":81,"neow_bonus":"THREE_ENEMY_KILL","is_prod":false,"is_daily":false,"chose_seed":false,"campfire_upgraded":1,"win_rate":0,"timestamp":1552252738,"path_taken":["M","M","$","?","?","E","R","M","T","E","R","M","M","?","R","BOSS"],"build_version":"2019-01-23","purchased_purges":0,"victory":false,"max_hp_per_floor":[75,75,75,75,75,75,75,75,75,75,75,75,75,75,75,75],"card_choices":[{"not_picked":["Reckless Charge","Havoc"],"picked":"Hemokinesis","floor":1.0},{"not_picked":["Battle Trance","Heavy Blade"],"picked":"Perfected Strike","floor":2.0},{"not_picked":["Shrug It Off","Cleave"],"picked":"Bludgeon","floor":6.0},{"not_picked":["Pummel","Twin Strike"],"picked":"Headbutt","floor":8.0},{"not_picked":["Armaments","Anger"],"picked":"Power Through","floor":10.0},{"not_picked":["Clothesline","Headbutt"],"picked":"Whirlwind","floor":12.0},{"not_picked":["Barricade","Searing Blow"],"picked":"Iron Wave","floor":13.0}],"player_experience":2360934,"relics_obtained":[{"floor":6.0,"key":"Juzu Bracelet"},{"floor":7.0,"key":"Thread and Needle"},{"floor":9.0,"key":"Sundial"},{"floor":10.0,"key":"Darkstone Periapt"},{"floor":11.0,"key":"Anchor"}],"event_choices":[{"damage_healed":0.0,"max_hp_gain":0.0,"max_hp_loss":0.0,"gold_gain":0.0,"event_name":"Scrap Ooze","player_choice":"Success","floor":4.0,"gold_loss":0.0,"damage_taken":11.0,"relics_obtained":["Shovel"]},{"damage_healed":0.0,"max_hp_gain":0.0,"max_hp_loss":0.0,"gold_gain":0.0,"event_name":"Golden Idol","player_choice":"Take Damage","floor":5.0,"gold_loss":0.0,"damage_taken":26.0,"relics_obtained":["Golden Idol"]}],"is_beta":false,"boss_relics":[],"items_purged_floors":[],"is_endless":false,"potions_floor_spawned":[1,6,10,13],"killed_by":"Slime Boss","ascension_level":16}