{"gold_per_floor":[119,3,3,15,30,30,47,21,21,52,78,90,115,138,150,258,270,255,267,20,33,33,33,60,60,107,119,0,0],"floor_reached":29,"playtime":1601,"items_purged":["Recycle"],"score":237,"play_id":"cff7b320-6293-4a97-9214-dce70c6ce37d","local_time":"20190719171533","is_ascension_mode":false,"campfire_choices":[{"data":"Zap","floor":6,"key":"SMITH"},{"floor":12,"key":"REST"},{"floor":15,"key":"REST"},{"floor":23,"key":"REST"},{"floor":25,"key":"REST"}],"neow_cost":"NONE","seed_source_timestamp":265859953351924,"circlet_count":0,"master_deck":["Zap+1","Dualcast","Doom and Gloom","Genetic Algorithm","Stack","Conserve Battery","Defragment","Steam","Double Energy","Double Energy","Redo","Loop","Amplify","Conserve Battery","Rainbow","Rebound","Barrage","Genetic Algorithm","Barrage","BootSequence","Turbo","Turbo+1","Purity","Auto Shields","Cold Snap","White Noise","Compile Driver","Streamline"],"relics":["Cracked Core","Ancient Tea Set","MawBank","Pandora\u0027s Box","Symbiotic Virus","Gremlin Horn","Boot"],"potions_floor_usage":[10,16,16,16],"damage_taken":[{"damage":0,"enemies":"Small Slimes","floor":1,"turns":2},{"damage":4,"enemies":"Cultist","floor":4,"turns":4},{"damage":5,"enemies":"Jaw Worm","floor":5,"turns":4},{"damage":8,"enemies":"2 Fungi Beasts","floor":7,"turns":3},{"damage":19,"enemies":"Gremlin Gang","floor":10,"turns":5},{"damage":0,"enemies":"Blue Slaver","floor":11,"turns":4},{"damage":0,"enemies":"3 Louse","floor":13,"turns":3},{"damage":7,"enemies":"2 Fungi Beasts","floor":14,"turns":4},{"damage":57,"enemies":"Hexaghost","floor":16,"turns":11},{"damage":32,"enemies":"2 Thieves","floor":18,"turns":5},{"damage":20,"enemies":"3 Byrds","floor":21,"turns":4},{"damage":29,"enemies":"Slavers","floor":24,"turns":7},{"damage":26,"enemies":"Centurion and Healer","floor":27,"turns":5},{"damage":22,"enemies":"Snecko","floor":29,"turns":3}],"seed_played":"7126290586728215426","potions_obtained":[{"floor":3,"key":"Dexterity Potion"},{"floor":3,"key":"Strength Potion"},{"floor":3,"key":"Ancient Potion"},{"floor":5,"key":"SpeedPotion"},{"floor":11,"key":"SteroidPotion"},{"floor":16,"key":"SneckoOil"},{"floor":27,"key":"Energy Potion"}],"is_trial":false,"path_per_floor":["M","$","?","M","M","R","M","$","T","M","M","R","M","M","R","B",null,"M","T","$","M","$","R","E","R","T","M","?","M"],"character_chosen":"DEFECT","items_purchased":["Genetic Algorithm","Stack","Steam","Purity","Auto Shields","Cold Snap"],"campfire_rested":4,"item_purchase_floors":[2,2,8,20,20,20],"current_hp_per_floor":[75,75,75,71,66,66,58,58,58,39,39,61,61,54,75,18,75,43,43,43,23,23,45,16,38,38,12,12,0],"gold":0,"neow_bonus":"RANDOM_COMMON_RELIC","is_prod":false,"is_daily":false,"chose_seed":false,"campfire_upgraded":1,"win_rate":0.0,"timestamp":1563567333,"path_taken":["M","$","?","M","M","R","?","?","T","?","M","R","M","M","R","BOSS","M","?","$","M","$","R","E","R","T","M","?","M"],"build_version":"2019-07-17","purchased_purges":1,"victory":false,"max_hp_per_floor":[75,75,75,75,75,75,75,75,75,75,75,75,75,75,75,75,75,75,75,75,75,75,75,75,75,75,75,75,75],"card_choices":[{"not_picked":["Go for the Eyes","Chill"],"picked":"Doom and Gloom","floor":1},{"not_picked":["Streamline","Static Discharge"],"picked":"Recycle","floor":4},{"not_picked":["Gash","Beam Cell"],"picked":"Conserve Battery","floor":5},{"not_picked":["Hologram","Fusion"],"picked":"Defragment","floor":7},{"not_picked":["Genetic Algorithm","Turbo"],"picked":"Double Energy","floor":10},{"not_picked":["Steam","Rebound"],"picked":"Double Energy","floor":11},{"not_picked":["Hello World","Scrape"],"picked":"Redo","floor":13},{"not_picked":["Sweeping Beam","Biased Cognition"],"picked":"Loop","floor":14},{"not_picked":["Seek","Fission"],"picked":"Amplify","floor":16},{"not_picked":["Compile Driver","Rip and Tear"],"picked":"Turbo+1","floor":18},{"not_picked":["Turbo","Cold Snap+1"],"picked":"White Noise","floor":21},{"not_picked":["Auto Shields","Rebound"],"picked":"Compile Driver","floor":24},{"not_picked":["Cold Snap","Steam"],"picked":"Streamline","floor":27}],"player_experience":206700,"relics_obtained":[{"floor":9,"key":"MawBank"},{"floor":19,"key":"Symbiotic Virus"},{"floor":24,"key":"Gremlin Horn"},{"floor":26,"key":"Boot"}],"event_choices":[{"damage_healed":0,"gold_gain":0,"player_choice":"Got Potions","damage_taken":0,"max_hp_gain":0,"max_hp_loss":0,"event_name":"Lab","floor":3,"gold_loss":0},{"damage_healed":0,"gold_gain":0,"player_choice":"Paid Fearfully","damage_taken":0,"max_hp_gain":0,"max_hp_loss":0,"event_name":"Masked Bandits","floor":28,"gold_loss":119}],"is_beta":false,"boss_relics":[{"not_picked":["Calling Bell","Fusion Hammer"],"picked":"Pandora\u0027s Box"}],"items_purged_floors":[20],"is_endless":false,"potions_floor_spawned":[5,11,13,16,27],"killed_by":"Snecko","ascension_level":0}