{"gold_per_floor":[117,14,14,37,37,72,91,91,91,107,107,182,182,225,225,323,323,343,343,343,45,66,84,84,34,34,34,34,78,102,120,120,120],"floor_reached":33,"playtime":1996,"items_purged":["Injury"],"score":630,"play_id":"260c322a-eaee-48c9-8b63-116954e784e1","local_time":"20190626210732","is_ascension_mode":true,"campfire_choices":[{"data":"Neutralize","floor":8,"key":"SMITH"},{"data":"Footwork","floor":11,"key":"SMITH"},{"data":"Deadly Poison","floor":13,"key":"SMITH"},{"data":"Quick Slash","floor":15,"key":"SMITH"},{"floor":24,"key":"REST"},{"floor":28,"key":"REST"},{"floor":32,"key":"REST"}],"neow_cost":"NONE","seed_source_timestamp":726470199595287,"circlet_count":0,"master_deck":["AscendersBane","Defend_G+1","Defend_G+1","Defend_G+1","Defend_G+1","Defend_G+1","Strike_G+1","Strike_G+1","Strike_G+1","Strike_G+1","Survivor","Neutralize+1","Masterful Stab","Terror","Quick Slash+1","Footwork+1","Deadly Poison+1","Dagger Spray","Bane+1","Poisoned Stab+1","Venomology","Dagger Spray+1","Corpse Explosion","Dodge and Roll","Sucker Punch+1","Envenom","Poisoned Stab+1","Glass Knife+1"],"relics":["NeowsBlessing","Golden Idol","Orichalcum","Molten Egg 2","Blood Vial","Black Star","Nloth\u0027s Gift","Bag of Marbles","Thread and Needle","Shovel","Tough Bandages"],"potions_floor_usage":[16,16,18,18,22,23,29,31,31,33,33],"damage_taken":[{"damage":0,"enemies":"Cultist","floor":1,"turns":1},{"damage":0,"enemies":"2 Louse","floor":4,"turns":1},{"damage":0,"enemies":"3 Sentries","floor":6,"turns":2},{"damage":0,"enemies":"Small Slimes","floor":7,"turns":4},{"damage":3,"enemies":"Blue Slaver","floor":10,"turns":3},{"damage":0,"enemies":"Lagavulin","floor":14,"turns":5},{"damage":6,"enemies":"Hexaghost","floor":16,"turns":8},{"damage":10,"enemies":"Chosen","floor":18,"turns":4},{"damage":16,"enemies":"Spheric Guardian","floor":22,"turns":4},{"damage":28,"enemies":"Snake Plant","floor":23,"turns":5},{"damage":33,"enemies":"Book of Stabbing","floor":29,"turns":6},{"damage":3,"enemies":"Snecko","floor":30,"turns":5},{"damage":2,"enemies":"Cultist and Chosen","floor":31,"turns":6},{"damage":58,"enemies":"Automaton","floor":33,"turns":10}],"seed_played":"3702198051710335003","potions_obtained":[{"floor":6,"key":"GamblersBrew"},{"floor":7,"key":"SkillPotion"},{"floor":14,"key":"LiquidBronze"},{"floor":16,"key":"AttackPotion"},{"floor":23,"key":"Weak Potion"},{"floor":29,"key":"Poison Potion"},{"floor":30,"key":"Regen Potion"}],"is_trial":false,"path_per_floor":["M","$","?","M","?","E","M","R","T","M","R","?","R","E","R","B",null,"M","?","?","$","M","M","R","$","T","$","R","E","M","M","R","B"],"character_chosen":"THE_SILENT","items_purchased":["Terror","Quick Slash","Bag of Marbles","Dagger Spray+1","Sucker Punch+1"],"campfire_rested":3,"item_purchase_floors":[2,2,21,21,25],"current_hp_per_floor":[59,59,59,59,59,59,59,59,59,56,56,45,45,45,45,41,60,52,52,52,52,38,12,31,31,31,31,50,19,18,33,52,0],"gold":120,"neow_bonus":"THREE_ENEMY_KILL","is_prod":false,"is_daily":false,"chose_seed":false,"campfire_upgraded":4,"win_rate":0,"timestamp":1561597652,"path_taken":["M","$","?","M","?","E","M","R","T","?","R","?","R","E","R","BOSS","M","?","?","$","?","M","R","?","T","$","R","E","?","M","R","BOSS"],"build_version":"2019-01-23","purchased_purges":1,"victory":false,"max_hp_per_floor":[66,66,66,66,66,66,66,66,66,66,66,66,66,66,66,66,66,66,66,66,66,66,66,66,66,66,66,66,66,66,66,66,66],"card_choices":[{"not_picked":["Cloak And Dagger","Flying Knee"],"picked":"Masterful Stab","floor":1},{"not_picked":["Choke","Escape Plan"],"picked":"Footwork","floor":4},{"not_picked":["Backflip","Flying Knee"],"picked":"Deadly Poison","floor":6},{"not_picked":["Bane","Prepared"],"picked":"Dagger Spray","floor":7},{"not_picked":["Cloak And Dagger","Tactician"],"picked":"Bane+1","floor":10},{"not_picked":["Dodge and Roll","Footwork"],"picked":"Poisoned Stab+1","floor":14},{"not_picked":["Bullet Time","Storm of Steel"],"picked":"Venomology","floor":16},{"not_picked":["Eviscerate+1","Infinite Blades","Underhanded Strike+1"],"picked":"SKIP","floor":18},{"not_picked":["PiercingWail","Flechettes+1"],"picked":"Corpse Explosion","floor":22},{"not_picked":["Night Terror","Cloak And Dagger"],"picked":"Dodge and Roll","floor":23},{"not_picked":["Skewer+1","Finisher+1"],"picked":"Envenom","floor":29},{"not_picked":["Storm of Steel","Sucker Punch+1"],"picked":"Poisoned Stab+1","floor":30},{"not_picked":["Deadly Poison","Bane+1"],"picked":"Glass Knife+1","floor":31}],"player_experience":2642916,"relics_obtained":[{"floor":6,"key":"Orichalcum"},{"floor":9,"key":"Molten Egg 2"},{"floor":14,"key":"Blood Vial"},{"floor":26,"key":"Thread and Needle"},{"floor":29,"key":"Shovel"},{"floor":29,"key":"Tough Bandages"}],"event_choices":[{"damage_healed":0,"gold_gain":0,"player_choice":"Take Wound","damage_taken":0,"relics_obtained":["Golden Idol"],"max_hp_gain":0,"max_hp_loss":0,"event_name":"Golden Idol","floor":3,"gold_loss":0,"cards_obtained":["Injury"]},{"cards_removed":["Strike_G"],"damage_healed":0,"gold_gain":0,"player_choice":"Purged","damage_taken":0,"max_hp_gain":0,"max_hp_loss":0,"event_name":"Purifier","floor":5,"gold_loss":0},{"damage_healed":0,"gold_gain":75,"player_choice":"Gather Gold","damage_taken":11,"max_hp_gain":0,"max_hp_loss":0,"event_name":"World of Goop","floor":12,"gold_loss":0},{"damage_healed":0,"gold_gain":0,"player_choice":"Simplicity","damage_taken":0,"max_hp_gain":0,"max_hp_loss":0,"event_name":"Back to Basics","floor":19,"gold_loss":0,"cards_upgraded":["Defend_G","Defend_G","Defend_G","Defend_G","Defend_G","Strike_G","Strike_G","Strike_G","Strike_G"]},{"damage_healed":0,"gold_gain":0,"player_choice":"Traded Relic","damage_taken":0,"relics_obtained":["Nloth\u0027s Gift"],"max_hp_gain":0,"max_hp_loss":0,"event_name":"N\u0027loth","floor":20,"relics_lost":["Ring of the Snake"],"gold_loss":0}],"is_beta":false,"boss_relics":[{"not_picked":["Runic Dome","Empty Cage"],"picked":"Black Star"}],"items_purged_floors":[21],"is_endless":false,"potions_floor_spawned":[6,7,14,16,23,29,30],"killed_by":"Automaton","ascension_level":19}