{"gold_per_floor":[109,129,149,166,177,177,210,223,295,295,325,325,343,44,44,116,116,133,133,149,161,161],"floor_reached":22,"playtime":2066,"items_purged":[],"score":400,"play_id":"1606a42a-830e-439e-9af0-57a76cabbd08","local_time":"20190722231022","is_ascension_mode":true,"campfire_choices":[{"floor":6,"key":"REST"},{"floor":10,"key":"REST"},{"floor":15,"key":"REST"}],"neow_cost":"NONE","seed_source_timestamp":353835850549573,"circlet_count":0,"master_deck":["AscendersBane","Strike_R","Strike_R","Strike_R","Strike_R","Strike_R","Defend_R","Defend_R","Defend_R","Defend_R","Bash","Perfected Strike","Thunderclap","Disarm","Shrug It Off","Iron Wave","Wild Strike+1","Evolve","Uppercut+1","Armaments","Reaper","Swift Strike","Fiend Fire","Dropkick+1","Power Through","Evolve"],"relics":["Fusion Hammer","Regal Pillow","Question Card","Bottled Lightning","Cursed Key"],"potions_floor_usage":[7,13,18,20],"damage_taken":[{"damage":4,"enemies":"Small Slimes","floor":1,"turns":3},{"damage":0,"enemies":"2 Louse","floor":2,"turns":2},{"damage":2,"enemies":"Jaw Worm","floor":3,"turns":3},{"damage":26,"enemies":"Exordium Thugs","floor":4,"turns":5},{"damage":4,"enemies":"Red Slaver","floor":5,"turns":4},{"damage":16,"enemies":"Gremlin Nob","floor":7,"turns":4},{"damage":1,"enemies":"3 Louse","floor":8,"turns":2},{"damage":13,"enemies":"Lagavulin","floor":11,"turns":6},{"damage":0,"enemies":"Lots of Slimes","floor":13,"turns":4},{"damage":9,"enemies":"The Guardian","floor":16,"turns":12},{"damage":7,"enemies":"Chosen","floor":18,"turns":4},{"damage":23,"enemies":"Colosseum Slavers","floor":19,"turns":6},{"damage":22,"enemies":"Shell Parasite","floor":20,"turns":4},{"damage":24,"enemies":"Snake Plant","floor":21,"turns":4},{"damage":11,"enemies":"Centurion and Healer","floor":22,"turns":4}],"seed_played":"1427441116326984637","potions_obtained":[{"floor":4,"key":"Weak Potion"},{"floor":8,"key":"Block Potion"},{"floor":16,"key":"LiquidBronze"},{"floor":18,"key":"Fruit Juice"}],"is_trial":false,"path_per_floor":["M","M","M","M","M","R","E","M","T","R","E","?","M","$","R","B",null,"M","?","M","M","M"],"character_chosen":"IRONCLAD","items_purchased":["Armaments","Reaper","Swift Strike"],"campfire_rested":3,"item_purchase_floors":[14,14,14],"current_hp_per_floor":[64,64,62,36,32,54,38,37,37,74,61,38,38,38,75,72,74,73,50,34,10,0],"gold":161,"neow_bonus":"BOSS_RELIC","is_prod":false,"is_daily":false,"chose_seed":false,"campfire_upgraded":0,"win_rate":0,"timestamp":1563851422,"path_taken":["M","M","M","M","M","R","E","M","T","R","E","?","M","$","R","BOSS","M","?","M","M","M"],"build_version":"2019-01-23","purchased_purges":0,"victory":false,"max_hp_per_floor":[75,75,75,75,75,75,75,75,75,75,75,75,75,75,75,75,75,80,80,80,80,80],"card_choices":[{"not_picked":["Clash","Second Wind"],"picked":"Perfected Strike","floor":1},{"not_picked":["Headbutt","Entrench"],"picked":"Thunderclap","floor":2},{"not_picked":["Sword Boomerang","Havoc"],"picked":"Disarm","floor":3},{"not_picked":["Bloodletting","Hemokinesis"],"picked":"Shrug It Off","floor":4},{"not_picked":["Heavy Blade","Warcry"],"picked":"Iron Wave","floor":5},{"not_picked":["Clash","Infernal Blade"],"picked":"Wild Strike","floor":7},{"not_picked":["Havoc","Shrug It Off"],"picked":"Evolve","floor":8},{"not_picked":["Thunderclap","Clash","Infernal Blade"],"picked":"Uppercut","floor":11},{"not_picked":["Dark Embrace","Thunderclap","Battle Trance","Iron Wave"],"picked":"SKIP","floor":13},{"not_picked":["Exhume","Reaper","Feed"],"picked":"Fiend Fire","floor":16},{"not_picked":["Fire Breathing+1","Armaments","Flex"],"picked":"Dropkick+1","floor":18},{"not_picked":["Heavy Blade","Pommel Strike","Anger"],"picked":"Power Through","floor":20},{"not_picked":["Clothesline","Twin Strike+1","Heavy Blade"],"picked":"Evolve","floor":21}],"player_experience":2720321,"relics_obtained":[{"floor":7,"key":"Regal Pillow"},{"floor":9,"key":"Question Card"},{"floor":11,"key":"Bottled Lightning"}],"event_choices":[{"damage_healed":0,"gold_gain":0,"player_choice":"Entered Light","damage_taken":23,"max_hp_gain":0,"max_hp_loss":0,"event_name":"Shining Light","floor":12,"gold_loss":0,"cards_upgraded":["Uppercut","Wild Strike"]},{"damage_healed":0,"gold_gain":0,"player_choice":"Fight","damage_taken":0,"max_hp_gain":0,"max_hp_loss":0,"event_name":"Colosseum","floor":19,"gold_loss":0},{"damage_healed":0,"gold_gain":0,"player_choice":"Fled From Nobs","damage_taken":0,"max_hp_gain":0,"max_hp_loss":0,"event_name":"Colosseum","floor":19,"gold_loss":0}],"is_beta":false,"boss_relics":[{"not_picked":["Runic Cube","Philosopher\u0027s Stone"],"picked":"Cursed Key"}],"items_purged_floors":[],"is_endless":false,"potions_floor_spawned":[4,8,16,18,19],"killed_by":"Centurion and Healer","ascension_level":20}