{"gold_per_floor":[114,128,142,41,56,85,104,104,104,104,117,117,17,27,27,27],"floor_reached":16,"playtime":1459,"items_purged":[],"score":198,"play_id":"0c9a249a-7a49-421d-b4aa-8710eada5bd9","local_time":"20190518200123","is_ascension_mode":true,"campfire_choices":[{"floor":8,"key":"REST"},{"floor":12,"key":"REST"},{"data":"Defragment","floor":15,"key":"SMITH"}],"neow_cost":"NONE","seed_source_timestamp":139012209576096,"circlet_count":0,"master_deck":["AscendersBane","Strike_B","Strike_B","Strike_B","Strike_B","Defend_B","Defend_B","Defend_B","Defend_B","Zap","Dualcast","Defragment+1","Genetic Algorithm","Fusion","Turbo","Sweeping Beam","Streamline","Stack","Conserve Battery","Glacier","Steam","Defragment","Reinforced Body"],"special_seed":0,"relics":["Cracked Core","Oddly Smooth Stone","Dodecahedron"],"potions_floor_usage":[6,6,16,16],"damage_taken":[{"damage":3.0,"enemies":"Small Slimes","floor":1.0,"turns":3.0},{"damage":1.0,"enemies":"Cultist","floor":2.0,"turns":3.0},{"damage":6,"enemies":"Jaw Worm","floor":3,"turns":4},{"damage":26,"enemies":"Red Slaver","floor":5,"turns":4},{"damage":18,"enemies":"Lagavulin","floor":6,"turns":8},{"damage":9,"enemies":"2 Fungi Beasts","floor":7,"turns":4},{"damage":5,"enemies":"Looter","floor":11,"turns":4},{"damage":0,"enemies":"Blue Slaver","floor":14,"turns":4},{"damage":44,"enemies":"Hexaghost","floor":16,"turns":23}],"seed_played":"-8511855616102130196","potions_obtained":[{"floor":0.0,"key":"SpeedPotion"},{"floor":0.0,"key":"Energy Potion"},{"floor":0.0,"key":"SkillPotion"},{"floor":3,"key":"Poison Potion"},{"floor":6,"key":"Dexterity Potion"},{"floor":7,"key":"Explosive Potion"}],"is_trial":false,"path_per_floor":["M","M","M","$","M","E","M","R","T","?","M","R","$","M","R","B"],"character_chosen":"DEFECT","items_purchased":["Turbo","Sweeping Beam","Steam","Defragment"],"campfire_rested":2,"item_purchase_floors":[4,4,13,13],"current_hp_per_floor":[61,60,54,54,28,10,1,22,22,22,17,38,38,38,38,0],"gold":27,"neow_bonus":"THREE_SMALL_POTIONS","is_prod":false,"is_daily":false,"chose_seed":false,"campfire_upgraded":1,"win_rate":0,"timestamp":1558224083,"path_taken":["M","M","M","$","M","E","M","R","T","?","?","R","$","M","R","BOSS"],"build_version":"2019-01-23","purchased_purges":0,"victory":false,"max_hp_per_floor":[71,71,71,71,71,71,71,71,71,71,71,71,71,71,71,71],"card_choices":[{"not_picked":["Chaos","Blizzard"],"picked":"Defragment","floor":1.0},{"not_picked":["Rebound","Stack"],"picked":"Genetic Algorithm","floor":2.0},{"not_picked":["Barrage","Leap"],"picked":"Fusion","floor":3},{"not_picked":["Auto Shields","Turbo"],"picked":"Streamline","floor":5},{"not_picked":["Leap","Rebound"],"picked":"Stack","floor":6},{"not_picked":["Stack","Hologram"],"picked":"Conserve Battery","floor":7},{"not_picked":["Barrage","Recycle"],"picked":"Glacier","floor":11},{"not_picked":["Doom and Gloom","Sweeping Beam"],"picked":"Reinforced Body","floor":14}],"player_experience":2600773,"relics_obtained":[{"floor":6,"key":"Oddly Smooth Stone"},{"floor":9,"key":"Dodecahedron"}],"event_choices":[{"damage_healed":0,"gold_gain":0,"player_choice":"Got Potions","damage_taken":0,"max_hp_gain":0,"max_hp_loss":0,"event_name":"Lab","floor":10,"gold_loss":0}],"is_beta":false,"boss_relics":[],"items_purged_floors":[],"is_endless":false,"potions_floor_spawned":[3,6,7,14],"killed_by":"Hexaghost","ascension_level":18}