{"gold_per_floor":[112,23,33,53,63,63,94,94,165,165,165,181,213,112,112,187,187,207,190,200,217,87,87,104,137,161,174,174,186,186,27,27,99,99,118,133,133,133,133,133,162,179,179,190,206,206,206,223,223,223],"floor_reached":51,"playtime":5625,"items_purged":["Strike_G","Strike_G"],"score":1215,"play_id":"165cd3d2-50ea-45fc-b6bd-c528ebc3bd86","local_time":"20190314190135","is_ascension_mode":true,"campfire_choices":[{"data":"Neutralize","floor":6,"key":"SMITH"},{"data":"Deadly Poison","floor":8,"key":"SMITH"},{"data":"Footwork","floor":10,"key":"SMITH"},{"data":"Dodge and Roll","floor":15,"key":"SMITH"},{"data":"Envenom","floor":23,"key":"SMITH"},{"floor":28,"key":"REST"},{"data":"Sucker Punch","floor":30,"key":"SMITH"},{"floor":32,"key":"REST"},{"data":"Wraith Form v2","floor":40,"key":"SMITH"},{"data":"Caltrops","floor":47,"key":"SMITH"},{"data":"Caltrops","floor":49,"key":"SMITH"}],"neow_cost":"NONE","seed_source_timestamp":1427439866734917,"circlet_count":0,"master_deck":["AscendersBane","Defend_G","Defend_G","Defend_G","Defend_G","Defend_G","Strike_G","Strike_G","Survivor","Neutralize+1","Crippling Poison","Footwork+1","Deadly Poison+1","Bane","Cloak And Dagger","Adrenaline","Distraction","Sucker Punch+1","Dodge and Roll+1","Envenom+1","Flying Knee","Dagger Spray","Backstab","Terror","Footwork","Crippling Poison+1","Adrenaline","Cloak And Dagger+1","Deflect","Wraith Form v2+1","Flash of Steel","Enlightenment","Backflip+1","Caltrops+1","Caltrops+1","Acrobatics+1"],"special_seed":0,"relics":["Ring of the Snake","Ice Cream","Paper Crane","Happy Flower","Busted Crown","Sundial","Art of War","Runic Pyramid","Bottled Tornado","Pantograph"],"potions_floor_usage":[12,13,19,20,24,25,50],"damage_taken":[{"damage":3,"enemies":"Cultist","floor":1,"turns":5},{"damage":2,"enemies":"Small Slimes","floor":3,"turns":4},{"damage":2,"enemies":"Jaw Worm","floor":4,"turns":5},{"damage":4,"enemies":"Exordium Thugs","floor":5,"turns":5},{"damage":22,"enemies":"Lagavulin","floor":7,"turns":9},{"damage":2,"enemies":"Gremlin Gang","floor":12,"turns":3},{"damage":2,"enemies":"Gremlin Nob","floor":13,"turns":5},{"damage":6,"enemies":"The Guardian","floor":16,"turns":9},{"damage":0,"enemies":"3 Byrds","floor":18,"turns":6},{"damage":0,"enemies":"2 Thieves","floor":19,"turns":4},{"damage":0,"enemies":"3 Cultists","floor":20,"turns":3},{"damage":13,"enemies":"Sentry and Sphere","floor":21,"turns":8},{"damage":8,"enemies":"Snake Plant","floor":24,"turns":3},{"damage":7,"enemies":"Slavers","floor":25,"turns":7},{"damage":6,"enemies":"Shelled Parasite and Fungi","floor":27,"turns":5},{"damage":16,"enemies":"Sentry and Sphere","floor":29,"turns":6},{"damage":31,"enemies":"Automaton","floor":33,"turns":12},{"damage":4,"enemies":"3 Shapes","floor":35,"turns":4},{"damage":1,"enemies":"Orb Walker","floor":36,"turns":4},{"damage":5,"enemies":"Giant Head","floor":41,"turns":11},{"damage":0,"enemies":"Sphere and 2 Shapes","floor":42,"turns":6},{"damage":23,"enemies":"3 Darklings","floor":44,"turns":5},{"damage":3,"enemies":"4 Shapes","floor":45,"turns":6},{"damage":0,"enemies":"Spire Growth","floor":48,"turns":6},{"damage":36,"enemies":"Time Eater","floor":50,"turns":13}],"seed_played":"-6055459062435880843","potions_obtained":[{"floor":1,"key":"Explosive Potion"},{"floor":12,"key":"Dexterity Potion"},{"floor":13,"key":"Fire Potion"},{"floor":19,"key":"SkillPotion"},{"floor":21,"key":"LiquidBronze"},{"floor":24,"key":"Fire Potion"},{"floor":27,"key":"FearPotion"},{"floor":33,"key":"Poison Potion"},{"floor":35,"key":"FairyPotion"},{"floor":36,"key":"SpeedPotion"}],"is_trial":false,"path_per_floor":["M","$","M","M","M","R","E","R","T","R","?","M","E","$","R","B",null,"M","M","M","M","$","R","M","E","T","M","R","M","R","$","R","B",null,"M","M","?","$","?","R","E","M","T","M","M","?","R","M","R","B",null],"character_chosen":"THE_SILENT","items_purchased":["Footwork","Dodge and Roll","Terror","Footwork","Deflect"],"campfire_rested":2,"item_purchase_floors":[2,14,22,22,31],"current_hp_per_floor":[62,62,60,58,54,54,32,32,32,32,32,30,28,28,28,22,60,60,60,60,47,47,47,39,32,32,26,47,31,31,31,52,21,59,55,54,54,54,49,49,44,44,44,21,18,59,59,59,59,23],"gold":223,"neow_bonus":"TEN_PERCENT_HP_BONUS","is_prod":false,"is_daily":false,"chose_seed":false,"campfire_upgraded":9,"win_rate":0,"timestamp":1552604495,"path_taken":["M","?","M","M","M","R","E","R","T","R","?","M","E","$","R","BOSS","M","M","M","M","$","R","M","E","T","M","R","M","R","$","R","BOSS","M","M","?","$","?","R","E","M","T","M","M","?","R","M","R","BOSS"],"build_version":"2019-01-23","purchased_purges":2,"victory":true,"max_hp_per_floor":[72,72,72,72,72,72,72,72,72,72,72,72,72,72,72,72,72,72,72,72,72,72,72,72,72,72,72,72,72,72,72,72,72,72,72,72,72,72,72,72,72,72,72,72,72,59,59,59,59,59],"card_choices":[{"not_picked":["Dagger Spray","Flying Knee"],"picked":"Crippling Poison","floor":1},{"not_picked":["Acrobatics","Deflect"],"picked":"Deadly Poison","floor":3},{"not_picked":["Infinite Blades","Acrobatics"],"picked":"Bane","floor":4},{"not_picked":["Bane","Sucker Punch"],"picked":"Cloak And Dagger","floor":5},{"not_picked":["Cloak And Dagger","Terror"],"picked":"Adrenaline","floor":7},{"not_picked":["Finisher","Blade Dance"],"picked":"Sucker Punch","floor":12},{"not_picked":["Quick Slash","Dodge and Roll"],"picked":"Poisoned Stab","floor":13},{"not_picked":["Storm of Steel","A Thousand Cuts"],"picked":"Envenom","floor":16},{"not_picked":["Sucker Punch"],"picked":"SKIP","floor":18},{"not_picked":[],"picked":"Flying Knee","floor":19},{"not_picked":[],"picked":"Dagger Spray","floor":20},{"not_picked":[],"picked":"Backstab","floor":21},{"not_picked":[],"picked":"Crippling Poison+1","floor":24},{"not_picked":[],"picked":"Adrenaline","floor":25},{"not_picked":["Dagger Spray"],"picked":"SKIP","floor":27},{"not_picked":[],"picked":"Cloak And Dagger+1","floor":29},{"not_picked":[],"picked":"Wraith Form v2","floor":33},{"not_picked":["Outmaneuver"],"picked":"SKIP","floor":35},{"not_picked":["Slice"],"picked":"SKIP","floor":36},{"not_picked":["Slice"],"picked":"SKIP","floor":36},{"not_picked":[],"picked":"Flash of Steel","floor":39},{"not_picked":[],"picked":"Enlightenment","floor":39},{"not_picked":[],"picked":"Backflip+1","floor":41},{"not_picked":[],"picked":"Caltrops","floor":42},{"not_picked":[],"picked":"Caltrops","floor":44},{"not_picked":["Masterful Stab"],"picked":"SKIP","floor":45},{"not_picked":[],"picked":"Acrobatics+1","floor":48}],"player_experience":2373426,"relics_obtained":[{"floor":7,"key":"Ice Cream"},{"floor":9,"key":"Paper Crane"},{"floor":13,"key":"Happy Flower"},{"floor":25,"key":"Sundial"},{"floor":26,"key":"Art of War"},{"floor":41,"key":"Bottled Tornado"},{"floor":43,"key":"Pantograph"}],"event_choices":[{"damage_healed":0,"gold_gain":0,"cards_transformed":["Strike_G"],"player_choice":"Transformed","damage_taken":0,"max_hp_gain":0,"max_hp_loss":0,"event_name":"Transmorgrifier","floor":11,"gold_loss":0,"cards_obtained":["Distraction"]},{"cards_removed":["Poisoned Stab"],"damage_healed":0,"gold_gain":0,"player_choice":"Removed Attack","damage_taken":0,"max_hp_gain":0,"max_hp_loss":0,"event_name":"Falling","floor":37,"gold_loss":0},{"damage_healed":0,"gold_gain":0,"player_choice":"Memory 2","damage_taken":5,"max_hp_gain":0,"max_hp_loss":0,"event_name":"SensoryStone","floor":39,"gold_loss":0},{"damage_healed":59,"gold_gain":0,"player_choice":"Heal","damage_taken":0,"max_hp_gain":0,"max_hp_loss":13,"event_name":"The Moai Head","floor":46,"gold_loss":0}],"is_beta":false,"boss_relics":[{"not_picked":["Snecko Eye","Orrery"],"picked":"Busted Crown"},{"not_picked":["Pandora\u0027s Box","Philosopher\u0027s Stone"],"picked":"Runic Pyramid"}],"items_purged_floors":[14,31],"is_endless":false,"potions_floor_spawned":[1,12,13,19,21,24,27,33,35,36,42,44],"ascension_level":16}