{"gold_per_floor":[117,132,142,112,20,353,353,385,458,458,478,494,510,521,521,599,599,615,615,631,645,663,698,698,729,729,729,740,740,774,787,787,861,861,872,892,161,11,0,0,33,33,33,61,61,111,146,10,10,10],"floor_reached":51,"playtime":5248,"items_purged":["Strike_R","Strike_R"],"score":1415,"play_id":"efa98002-a63c-4626-931a-107847ab6c3a","local_time":"20190302195939","is_ascension_mode":true,"campfire_choices":[{"data":"Pommel Strike","floor":7.0,"key":"SMITH"},{"data":"Shockwave","floor":10.0,"key":"SMITH"},{"floor":15.0,"key":"REST"},{"data":"Rupture","floor":24.0,"key":"SMITH"},{"data":"Brutality","floor":27.0,"key":"SMITH"},{"data":"Offering","floor":29.0,"key":"SMITH"},{"floor":32,"key":"REST"},{"data":"Limit Break","floor":40,"key":"SMITH"},{"floor":45,"key":"REST"},{"floor":49,"key":"REST"}],"neow_cost":"NONE","seed_source_timestamp":1057378425244116,"circlet_count":0,"master_deck":["AscendersBane","Strike_R","Defend_R","Defend_R","Defend_R","Defend_R","Bash","Rupture+1","Pommel Strike+1","Sword Boomerang","Thunderclap","Pummel","Metallicize","Shrug It Off","Headbutt","Shockwave+1","Bloodletting","Blood for Blood+1","Offering+1","Perfected Strike+1","Reaper+1","Pommel Strike+1","Limit Break+1","Shrug It Off","Brutality+1","Offering","Twin Strike+1","Intimidate+1","Bloodletting+1","Demon Form","Cleave+1","Demon Form","Shrug It Off","Pommel Strike+1","Exhume","Limit Break+1","Double Tap+1","Bloodletting+1"],"special_seed":0,"relics":["Burning Blood","Vajra","Molten Egg 2","Cursed Key","Nloth\u0027s Gift","Blood Vial","Pen Nib","Question Card","Bottled Tornado","Empty Cage","Ornamental Fan","WingedGreaves","Omamori","Red Mask","Sundial","Gremlin Horn","Toxic Egg 2","Blue Candle"],"potions_floor_usage":[30,30,33,35,44,44],"damage_taken":[{"damage":10.0,"enemies":"Jaw Worm","floor":1.0,"turns":8.0},{"damage":1.0,"enemies":"Cultist","floor":2.0,"turns":3.0},{"damage":0.0,"enemies":"2 Louse","floor":3.0,"turns":3.0},{"damage":2.0,"enemies":"Looter","floor":4.0,"turns":4.0},{"damage":37.0,"enemies":"Lagavulin","floor":6.0,"turns":9.0},{"damage":23.0,"enemies":"3 Sentries","floor":8.0,"turns":8.0},{"damage":2.0,"enemies":"2 Fungi Beasts","floor":11.0,"turns":3.0},{"damage":8.0,"enemies":"Exordium Thugs","floor":12.0,"turns":6.0},{"damage":6.0,"enemies":"Gremlin Gang","floor":13.0,"turns":3.0},{"damage":9.0,"enemies":"Blue Slaver","floor":14.0,"turns":1.0},{"damage":13.0,"enemies":"Hexaghost","floor":16.0,"turns":7.0},{"damage":9.0,"enemies":"Chosen","floor":18.0,"turns":4.0},{"damage":19.0,"enemies":"Shell Parasite","floor":20.0,"turns":4.0},{"damage":21.0,"enemies":"3 Cultists","floor":21.0,"turns":3.0},{"damage":24.0,"enemies":"Centurion and Healer","floor":22.0,"turns":4.0},{"damage":22.0,"enemies":"Gremlin Leader","floor":23.0,"turns":5.0},{"damage":34.0,"enemies":"Slavers","floor":25.0,"turns":4.0},{"damage":11.0,"enemies":"Chosen and Byrds","floor":28.0,"turns":2.0},{"damage":34,"enemies":"Gremlin Leader","floor":30,"turns":4},{"damage":12,"enemies":"Snake Plant","floor":31,"turns":2},{"damage":41,"enemies":"Automaton","floor":33,"turns":5},{"damage":9,"enemies":"Orb Walker","floor":35,"turns":3},{"damage":19,"enemies":"3 Shapes","floor":36,"turns":4},{"damage":34,"enemies":"Giant Head","floor":41,"turns":4},{"damage":22,"enemies":"Reptomancer","floor":44,"turns":3},{"damage":32,"enemies":"Nemesis","floor":47,"turns":3},{"damage":67,"enemies":"Awakened One","floor":50,"turns":4}],"seed_played":"-8831582424723688840","potions_obtained":[{"floor":1.0,"key":"Block Potion"},{"floor":6.0,"key":"Swift Potion"},{"floor":8.0,"key":"Energy Potion"},{"floor":16.0,"key":"SpeedPotion"},{"floor":21.0,"key":"Regen Potion"},{"floor":25.0,"key":"Poison Potion"},{"floor":28.0,"key":"SteroidPotion"},{"floor":30,"key":"Block Potion"},{"floor":33,"key":"EssenceOfSteel"},{"floor":36,"key":"EssenceOfSteel"},{"floor":41,"key":"GamblersBrew"}],"is_trial":false,"path_per_floor":["M","M","M","M","$","E","R","E","T","R","M","M","M","M","R","B",null,"M","?","M","M","M","E","R","E","T","R","M","R","E","M","R","B",null,"M","M","$","$","?","R","E","?","T","E","R","?","E","$","R","B",null],"character_chosen":"IRONCLAD","items_purchased":["Metallicize","Shrug It Off","Ornamental Fan","Shrug It Off","Pommel Strike+1","WingedGreaves","Omamori","Bloodletting+1"],"campfire_rested":4,"item_purchase_floors":[5,5,37,37,37,37,38,48],"current_hp_per_floor":[64,69,75,75,75,44,44,27,27,27,31,29,29,26,48,41,67,74,74,70,66,48,41,41,45,45,45,42,42,29,25,47,14,60,65,75,75,75,75,75,47,47,47,33,55,48,24,24,46,39],"gold":10,"neow_bonus":"TRANSFORM_CARD","is_prod":false,"is_daily":false,"chose_seed":false,"campfire_upgraded":6,"win_rate":0,"timestamp":1551574779,"path_taken":["M","M","M","M","$","E","R","E","T","R","M","M","M","M","R","BOSS","M","?","?","M","M","E","R","E","T","R","M","R","E","M","R","BOSS","M","M","$","$","?","R","E","?","T","E","R","?","E","$","R","BOSS"],"build_version":"2019-01-23","purchased_purges":2,"victory":true,"max_hp_per_floor":[75,75,75,75,75,75,75,75,75,75,75,75,75,75,75,75,75,75,75,75,75,75,75,75,75,75,75,75,75,75,75,75,75,75,75,75,75,75,75,75,75,75,75,75,75,75,75,75,75,75],"card_choices":[{"not_picked":["Blood for Blood","Flex"],"picked":"Pommel Strike","floor":1.0},{"not_picked":["Warcry","Heavy Blade"],"picked":"Sword Boomerang","floor":2.0},{"not_picked":["Pommel Strike","Inflame"],"picked":"Thunderclap","floor":3.0},{"not_picked":["Wild Strike","Warcry"],"picked":"Pummel","floor":4.0},{"not_picked":["Iron Wave","Clash"],"picked":"Headbutt","floor":6.0},{"not_picked":["Warcry","True Grit"],"picked":"Shockwave","floor":8.0},{"not_picked":["Pommel Strike+1","Power Through"],"picked":"Bloodletting","floor":11.0},{"not_picked":["Battle Trance","Twin Strike+1"],"picked":"Blood for Blood+1","floor":12.0},{"not_picked":["Havoc","Shrug It Off"],"picked":"Offering","floor":13.0},{"not_picked":["Clothesline+1","True Grit"],"picked":"Perfected Strike+1","floor":14.0},{"not_picked":["Feed+1","Immolate+1"],"picked":"Reaper+1","floor":16.0},{"not_picked":["Twin Strike+1","Clothesline+1"],"picked":"Pommel Strike+1","floor":18.0},{"not_picked":["Anger+1","Sword Boomerang+1"],"picked":"Limit Break","floor":20.0},{"not_picked":["Headbutt+1","Sword Boomerang+1"],"picked":"Shrug It Off","floor":21.0},{"not_picked":["Hemokinesis+1","Headbutt+1"],"picked":"Brutality","floor":22.0},{"not_picked":["Immolate+1","Clothesline+1"],"picked":"Offering","floor":23.0},{"not_picked":["Havoc","Clash+1"],"picked":"Twin Strike+1","floor":25.0},{"not_picked":["Fire Breathing","Clothesline+1","Warcry","Thunderclap+1"],"picked":"SKIP","floor":28.0},{"not_picked":["Thunderclap+1","Entrench","Armaments"],"picked":"Intimidate+1","floor":30},{"not_picked":["Clash+1","Headbutt+1","Blood for Blood+1"],"picked":"Bloodletting+1","floor":31},{"not_picked":["Feed+1","Brutality","Double Tap"],"picked":"Demon Form","floor":33},{"not_picked":["Sentinel+1","Thunderclap+1","Body Slam+1"],"picked":"Cleave+1","floor":35},{"not_picked":["Clash+1","Warcry","Clothesline+1"],"picked":"Demon Form","floor":36},{"not_picked":["Havoc","Clash+1","True Grit"],"picked":"Exhume","floor":41},{"not_picked":["Warcry+1","Anger+1","Sword Boomerang+1"],"picked":"Limit Break","floor":44},{"not_picked":["Iron Wave+1","Clothesline+1","Havoc+1"],"picked":"Double Tap+1","floor":47}],"player_experience":2323507,"relics_obtained":[{"floor":6.0,"key":"Old Coin"},{"floor":8.0,"key":"Vajra"},{"floor":9.0,"key":"Molten Egg 2"},{"floor":23.0,"key":"Blood Vial"},{"floor":25.0,"key":"Pen Nib"},{"floor":26.0,"key":"Question Card"},{"floor":30,"key":"Bottled Tornado"},{"floor":41,"key":"Sundial"},{"floor":43,"key":"Gremlin Horn"},{"floor":44,"key":"Toxic Egg 2"},{"floor":47,"key":"Blue Candle"}],"event_choices":[{"damage_healed":0.0,"max_hp_gain":0.0,"max_hp_loss":0.0,"gold_gain":0.0,"event_name":"N\u0027loth","player_choice":"Traded Relic","floor":19.0,"relics_lost":["Old Coin"],"gold_loss":0.0,"damage_taken":0.0,"relics_obtained":["Nloth\u0027s Gift"]},{"damage_healed":0,"gold_gain":0,"player_choice":"Paid","damage_taken":0,"relics_obtained":["Red Mask"],"max_hp_gain":0,"max_hp_loss":0,"event_name":"Tomb of Lord Red Mask","floor":39,"gold_loss":11},{"damage_healed":0,"gold_gain":0,"player_choice":"Memory 1","damage_taken":0,"max_hp_gain":0,"max_hp_loss":0,"event_name":"SensoryStone","floor":42,"gold_loss":0},{"damage_healed":0,"gold_gain":50,"player_choice":"Touch","damage_taken":7,"max_hp_gain":0,"max_hp_loss":0,"event_name":"FaceTrader","floor":46,"gold_loss":0}],"is_beta":false,"boss_relics":[{"not_picked":["Pandora\u0027s Box","Lizard Tail"],"picked":"Cursed Key"},{"not_picked":["Philosopher\u0027s Stone","Calling Bell"],"picked":"Empty Cage"}],"items_purged_floors":[37,48],"is_endless":false,"potions_floor_spawned":[1,6,8,16,21,25,28,30,33,36,41],"ascension_level":15}