{"gold_per_floor":[19,19,19,35,54,84,96,127,166,178,190,217,229,256,268,384,396,422,434,462,474,486],"floor_reached":22,"playtime":2101,"items_purged":[],"score":211,"play_id":"0e52460f-8237-4c5e-a777-a3fcbe4d07a2","local_time":"20181106191010","is_ascension_mode":false,"campfire_choices":[{"floor":11,"key":"REST"},{"data":"Outmaneuver","floor":13,"key":"SMITH"},{"floor":15,"key":"REST"}],"neow_cost":"NO_GOLD","seed_source_timestamp":381527479891598,"circlet_count":0,"master_deck":["Defend_G","Defend_G","Defend_G","Defend_G","Defend_G","Strike_G","Strike_G","Strike_G","Strike_G","Strike_G","Survivor","Neutralize+1","Dagger Spray","Poisoned Stab","Cloak And Dagger","Prepared","Outmaneuver+1","Cloak And Dagger","Bane","Flying Knee","Backflip","Backflip","PiercingWail+1"],"relics":["Ring of the Snake","Dream Catcher","MawBank","Potion Belt","Black Star"],"potions_floor_usage":[6,16,18,22,22],"damage_taken":[{"damage":2,"enemies":"Small Slimes","floor":1,"turns":6},{"damage":0,"enemies":"2 Louse","floor":4,"turns":2},{"damage":0,"enemies":"Cultist","floor":5,"turns":4},{"damage":29,"enemies":"3 Sentries","floor":6,"turns":11},{"damage":7,"enemies":"Exordium Thugs","floor":8,"turns":4},{"damage":5,"enemies":"Blue Slaver","floor":12,"turns":4},{"damage":0,"enemies":"3 Louse","floor":14,"turns":4},{"damage":57,"enemies":"Hexaghost","floor":16,"turns":16},{"damage":16,"enemies":"Shell Parasite","floor":18,"turns":12},{"damage":8,"enemies":"3 Byrds","floor":20,"turns":8},{"damage":60,"enemies":"Centurion and Healer","floor":22,"turns":20}],"seed_played":"153451656742203794","potions_obtained":[{"floor":4,"key":"FairyPotion"},{"floor":5,"key":"Poison Potion"},{"floor":12,"key":"GhostInAJar"},{"floor":14,"key":"EssenceOfSteel"},{"floor":16,"key":"EssenceOfSteel"},{"floor":20,"key":"EssenceOfSteel"}],"is_trial":false,"path_per_floor":["M","?","?","M","M","E","?","M","T","?","R","M","R","M","R","B",null,"M","$","M","?","M"],"character_chosen":"THE_SILENT","items_purchased":[],"campfire_rested":2,"item_purchase_floors":[],"current_hp_per_floor":[82,70,70,70,70,41,41,34,34,34,59,54,54,54,79,22,84,68,68,60,44,0],"gold":486,"neow_bonus":"TWENTY_PERCENT_HP_BONUS","is_prod":false,"is_daily":false,"chose_seed":false,"campfire_upgraded":1,"win_rate":0,"timestamp":1541549410,"path_taken":["M","?","?","M","M","E","?","M","T","?","R","M","R","?","R","BOSS","M","$","M","?","M"],"build_version":"2018-11-01","purchased_purges":0,"victory":false,"max_hp_per_floor":[84,84,84,84,84,84,84,84,84,84,84,84,84,84,84,84,84,84,84,84,89,89],"card_choices":[{"not_picked":["Poisoned Stab","Calculated Gamble"],"picked":"Dagger Spray","floor":1},{"not_picked":["Acrobatics","Skewer","Concentrate"],"picked":"SKIP","floor":4},{"not_picked":["Footwork","Well Laid Plans"],"picked":"Poisoned Stab","floor":5},{"not_picked":["Acrobatics","Prepared"],"picked":"Cloak And Dagger","floor":6},{"not_picked":["Reflex","Expertise"],"picked":"Prepared","floor":8},{"not_picked":["Backflip","Catalyst"],"picked":"Cloak And Dagger","floor":11},{"not_picked":["Deflect","Noxious Fumes"],"picked":"Bane","floor":12},{"not_picked":["Dagger Spray","Masterful Stab"],"picked":"Flying Knee","floor":14},{"not_picked":["Setup","Well Laid Plans"],"picked":"Backflip","floor":15},{"not_picked":["Deflect","Concentrate+1"],"picked":"Backflip","floor":18},{"not_picked":["Bane","Bouncing Flask+1"],"picked":"PiercingWail+1","floor":20}],"player_experience":1931166,"relics_obtained":[{"floor":6,"key":"MawBank"},{"floor":9,"key":"Potion Belt"}],"event_choices":[{"damage_healed":0,"gold_gain":0,"player_choice":"Success","damage_taken":12,"relics_obtained":["Dream Catcher"],"max_hp_gain":0,"max_hp_loss":0,"event_name":"Scrap Ooze","floor":2,"gold_loss":0},{"damage_healed":0,"gold_gain":0,"player_choice":"Leave","damage_taken":0,"max_hp_gain":0,"max_hp_loss":0,"event_name":"The Cleric","floor":3,"gold_loss":0},{"damage_healed":0,"gold_gain":0,"player_choice":"Grow","damage_taken":0,"max_hp_gain":0,"max_hp_loss":0,"event_name":"Living Wall","floor":7,"gold_loss":0,"cards_upgraded":["Neutralize"]},{"damage_healed":0,"gold_gain":0,"player_choice":"1 cards matched","damage_taken":0,"max_hp_gain":0,"max_hp_loss":0,"event_name":"Match and Keep!","floor":10,"gold_loss":0,"cards_obtained":["Outmaneuver"]},{"damage_healed":0,"gold_gain":0,"player_choice":"Shed Blood","damage_taken":21,"max_hp_gain":5,"max_hp_loss":0,"event_name":"Forgotten Altar","floor":21,"gold_loss":0}],"is_beta":false,"boss_relics":[{"not_picked":["Runic Dome","Sozu"],"picked":"Black Star"}],"items_purged_floors":[],"is_endless":false,"potions_floor_spawned":[4,5,12,14,16,20],"killed_by":"Centurion and Healer","ascension_level":0}