{"gold_per_floor":[115,135,151,151,43,43,53,64,91,91,125,125,140,153,153,250,250,264,264,278,76,76,76],"floor_reached":23,"playtime":1808,"items_purged":["Strike_B"],"score":304,"play_id":"f7a2d696-09b2-464c-acce-c889bed9486b","local_time":"20180815173324","is_ascension_mode":true,"campfire_choices":[{"data":"Go for the Eyes","floor":6,"key":"SMITH"},{"floor":10,"key":"REST"},{"floor":12,"key":"REST"},{"data":"Creative AI","floor":15,"key":"SMITH"}],"neow_cost":"NONE","seed_source_timestamp":121475639384554,"circlet_count":0,"master_deck":["Strike_B","Strike_B+1","Defend_B","Defend_B+1","Defend_B","Defend_B","Zap","Dualcast","Chaos","Rebound","Go for the Eyes+1","Conserve Battery","Melter","FTL","BootSequence","Sunder+1","Creative AI+1","Reinforced Body","Biased Cognition","Heatsinks+1","Aggregate+1","Apotheosis","Writhe"],"relics":["Cracked Core","Lantern","Happy Flower","Inserter","Ancient Tea Set"],"potions_floor_usage":[2,18,23,23],"damage_taken":[{"damage":0,"enemies":"Cultist","floor":1,"turns":3},{"damage":7,"enemies":"Small Slimes","floor":2,"turns":2},{"damage":0,"enemies":"2 Louse","floor":3,"turns":2},{"damage":12,"enemies":"Lots of Slimes","floor":7,"turns":4},{"damage":1,"enemies":"Exordium Wildlife","floor":8,"turns":3},{"damage":14,"enemies":"Lagavulin","floor":11,"turns":6},{"damage":1,"enemies":"Looter","floor":13,"turns":2},{"damage":0,"enemies":"Gremlin Gang","floor":14,"turns":4},{"damage":0,"enemies":"Slime Boss","floor":16,"turns":8},{"damage":16,"enemies":"3 Byrds","floor":18,"turns":6},{"damage":2,"enemies":"Chosen","floor":20,"turns":4},{"damage":61,"enemies":"Slavers","floor":23,"turns":4}],"seed_played":"7775432042200366344","potions_obtained":[{"floor":1,"key":"Strength Potion"},{"floor":11,"key":"FocusPotion"},{"floor":16,"key":"PowerPotion"},{"floor":20,"key":"GamblersBrew"}],"is_trial":false,"path_per_floor":["M","M","M","?","$","R","M","M","T","R","E","R","M","M","R","B",null,"M","?","M","$","?"],"character_chosen":"DEFECT","items_purchased":["Melter","Apotheosis"],"campfire_rested":2,"item_purchase_floors":[5,21],"current_hp_per_floor":[75,68,68,53,53,53,41,40,40,62,48,70,69,69,69,69,74,58,58,56,56,56,0],"gold":76,"neow_bonus":"TRANSFORM_CARD","is_prod":false,"is_daily":false,"chose_seed":false,"campfire_upgraded":2,"win_rate":0,"timestamp":1534368804,"path_taken":["M","?","M","?","?","R","M","M","T","R","E","R","M","M","R","BOSS","M","?","?","$","?","E"],"build_version":"2018-08-09","purchased_purges":1,"victory":false,"max_hp_per_floor":[75,75,75,75,75,75,75,75,75,75,75,75,75,75,75,75,75,75,75,75,75,75,75],"card_choices":[{"not_picked":["Hello World","Storm"],"picked":"Rebound","floor":1},{"not_picked":["Chaos","Steam"],"picked":"Go for the Eyes","floor":2},{"not_picked":["Stack","Coolheaded"],"picked":"Conserve Battery","floor":3},{"not_picked":["Rip and Tear","Coolheaded"],"picked":"FTL","floor":7},{"not_picked":["Glacier","Force Field"],"picked":"BootSequence","floor":8},{"not_picked":["Steam","Consume"],"picked":"Sunder","floor":11},{"not_picked":["Redo","Turbo"],"picked":"Creative AI","floor":13},{"not_picked":["Hello World","Recycle"],"picked":"Reinforced Body","floor":14},{"not_picked":["Creative AI","Rainbow"],"picked":"Biased Cognition","floor":16},{"not_picked":["Leap","Compile Driver+1"],"picked":"Heatsinks+1","floor":18},{"not_picked":["Heatsinks","Scrape"],"picked":"Aggregate+1","floor":20}],"player_experience":1529143,"relics_obtained":[{"floor":9,"key":"Lantern"},{"floor":11,"key":"Happy Flower"}],"event_choices":[{"event_name":"Shining Light","player_choice":"Entered Light","floor":4,"damage_taken":0},{"event_name":"Upgrade Shrine","player_choice":"Upgraded","floor":19,"damage_taken":0},{"event_name":"The Mausoleum","player_choice":"Yes","floor":22,"damage_taken":0}],"is_beta":false,"boss_relics":[{"not_picked":["Snecko Eye","White Beast Statue"],"picked":"Inserter"}],"items_purged_floors":[5],"is_endless":false,"potions_floor_spawned":[1,11,16,20],"killed_by":"Slavers","ascension_level":5}