{"gold_per_floor":[119,130,130,143,98,98,131,131,131,164,164,180,9,21,21,124,124,134,134,37,52,52,52,81,111,137,170,184,184],"floor_reached":29,"playtime":2301,"items_purged":[],"score":385,"play_id":"511b93f7-c0aa-446c-bfca-f5d0ed081dc0","local_time":"20180819164617","is_ascension_mode":true,"campfire_choices":[{"data":"Anger","floor":6,"key":"SMITH"},{"data":"Metallicize","floor":8,"key":"SMITH"},{"data":"Armaments","floor":11,"key":"SMITH"},{"data":"Dual Wield","floor":15,"key":"SMITH"},{"data":"Demon Form","floor":23,"key":"SMITH"},{"floor":25,"key":"DIG"}],"neow_cost":"NONE","seed_source_timestamp":148217878640782,"circlet_count":0,"master_deck":["Strike_R","Strike_R","Strike_R","Strike_R","Strike_R","Defend_R","Defend_R","Defend_R","Defend_R","Bash+1","Anger+1","Seeing Red","Metallicize+1","Clash","Offering","Armaments+1","Pommel Strike","Dual Wield+1","Shrug It Off+1","Fire Breathing","Headbutt","Demon Form+1","Clothesline","Combust","Corruption","Flex+1","Headbutt+1","Dark Embrace","Clash+1","Combust"],"relics":["Burning Blood","Ornamental Fan","Anchor","Question Card","Mummified Hand","Runic Pyramid","Shovel","Tiny Chest","War Paint","Happy Flower"],"potions_floor_usage":[18,24,27,27,29],"damage_taken":[{"damage":1,"enemies":"Cultist","floor":1,"turns":3},{"damage":5,"enemies":"2 Louse","floor":2,"turns":2},{"damage":7,"enemies":"Small Slimes","floor":4,"turns":4},{"damage":14,"enemies":"3 Sentries","floor":7,"turns":7},{"damage":6,"enemies":"Gremlin Nob","floor":10,"turns":3},{"damage":0,"enemies":"Exordium Wildlife","floor":12,"turns":3},{"damage":0,"enemies":"Gremlin Gang","floor":14,"turns":4},{"damage":13,"enemies":"Slime Boss","floor":16,"turns":11},{"damage":6,"enemies":"Shell Parasite","floor":18,"turns":3},{"damage":6,"enemies":"Chosen","floor":21,"turns":3},{"damage":21,"enemies":"Gremlin Leader","floor":24,"turns":5},{"damage":40,"enemies":"Book of Stabbing","floor":27,"turns":4},{"damage":21,"enemies":"Centurion and Healer","floor":28,"turns":5},{"damage":28,"enemies":"Snake Plant","floor":29,"turns":2}],"seed_played":"-580155666590215522","potions_obtained":[{"floor":2,"key":"BloodPotion"},{"floor":4,"key":"Dexterity Potion"},{"floor":12,"key":"LiquidBronze"},{"floor":16,"key":"Explosive Potion"},{"floor":18,"key":"Block Potion"},{"floor":24,"key":"BloodPotion"},{"floor":28,"key":"Poison Potion"}],"is_trial":false,"path_per_floor":["M","M","?","M","$","R","E","R","T","E","R","M","$","M","R","B",null,"M","?","$","M","?","R","E","R","T","E","M"],"character_chosen":"IRONCLAD","items_purchased":["Clash","Dual Wield","Shrug It Off","Fire Breathing","Corruption","Flex"],"campfire_rested":0,"item_purchase_floors":[5,13,13,13,20,20],"current_hp_per_floor":[77,78,66,65,65,65,57,57,57,57,57,63,63,69,69,62,76,76,76,76,76,76,76,61,61,61,43,28,0],"gold":184,"neow_bonus":"UPGRADE_CARD","is_prod":false,"is_daily":false,"chose_seed":false,"campfire_upgraded":5,"win_rate":0,"timestamp":1534711577,"path_taken":["M","?","?","?","?","R","E","R","T","E","R","M","$","M","R","BOSS","M","?","$","M","?","R","E","R","T","E","M","M"],"build_version":"2018-08-09","purchased_purges":0,"victory":false,"max_hp_per_floor":[80,80,80,80,80,80,80,80,80,80,80,80,80,80,80,80,80,80,80,80,80,80,80,80,80,80,80,80,80],"card_choices":[{"not_picked":["Pommel Strike","Twin Strike"],"picked":"Anger","floor":1},{"not_picked":["Whirlwind","Cleave"],"picked":"Seeing Red","floor":2},{"not_picked":["True Grit","Headbutt"],"picked":"Metallicize","floor":4},{"not_picked":["Dark Embrace","Sentinel"],"picked":"Offering","floor":7},{"not_picked":["Burning Pact","Uppercut","Heavy Blade"],"picked":"Armaments","floor":10},{"not_picked":["Anger","Headbutt","Iron Wave"],"picked":"Pommel Strike","floor":12},{"not_picked":["Perfected Strike","Havoc","Sword Boomerang"],"picked":"Headbutt","floor":14},{"not_picked":["Limit Break","Fiend Fire","Immolate"],"picked":"Demon Form","floor":16},{"not_picked":["Sword Boomerang","Shrug It Off","Iron Wave"],"picked":"Clothesline","floor":18},{"not_picked":["Perfected Strike","Clothesline+1","Thunderclap"],"picked":"Headbutt+1","floor":21},{"not_picked":["Armaments","True Grit","Sword Boomerang"],"picked":"Dark Embrace","floor":24},{"not_picked":["Cleave","Heavy Blade","Iron Wave+1"],"picked":"Clash+1","floor":27},{"not_picked":["Headbutt","Ghostly Armor","Disarm"],"picked":"Combust","floor":28}],"player_experience":1551954,"relics_obtained":[{"floor":7,"key":"Anchor"},{"floor":9,"key":"Question Card"},{"floor":10,"key":"Mummified Hand"},{"floor":24,"key":"Shovel"},{"floor":25,"key":"Tiny Chest"},{"floor":26,"key":"War Paint"},{"floor":27,"key":"Happy Flower"}],"event_choices":[{"event_name":"Scrap Ooze","player_choice":"success","floor":3,"damage_taken":12},{"event_name":"The Library","player_choice":"Read","floor":19,"damage_taken":0},{"event_name":"Drug Dealer","player_choice":"Ignored","floor":22,"damage_taken":0}],"is_beta":false,"boss_relics":[{"not_picked":["Calling Bell","Eternal Feather"],"picked":"Runic Pyramid"}],"items_purged_floors":[],"is_endless":false,"potions_floor_spawned":[2,4,12,16,18,24,28],"killed_by":"Snake Plant","ascension_level":6}