{"path_per_floor":["M","$","?","M","M","R","M","R","T","?","$","R","M","?","R","B",null,"M","M","?","?","M","R","$","?","T","R","M","M","M","M","R"],"character_chosen":"THE_SILENT","items_purchased":["Noxious Fumes","Tools of the Trade"],"gold_per_floor":[10,10,0,14,33,33,45,45,45,45,8,8,20,82,82,183,183,171,183,98,98,118,118,37,37,83,83,99,113,132,147,147],"floor_reached":33,"campfire_rested":4,"playtime":5859,"current_hp_per_floor":[70,70,70,64,62,62,44,44,44,2,2,38,35,35,70,44,70,61,52,52,52,35,70,70,70,70,70,59,52,18,7,43],"items_purged":[],"gold":147,"play_id":"e657ee9f-fef6-4435-b850-5fbb9af3c0ef","is_prod":false,"is_daily":false,"is_ascension_mode":false,"campfire_upgraded":3,"path_taken":["M","$","?","?","?","R","M","R","T","?","?","R","?","?","R","BOSS","M","M","?","?","?","R","$","?","T","R","M","?","M","M","R","BOSS"],"build_version":"2018-02-01-PROD3","purchased_purges":0,"victory":false,"master_deck":["Defend_G","Defend_G","Defend_G","Defend_G","Defend_G","Strike_G","Strike_G","Strike_G","Strike_G","Strike_G","Survivor","Neutralize","After Image","Crippling Poison+1","Sucker Punch","Caltrops","Adrenaline+1","Noxious Fumes","Masterful Stab","Doppelganger","Finisher","PiercingWail","Dramatic Entrance","Neutralize","Catalyst+1","Tools of the Trade","Envenom+1","Backflip","Bane+1","Well Laid Plans","Backflip"],"max_hp_per_floor":[70,70,70,70,70,70,70,70,70,70,70,70,70,70,70,70,70,70,70,70,70,70,70,70,70,70,70,70,70,70,70,70],"relics":["Ring of the Snake","Gambling Chip","Regal Pillow","Lizard Tail","Darkstone Periapt","Pen Nib"],"card_choices":[{"not_picked":["Night Terror","Tools of the Trade"],"picked":"After Image"},{"not_picked":["Acrobatics","Deflect"],"picked":"Crippling Poison"},{"not_picked":["Slice","Footwork"],"picked":"Sucker Punch"},{"not_picked":["Eviscerate","Dagger Spray"],"picked":"Caltrops"},{"not_picked":["Infinite Blades","Slice"],"picked":"Adrenaline"},{"not_picked":["Slice","Dagger Spray"],"picked":"Masterful Stab"},{"not_picked":["Bullet Time","Phantasmal Killer"],"picked":"Doppelganger"},{"not_picked":["Masterful Stab","Acrobatics"],"picked":"Finisher"},{"not_picked":["Prepared","Flying Knee"],"picked":"PiercingWail"},{"not_picked":["Bane","Poisoned Stab"],"picked":"Catalyst"},{"not_picked":["Dagger Throw","Acrobatics"],"picked":"Backflip"},{"not_picked":["Eviscerate","Calculated Gamble"],"picked":"Bane"},{"not_picked":["Eviscerate","Caltrops"],"picked":"Well Laid Plans"},{"not_picked":["Deadly Poison","Poisoned Stab"],"picked":"Backflip"}],"player_experience":56620,"potions_floor_usage":[31],"damage_taken":[{"damage":0,"enemies":"Cultist","floor":1,"turns":6},{"damage":6,"enemies":"Small Slimes","floor":4,"turns":6},{"damage":2,"enemies":"Blue Slaver","floor":5,"turns":7},{"damage":18,"enemies":"Gremlin Gang","floor":7,"turns":7},{"damage":3,"enemies":"Exordium Wildlife","floor":13,"turns":3},{"damage":26,"enemies":"Hexaghost","floor":16,"turns":10},{"damage":9,"enemies":"2 Thieves","floor":18,"turns":4},{"damage":9,"enemies":"Spheric Guardian","floor":19,"turns":5},{"damage":60,"enemies":"Cultist and Chosen","floor":22,"turns":7},{"damage":11,"enemies":"Centurion and Healer","floor":28,"turns":7},{"damage":7,"enemies":"Snecko","floor":29,"turns":5},{"damage":34,"enemies":"Sentry and Sphere","floor":30,"turns":8},{"damage":11,"enemies":"Centurion and Healer","floor":31,"turns":5},{"damage":50,"enemies":"Collector","floor":33,"turns":3}],"event_choices":[{"event_name":"World of Goop","player_choice":"Left","floor":3,"damage_taken":0},{"event_name":"Scrap Ooze","player_choice":"success","floor":10,"damage_taken":42},{"event_name":"Golden Wing","player_choice":"Gained Gold","floor":14,"damage_taken":0},{"event_name":"Addict","player_choice":"Obtained Relic","floor":20,"damage_taken":0},{"event_name":"Match and Keep!","player_choice":"2 cards matched","floor":21,"damage_taken":0},{"event_name":"The Library","player_choice":"Read","floor":25,"damage_taken":0}],"boss_relics":[{"not_picked":["Philosopher\u0027s Stone","Velvet Choker"],"picked":"Lizard Tail"}],"potions_floor_spawned":[4,13,19,22,28,29],"seed_played":"1421095820702373625","killed_by":"Collector","ascension_level":0,"is_trial":false}