{"gold_per_floor":[116,135,66,86,86,86,126,126,126,126,157,157,157,171,171,295,295,309,309,183,198,198,198,219,219,246,262,262,295,311,311,311,435,435,454,475,475],"floor_reached":37,"playtime":2158,"items_purged":["Strike_G"],"score":417,"play_id":"46c7a1d4-e2af-42ec-82c8-25089855a7ae","local_time":"20191020133812","is_ascension_mode":true,"campfire_choices":[{"data":"After Image","floor":6,"key":"SMITH"},{"data":"Well Laid Plans","floor":8,"key":"SMITH"},{"data":"Neutralize","floor":10,"key":"SMITH"},{"data":"Noxious Fumes","floor":12,"key":"SMITH"},{"data":"Terror","floor":15,"key":"SMITH"},{"data":"Blade Dance","floor":23,"key":"SMITH"},{"data":"Acrobatics","floor":25,"key":"SMITH"},{"data":"Sucker Punch","floor":28,"key":"SMITH"},{"data":"Sucker Punch","floor":32,"key":"SMITH"}],"neow_cost":"NONE","seed_source_timestamp":663962035539700,"circlet_count":0,"master_deck":["Strike_G","Strike_G","Defend_G","Defend_G","Defend_G","Defend_G","Defend_G","Survivor","Neutralize+1","After Image+1","Terror+1","Noxious Fumes+1","Well Laid Plans+1","Bouncing Flask","Sucker Punch+1","Sucker Punch+1","Grand Finale","Acrobatics+1","Corpse Explosion","Catalyst+1","Blade Dance+1","Crippling Poison","Bane+1","Unload","Backflip"],"relics":["Ring of the Serpent","Golden Idol","Ornamental Fan","Orichalcum","Centennial Puzzle","Eternal Feather","Mercury Hourglass","Juzu Bracelet","Shuriken"],"potions_floor_usage":[24],"damage_taken":[{"damage":2,"enemies":"Cultist","floor":1,"turns":5},{"damage":0,"enemies":"2 Louse","floor":2,"turns":5},{"damage":0,"enemies":"Jaw Worm","floor":4,"turns":5},{"damage":12,"enemies":"Lagavulin","floor":7,"turns":6},{"damage":24,"enemies":"3 Sentries","floor":11,"turns":7},{"damage":1,"enemies":"Red Slaver","floor":14,"turns":4},{"damage":7,"enemies":"Hexaghost","floor":16,"turns":10},{"damage":18,"enemies":"2 Thieves","floor":18,"turns":4},{"damage":2,"enemies":"Chosen","floor":21,"turns":5},{"damage":14,"enemies":"Shelled Parasite and Fungi","floor":24,"turns":3},{"damage":8,"enemies":"3 Cultists","floor":27,"turns":3},{"damage":12,"enemies":"Gremlin Leader","floor":29,"turns":5},{"damage":4,"enemies":"Centurion and Healer","floor":30,"turns":5},{"damage":22,"enemies":"Collector","floor":33,"turns":7},{"damage":23,"enemies":"3 Darklings","floor":35,"turns":4},{"damage":15,"enemies":"3 Shapes","floor":36,"turns":4},{"damage":28,"enemies":"Transient","floor":37,"turns":5}],"seed_played":"-3234852949599878310","potions_obtained":[{"floor":1,"key":"GamblersBrew"},{"floor":2,"key":"Ancient Potion"},{"floor":11,"key":"Strength Potion"},{"floor":24,"key":"Explosive Potion"},{"floor":35,"key":"FearPotion"}],"is_trial":false,"path_per_floor":["M","M","$","M","?","R","E","R","T","R","E","R","?","M","R","B",null,"M","?","$","M","?","R","M","R","T","M","R","E","M","?","R","B",null,"M","M","M"],"character_chosen":"THE_SILENT","items_purchased":["Well Laid Plans","PowerPotion"],"campfire_rested":0,"item_purchase_floors":[3,20],"current_hp_per_floor":[68,68,68,68,65,65,53,53,53,53,29,29,29,28,28,21,65,47,47,47,45,45,57,43,55,55,47,59,47,43,43,55,33,65,42,27,0],"gold":475,"neow_bonus":"ONE_RANDOM_RARE_CARD","is_prod":false,"is_daily":false,"chose_seed":false,"campfire_upgraded":9,"win_rate":0,"timestamp":1571549892,"path_taken":["M","?","$","M","?","R","E","R","T","R","E","R","?","M","R","BOSS","M","?","$","?","?","R","M","R","T","M","R","E","M","?","R","BOSS","M","M","M"],"build_version":"2019-07-17","purchased_purges":1,"victory":false,"max_hp_per_floor":[70,70,70,70,65,65,65,65,65,65,65,65,65,65,65,65,65,65,65,65,65,65,65,65,65,65,65,65,65,65,65,65,65,65,65,65,65],"card_choices":[{"not_picked":["Outmaneuver","Deadly Poison"],"picked":"Terror","floor":1},{"not_picked":["Setup","Prepared"],"picked":"Noxious Fumes","floor":2},{"not_picked":["Accuracy","Noxious Fumes"],"picked":"Bouncing Flask","floor":4},{"not_picked":["Acrobatics","PiercingWail"],"picked":"Sucker Punch","floor":7},{"not_picked":["Calculated Gamble","Underhanded Strike"],"picked":"Sucker Punch","floor":11},{"not_picked":["Grand Finale","Masterful Stab"],"picked":"Acrobatics","floor":14},{"not_picked":["Die Die Die","Tools of the Trade"],"picked":"Corpse Explosion","floor":16},{"not_picked":["Finisher","Concentrate"],"picked":"Catalyst","floor":18},{"not_picked":["Flying Knee","Deflect"],"picked":"Blade Dance","floor":21},{"not_picked":["Dagger Spray","PiercingWail"],"picked":"Crippling Poison","floor":24},{"not_picked":["Dagger Throw+1","Choke+1"],"picked":"Bane+1","floor":27},{"not_picked":["Tactician","Riddle With Holes","Die Die Die"],"picked":"SKIP","floor":29},{"not_picked":["PiercingWail","Bouncing Flask","Prepared"],"picked":"SKIP","floor":30},{"not_picked":["Grand Finale","Tools of the Trade"],"picked":"Unload","floor":33},{"not_picked":["Poisoned Stab","Deflect+1","Deadly Poison+1"],"picked":"SKIP","floor":35},{"not_picked":["Sucker Punch+1","Prepared"],"picked":"Backflip","floor":36}],"player_experience":218718,"relics_obtained":[{"floor":7,"key":"Ornamental Fan"},{"floor":9,"key":"Orichalcum"},{"floor":11,"key":"Centennial Puzzle"},{"floor":26,"key":"Juzu Bracelet"},{"floor":29,"key":"Shuriken"}],"event_choices":[{"damage_healed":0,"gold_gain":0,"player_choice":"Lose Max HP","damage_taken":0,"relics_obtained":["Golden Idol"],"max_hp_gain":0,"max_hp_loss":5,"event_name":"Golden Idol","floor":5,"gold_loss":0},{"damage_healed":0,"gold_gain":0,"cards_transformed":["Strike_G"],"player_choice":"Transformed","damage_taken":0,"max_hp_gain":0,"max_hp_loss":0,"event_name":"Transmorgrifier","floor":13,"gold_loss":0,"cards_obtained":["Grand Finale"]},{"damage_healed":0,"gold_gain":0,"player_choice":"Gave Potion","damage_taken":0,"relics_obtained":["Mercury Hourglass"],"max_hp_gain":0,"max_hp_loss":0,"event_name":"WeMeetAgain","floor":19,"gold_loss":0},{"cards_removed":["Strike_G"],"damage_healed":0,"gold_gain":0,"player_choice":"Elegance","damage_taken":0,"max_hp_gain":0,"max_hp_loss":0,"event_name":"Back to Basics","floor":22,"gold_loss":0},{"damage_healed":0,"gold_gain":0,"player_choice":"Upgraded","damage_taken":0,"max_hp_gain":0,"max_hp_loss":0,"event_name":"Upgrade Shrine","floor":31,"gold_loss":0,"cards_upgraded":["Catalyst"]}],"is_beta":false,"boss_relics":[{"not_picked":["Ectoplasm","Busted Crown"],"picked":"Eternal Feather"},{"not_picked":["Runic Dome","Tiny House"],"picked":"Ring of the Serpent"}],"items_purged_floors":[20],"is_endless":false,"potions_floor_spawned":[1,2,11,18,24,27,29,35],"killed_by":"Transient","ascension_level":1}