{"gold_per_floor":[115,115,115,127,138,138,173,173,244,261,0,0,29,43,43,145,195,210,15,29,29,29,29,29,39,39,39,50,50,0,19,19,19],"floor_reached":33,"playtime":1508,"items_purged":[],"score":306,"play_id":"e8c6fcfe-eb36-4a3b-b943-64520e35e90b","local_time":"20190816085647","is_ascension_mode":true,"campfire_choices":[{"data":"Dualcast","floor":6,"key":"SMITH"},{"data":"Gash","floor":8,"key":"SMITH"},{"data":"Melter","floor":12,"key":"SMITH"},{"floor":15,"key":"REST"},{"data":"1","floor":23,"key":"LIFT"},{"floor":27,"key":"REST"},{"floor":32,"key":"REST"}],"neow_cost":"NONE","seed_source_timestamp":274752708560888,"circlet_count":0,"master_deck":["Strike_B+1","Strike_B","Strike_B","Strike_B","Defend_B","Defend_B","Defend_B","Defend_B","Zap+1","Dualcast+1","Leap","Regret","Cold Snap","Stack","Gash+1","Chill","Melter+1","Self Repair","Redo","Dramatic Entrance+1","Hyperbeam","Streamline+1","Rainbow","Darkness","Lockon","Conserve Battery","Leap","Shame","Reinforced Body","Scrape","Chaos"],"relics":["Cracked Core","NeowsBlessing","Bag of Marbles","Pear","Blue Candle","Unceasing Top","Tiny House","Juzu Bracelet","Girya","Whetstone","Emotion Chip"],"potions_floor_usage":[7,16,18,25,28,28],"damage_taken":[{"damage":0,"enemies":"Small Slimes","floor":1,"turns":1},{"damage":0,"enemies":"2 Louse","floor":4,"turns":1},{"damage":0,"enemies":"Jaw Worm","floor":5,"turns":1},{"damage":5,"enemies":"Lagavulin","floor":7,"turns":6},{"damage":8,"enemies":"Large Slime","floor":10,"turns":7},{"damage":5,"enemies":"3 Sentries","floor":13,"turns":9},{"damage":18,"enemies":"Exordium Thugs","floor":14,"turns":3},{"damage":56,"enemies":"Hexaghost","floor":16,"turns":11},{"damage":11,"enemies":"Chosen","floor":18,"turns":4},{"damage":20,"enemies":"3 Byrds","floor":20,"turns":5},{"damage":44,"enemies":"Snake Plant","floor":25,"turns":3},{"damage":0,"enemies":"Cultist and Chosen","floor":28,"turns":3},{"damage":6,"enemies":"3 Cultists","floor":31,"turns":5},{"damage":84,"enemies":"Champ","floor":33,"turns":13}],"seed_played":"2111074365892367838","potions_obtained":[{"floor":5,"key":"Weak Potion"},{"floor":13,"key":"Weak Potion"},{"floor":16,"key":"Fire Potion"},{"floor":17,"key":"Ancient Potion"},{"floor":18,"key":"SpeedPotion"},{"floor":25,"key":"PowerPotion"}],"is_trial":false,"path_per_floor":["M","?","?","M","M","R","E","R","T","M","$","R","E","M","R","B",null,"M","$","M","?","$","R","?","M","T","R","M","?","?","M","R","B"],"character_chosen":"DEFECT","items_purchased":["Melter","Self Repair","Redo","Dramatic Entrance","Juzu Bracelet","Conserve Battery"],"campfire_rested":3,"item_purchase_floors":[11,11,11,11,19,19],"current_hp_per_floor":[75,75,75,75,75,75,80,80,80,72,72,72,74,63,85,36,90,86,86,73,73,73,73,55,18,18,46,46,46,46,47,75,0],"gold":19,"neow_bonus":"THREE_ENEMY_KILL","is_prod":false,"is_daily":false,"chose_seed":false,"campfire_upgraded":3,"win_rate":0,"timestamp":1565956607,"path_taken":["M","?","?","M","M","R","E","R","T","M","$","R","E","M","R","BOSS","M","$","M","?","$","R","?","M","T","R","M","?","?","M","R","BOSS"],"build_version":"2019-07-17","purchased_purges":0,"victory":false,"max_hp_per_floor":[75,75,75,75,75,75,85,85,85,85,85,85,85,85,85,85,90,90,90,90,90,90,90,95,95,95,95,95,95,95,95,95,95],"card_choices":[{"not_picked":["Barrage","White Noise"],"picked":"Leap","floor":1},{"not_picked":["Coolheaded","Beam Cell"],"picked":"Cold Snap","floor":4},{"not_picked":["Barrage","Coolheaded"],"picked":"Stack","floor":5},{"not_picked":["Storm","Seek"],"picked":"Gash","floor":7},{"not_picked":["Barrage","Go for the Eyes"],"picked":"Chill","floor":10},{"not_picked":["Stack","Hologram"],"picked":"Hyperbeam","floor":13},{"not_picked":["Conserve Battery","Compile Driver"],"picked":"Streamline","floor":14},{"not_picked":["Amplify","Creative AI"],"picked":"Rainbow","floor":16},{"not_picked":["Fusion","FTL"],"picked":"Darkness","floor":17},{"not_picked":["Reprogram+1","Turbo"],"picked":"Lockon","floor":18},{"not_picked":["Undo","Cold Snap"],"picked":"Leap","floor":20},{"not_picked":["FTL","Cold Snap"],"picked":"Reinforced Body","floor":25},{"not_picked":["Skim+1","Tempest"],"picked":"Scrape","floor":28},{"not_picked":["FTL","Barrage"],"picked":"Chaos","floor":31}],"player_experience":315362,"relics_obtained":[{"floor":7,"key":"Pear"},{"floor":9,"key":"Blue Candle"},{"floor":13,"key":"Unceasing Top"},{"floor":26,"key":"Whetstone"}],"event_choices":[{"damage_healed":0,"gold_gain":0,"player_choice":"Grow","damage_taken":0,"max_hp_gain":0,"max_hp_loss":0,"event_name":"Living Wall","floor":2,"gold_loss":0,"cards_upgraded":["Zap"]},{"damage_healed":0,"gold_gain":0,"player_choice":"Box","damage_taken":0,"relics_obtained":["Bag of Marbles"],"max_hp_gain":0,"max_hp_loss":0,"event_name":"Big Fish","floor":3,"gold_loss":0,"cards_obtained":["Regret"]},{"damage_healed":0,"gold_gain":0,"player_choice":"Stole Relic","damage_taken":0,"relics_obtained":["Girya"],"max_hp_gain":0,"max_hp_loss":0,"event_name":"Addict","floor":21,"gold_loss":0,"cards_obtained":["Shame"]},{"damage_healed":0,"gold_gain":0,"player_choice":"Shed Blood","damage_taken":23,"max_hp_gain":5,"max_hp_loss":0,"event_name":"Forgotten Altar","floor":24,"gold_loss":0},{"damage_healed":0,"gold_gain":0,"player_choice":"Ignored","damage_taken":0,"max_hp_gain":0,"max_hp_loss":0,"event_name":"Vampires","floor":29,"gold_loss":0},{"damage_healed":0,"gold_gain":0,"player_choice":"Paid Gold","damage_taken":0,"relics_obtained":["Emotion Chip"],"max_hp_gain":0,"max_hp_loss":0,"event_name":"WeMeetAgain","floor":30,"gold_loss":50}],"is_beta":false,"boss_relics":[{"not_picked":["Cursed Key","Pandora\u0027s Box"],"picked":"Tiny House"}],"items_purged_floors":[],"is_endless":false,"potions_floor_spawned":[5,13,16,18,25],"killed_by":"Champ","ascension_level":2}