{"gold_per_floor":[112,21,37,53,67,67,93,93,93,128,128,128,138,152,152,152],"floor_reached":16,"playtime":1014,"items_purged":[],"score":224,"play_id":"f085c0dc-5a81-4aca-a607-3a0802f4f99a","local_time":"20190806205537","is_ascension_mode":true,"campfire_choices":[{"data":"Double Tap","floor":6,"key":"SMITH"},{"data":"Sword Boomerang","floor":8,"key":"SMITH"},{"floor":11,"key":"REST"},{"data":"Inflame","floor":15,"key":"SMITH"}],"neow_cost":"NONE","seed_source_timestamp":557238411453672,"circlet_count":0,"master_deck":["AscendersBane","Strike_R","Strike_R","Strike_R","Strike_R","Defend_R","Defend_R","Defend_R","Defend_R","Bash","Double Tap+1","Sever Soul","Pummel","Sword Boomerang+1","Shockwave","Whirlwind","Inflame+1","Ghostly Armor","Anger","Anger"],"relics":["Burning Blood","Thread and Needle","Shuriken","Singing Bowl"],"potions_floor_usage":[7,7],"damage_taken":[{"damage":1,"enemies":"Cultist","floor":1,"turns":3},{"damage":7,"enemies":"Jaw Worm","floor":3,"turns":3},{"damage":3,"enemies":"2 Louse","floor":4,"turns":3},{"damage":25,"enemies":"Large Slime","floor":5,"turns":5},{"damage":15,"enemies":"Lagavulin","floor":7,"turns":5},{"damage":25,"enemies":"3 Sentries","floor":10,"turns":9},{"damage":5,"enemies":"Exordium Wildlife","floor":13,"turns":3},{"damage":2,"enemies":"3 Louse","floor":14,"turns":3},{"damage":54,"enemies":"The Guardian","floor":16,"turns":10}],"seed_played":"2008287684614049922","potions_obtained":[{"floor":1,"key":"Poison Potion"},{"floor":3,"key":"Explosive Potion"}],"is_trial":false,"path_per_floor":["M","$","M","M","M","R","E","R","T","E","R","?","M","M","R","B"],"character_chosen":"IRONCLAD","items_purchased":["Pummel","Sword Boomerang"],"campfire_rested":1,"item_purchase_floors":[2,2],"current_hp_per_floor":[73,73,72,75,56,56,47,47,47,30,53,46,47,51,51,0],"gold":152,"neow_bonus":"ONE_RANDOM_RARE_CARD","is_prod":false,"is_daily":false,"chose_seed":false,"campfire_upgraded":3,"win_rate":0,"timestamp":1565139337,"path_taken":["M","?","M","M","M","R","E","R","T","E","R","?","M","M","R","BOSS"],"build_version":"2019-01-23","purchased_purges":0,"victory":false,"max_hp_per_floor":[75,75,75,75,75,75,75,75,75,77,77,77,77,77,77,77],"card_choices":[{"not_picked":["Feel No Pain","Body Slam"],"picked":"Sever Soul","floor":1},{"not_picked":["Metallicize","Cleave"],"picked":"Shockwave","floor":3},{"not_picked":["Body Slam","Twin Strike"],"picked":"Whirlwind","floor":4},{"not_picked":["Havoc","Dual Wield"],"picked":"Inflame","floor":5},{"not_picked":["Heavy Blade","Twin Strike"],"picked":"Ghostly Armor","floor":7},{"not_picked":["Battle Trance","Cleave","Dropkick"],"picked":"Singing Bowl","floor":10},{"not_picked":["Blood for Blood","Cleave"],"picked":"Anger","floor":13},{"not_picked":["Rupture","Blood for Blood"],"picked":"Anger","floor":14}],"player_experience":2769870,"relics_obtained":[{"floor":7,"key":"Thread and Needle"},{"floor":9,"key":"Shuriken"},{"floor":10,"key":"Singing Bowl"}],"event_choices":[{"cards_removed":["Strike_R"],"damage_healed":0,"gold_gain":0,"player_choice":"Card Removal","damage_taken":7,"max_hp_gain":0,"max_hp_loss":0,"event_name":"Golden Wing","floor":12,"gold_loss":0}],"is_beta":false,"boss_relics":[],"items_purged_floors":[],"is_endless":false,"potions_floor_spawned":[1,3,5],"killed_by":"The Guardian","ascension_level":20}