{"gold_per_floor":[363,18,37,53,72,72,101,101,126,14,34,34,59,74,74,152,152,169,185,185,18,36,36,36],"floor_reached":24,"playtime":1997,"items_purged":["Injury"],"score":416,"play_id":"b698316f-6737-4e38-8bc8-16a1c14a75ed","local_time":"20190926212835","is_ascension_mode":true,"campfire_choices":[{"floor":6.0,"key":"REST"},{"data":"Envenom","floor":8.0,"key":"SMITH"},{"floor":15.0,"key":"REST"},{"floor":23,"key":"REST"}],"neow_cost":"CURSE","seed_source_timestamp":1456970694248196,"circlet_count":0,"master_deck":["AscendersBane","Defend_G","Defend_G","Defend_G","Defend_G","Defend_G","Strike_G","Strike_G","Strike_G","Strike_G","Strike_G","Survivor","Neutralize","Flying Knee","Die Die Die","Leg Sweep","Slice","Crippling Poison","Envenom+1","Dagger Spray","Cloak And Dagger","Well Laid Plans","Deadly Poison","Catalyst","Terror","Poisoned Stab","Burst","Deadly Poison","Flying Knee+1","Envenom+1","Poisoned Stab"],"special_seed":0,"relics":["Ring of the Snake","Omamori","Oddly Smooth Stone","Orichalcum","Eternal Feather","Ancient Tea Set"],"potions_floor_usage":[16,16],"damage_taken":[{"damage":11.0,"enemies":"Cultist","floor":1.0,"turns":5.0},{"damage":0.0,"enemies":"Jaw Worm","floor":3.0,"turns":1.0},{"damage":0.0,"enemies":"2 Louse","floor":4.0,"turns":2.0},{"damage":15.0,"enemies":"Red Slaver","floor":5.0,"turns":5.0},{"damage":10.0,"enemies":"Lagavulin","floor":7.0,"turns":7.0},{"damage":1.0,"enemies":"3 Louse","floor":11.0,"turns":2.0},{"damage":12.0,"enemies":"3 Sentries","floor":13.0,"turns":8.0},{"damage":3.0,"enemies":"Blue Slaver","floor":14.0,"turns":5.0},{"damage":8,"enemies":"The Guardian","floor":16,"turns":9},{"damage":0,"enemies":"Chosen","floor":18,"turns":5},{"damage":20,"enemies":"2 Thieves","floor":19,"turns":5},{"damage":38,"enemies":"Chosen and Byrds","floor":22,"turns":7},{"damage":43,"enemies":"Gremlin Leader","floor":24,"turns":6}],"seed_played":"8591590450960842605","potions_obtained":[{"floor":1.0,"key":"AttackPotion"},{"floor":4.0,"key":"PowerPotion"},{"floor":11.0,"key":"SkillPotion"},{"floor":13.0,"key":"SpeedPotion"},{"floor":14.0,"key":"PowerPotion"},{"floor":22,"key":"Ancient Potion"}],"is_trial":false,"path_per_floor":["M","$","M","M","M","R","E","R","T","$","M","?","E","M","R","B",null,"M","M","?","$","M","R","E"],"character_chosen":"THE_SILENT","items_purchased":["Die Die Die","Leg Sweep","Slice","Well Laid Plans","Deadly Poison","Ancient Tea Set"],"campfire_rested":3,"item_purchase_floors":[2,2,2,10,10,21],"current_hp_per_floor":[48,48,48,48,33,52,42,42,42,42,41,41,29,26,45,37,59,59,39,39,39,1,38,0],"gold":36,"neow_bonus":"TWO_FIFTY_GOLD","is_prod":false,"is_daily":false,"chose_seed":false,"campfire_upgraded":1,"win_rate":0,"timestamp":1569547715,"path_taken":["M","$","M","M","M","R","E","R","T","?","M","?","E","M","R","BOSS","M","M","?","$","?","R","E"],"build_version":"2019-01-23","purchased_purges":1,"victory":false,"max_hp_per_floor":[66,66,66,66,66,66,66,66,66,66,66,66,66,66,66,66,66,66,66,66,66,66,66,66],"card_choices":[{"not_picked":["Caltrops","Dagger Throw"],"picked":"Flying Knee","floor":1.0},{"not_picked":["Sucker Punch","Deflect"],"picked":"Crippling Poison","floor":3.0},{"not_picked":["Acrobatics","Outmaneuver"],"picked":"Envenom","floor":4.0},{"not_picked":["Dagger Throw","Backflip"],"picked":"Dagger Spray","floor":5.0},{"not_picked":["Blade Dance","Dagger Throw"],"picked":"Cloak And Dagger","floor":7.0},{"not_picked":["Dagger Throw","Endless Agony"],"picked":"Catalyst","floor":11.0},{"not_picked":["Skewer","Bane"],"picked":"Terror","floor":13.0},{"not_picked":["Backflip","Slice"],"picked":"Poisoned Stab","floor":14.0},{"not_picked":["Adrenaline","Wraith Form v2"],"picked":"Burst","floor":16},{"not_picked":["Blade Dance","Outmaneuver"],"picked":"Deadly Poison","floor":18},{"not_picked":["Quick Slash","Underhanded Strike"],"picked":"Flying Knee+1","floor":19},{"not_picked":["Distraction","Prepared"],"picked":"Poisoned Stab","floor":22}],"player_experience":2989487,"relics_obtained":[{"floor":7.0,"key":"Omamori"},{"floor":9.0,"key":"Oddly Smooth Stone"},{"floor":13.0,"key":"Orichalcum"}],"event_choices":[{"damage_healed":0.0,"max_hp_gain":0.0,"max_hp_loss":0.0,"gold_gain":0.0,"event_name":"Scrap Ooze","player_choice":"Fled","floor":12.0,"gold_loss":0.0,"damage_taken":0.0},{"damage_healed":0,"gold_gain":0,"player_choice":"Copied","damage_taken":0,"max_hp_gain":0,"max_hp_loss":0,"event_name":"Duplicator","floor":20,"gold_loss":0,"cards_obtained":["Envenom"]}],"is_beta":false,"boss_relics":[{"not_picked":["Black Star","WristBlade"],"picked":"Eternal Feather"}],"items_purged_floors":[2],"is_endless":false,"potions_floor_spawned":[1,4,11,13,14,22],"killed_by":"Gremlin Leader","ascension_level":20}