{"gold_per_floor":[119,21,39,57,76,76,105,105,105,105,137,155,230,30,30,126,126,137,51,67,67,67,67,79,79,109,134,150,150,150,166,166,268,268,286,226,43,43,61,61],"floor_reached":40,"playtime":3946,"items_purged":[],"score":626,"play_id":"a9bd05e2-6cc5-47f1-89b2-b5b6734016af","local_time":"20181013194623","is_ascension_mode":true,"campfire_choices":[{"data":"Armaments","floor":6,"key":"SMITH"},{"data":"Rage","floor":10,"key":"SMITH"},{"floor":15,"key":"REST"},{"floor":23,"key":"REST"},{"floor":29,"key":"REST"},{"floor":32,"key":"REST"}],"neow_cost":"NONE","seed_source_timestamp":64290408357194,"circlet_count":0,"master_deck":["Strike_R","Defend_R","Defend_R","Defend_R","Bash","AscendersBane","Pommel Strike","Armaments+1","Combust","Rage+1","True Grit","Clothesline","Havoc+1","Double Tap+1","Apotheosis+1","Demon Form","Twin Strike","Dual Wield+1","Seeing Red+1","Rage+1","Rage+1","Flame Barrier+1","Flex+1","Rupture","Juggernaut","Pummel+1","Power Through+1","Double Tap+1","Entrench+1","Panache","True Grit+1","Writhe","Heavy Blade"],"relics":["Burning Blood","Odd Mushroom","The Courier","Toxic Egg 2","Runic Pyramid","Tiny Chest","Sundial","Mummified Hand","Astrolabe"],"potions_floor_usage":[11,24,27,40],"damage_taken":[{"damage":19,"enemies":"Jaw Worm","floor":1,"turns":4},{"damage":9,"enemies":"Small Slimes","floor":3,"turns":3},{"damage":3,"enemies":"Cultist","floor":4,"turns":3},{"damage":9,"enemies":"Exordium Wildlife","floor":5,"turns":5},{"damage":16,"enemies":"The Mushroom Lair","floor":7,"turns":4},{"damage":37,"enemies":"Lagavulin","floor":11,"turns":8},{"damage":2,"enemies":"Looter","floor":12,"turns":3},{"damage":39,"enemies":"Hexaghost","floor":16,"turns":8},{"damage":6,"enemies":"Shell Parasite","floor":18,"turns":8},{"damage":2,"enemies":"3 Byrds","floor":20,"turns":5},{"damage":16,"enemies":"Cultist and Chosen","floor":24,"turns":6},{"damage":55,"enemies":"Slavers","floor":27,"turns":5},{"damage":34,"enemies":"Snecko","floor":28,"turns":6},{"damage":35,"enemies":"Sentry and Sphere","floor":31,"turns":7},{"damage":34,"enemies":"Collector","floor":33,"turns":9},{"damage":33,"enemies":"3 Shapes","floor":35,"turns":7},{"damage":19,"enemies":"3 Darklings","floor":39,"turns":7},{"damage":54,"enemies":"Giant Head","floor":40,"turns":7}],"seed_played":"317135947634869124","potions_obtained":[{"floor":1,"key":"FairyPotion"},{"floor":3,"key":"Weak Potion"},{"floor":20,"key":"SteroidPotion"},{"floor":24,"key":"SpeedPotion"},{"floor":25,"key":"PowerPotion"},{"floor":27,"key":"FairyPotion"},{"floor":35,"key":"Weak Potion"}],"is_trial":false,"path_per_floor":["M","$","M","M","M","R","?","?","T","R","E","M","?","$","R","B",null,"M","$","M","?","?","R","M","?","T","E","M","R","T","M","R","B",null,"M","?","$","?","M"],"character_chosen":"IRONCLAD","items_purchased":["Armaments","Combust","Double Tap+1","Apotheosis+1","Dual Wield+1","Seeing Red+1","Panache","True Grit+1"],"campfire_rested":4,"item_purchase_floors":[2,2,14,14,19,19,37,37],"current_hp_per_floor":[59,59,56,59,56,56,46,80,80,80,49,53,42,42,66,33,68,68,68,72,72,57,82,72,72,72,23,14,39,39,10,35,7,66,39,39,39,60,47,0],"gold":61,"neow_bonus":"REMOVE_CARD","is_prod":false,"is_daily":false,"chose_seed":false,"campfire_upgraded":2,"win_rate":0,"timestamp":1539474383,"path_taken":["M","$","M","M","M","R","?","?","T","R","E","M","?","$","R","BOSS","M","$","M","?","?","R","?","?","T","E","?","R","?","?","R","BOSS","M","?","$","?","M","E"],"build_version":"2018-10-04v2","purchased_purges":0,"victory":false,"max_hp_per_floor":[80,80,80,80,80,80,80,80,80,80,80,80,80,80,80,80,80,80,80,80,80,85,85,85,85,85,85,85,85,85,85,85,85,85,85,85,85,85,85,85],"card_choices":[{"not_picked":["Dual Wield","Body Slam"],"picked":"Pommel Strike","floor":1},{"not_picked":["Headbutt","Clash"],"picked":"Rage","floor":3},{"not_picked":["Fire Breathing","Feel No Pain"],"picked":"True Grit","floor":4},{"not_picked":["Warcry","Battle Trance"],"picked":"Clothesline","floor":5},{"not_picked":["Corruption","Wild Strike"],"picked":"Inflame","floor":7},{"not_picked":["Dropkick","Clothesline"],"picked":"Clash","floor":11},{"not_picked":["Rampage","Searing Blow"],"picked":"Havoc+1","floor":12},{"not_picked":["Impervious+1","Limit Break+1"],"picked":"Demon Form","floor":16},{"not_picked":["Carnage+1","Clothesline"],"picked":"Twin Strike","floor":18},{"not_picked":["Pommel Strike","True Grit+1"],"picked":"Rage+1","floor":20},{"not_picked":["Wild Strike","Clothesline"],"picked":"Rage+1","floor":24},{"not_picked":["Blood for Blood","Fire Breathing"],"picked":"Flame Barrier+1","floor":27},{"not_picked":["Evolve","Clash"],"picked":"Flex+1","floor":28},{"not_picked":["Flex+1","Clothesline"],"picked":"Rupture","floor":31},{"not_picked":["Immolate","Limit Break+1"],"picked":"Juggernaut","floor":33},{"not_picked":["Wild Strike+1","Body Slam"],"picked":"Entrench+1","floor":35},{"not_picked":["Armaments+1","Twin Strike+1"],"picked":"Heavy Blade","floor":39}],"player_experience":1858710,"relics_obtained":[{"floor":7,"key":"Odd Mushroom"},{"floor":9,"key":"The Courier"},{"floor":11,"key":"Toxic Egg 2"},{"floor":26,"key":"Tiny Chest"},{"floor":27,"key":"Sundial"},{"floor":30,"key":"Mummified Hand"}],"event_choices":[{"event_name":"Mushrooms","player_choice":"Fought Mushrooms","floor":7,"damage_taken":0},{"event_name":"Bonfire Elementals","player_choice":"UNCOMMON","floor":8,"damage_taken":0},{"event_name":"World of Goop","player_choice":"Gather Gold","floor":13,"damage_taken":0},{"event_name":"Back to Basics","player_choice":"Elegance","floor":21,"damage_taken":0},{"event_name":"Forgotten Altar","player_choice":"Shed Blood","floor":22,"damage_taken":0},{"event_name":"The Lab","player_choice":"Got Potions","floor":25,"damage_taken":0},{"event_name":"Designer","player_choice":"Remove Card","floor":36,"damage_taken":0},{"event_name":"Winding Halls","player_choice":"Writhe","floor":38,"damage_taken":0}],"is_beta":false,"boss_relics":[{"not_picked":["Eternal Feather","Pandora\u0027s Box"],"picked":"Runic Pyramid"},{"not_picked":["Tiny House","Velvet Choker"],"picked":"Astrolabe"}],"items_purged_floors":[],"is_endless":false,"potions_floor_spawned":[1,3,4,20,24,27,35],"killed_by":"Giant Head","ascension_level":11}