{"gold_per_floor":[111,124,124,144,162,162,20,20,20,20,20,20,55,78,78,177,240,264,264,283,297,212,212,212,250,319,319,335,335,356,139,139,234,234,247,271,292,292,292],"floor_reached":39,"playtime":4822,"items_purged":["Strike_G+1"],"score":662,"play_id":"a3699057-ed84-47d9-a443-9fed34f4aba4","local_time":"20181217005550","is_ascension_mode":true,"campfire_choices":[{"data":"Neutralize","floor":6,"key":"SMITH"},{"data":"After Image","floor":8,"key":"SMITH"},{"floor":12,"key":"REST"},{"data":"Infinite Blades","floor":15,"key":"SMITH"},{"floor":23,"key":"REST"},{"floor":27,"key":"REST"},{"floor":29,"key":"REST"},{"floor":32,"key":"REST"}],"neow_cost":"CURSE","seed_source_timestamp":993410217252282,"circlet_count":0,"master_deck":["AscendersBane","Defend_G+1","Defend_G+1","Defend_G+1","Strike_G+1","Strike_G+1","Survivor","Neutralize+1","Dash","After Image+1","Deadly Poison","Quick Slash","Infinite Blades+1","Slice","Blur","Infinite Blades","Dagger Throw","Glass Knife","Well Laid Plans","Bouncing Flask","Terror+1","Slice","Finisher","Deflect","Noxious Fumes","Cloak And Dagger","Corpse Explosion","Prepared","Setup+1","Setup+1"],"relics":["Ring of the Snake","Shuriken","Golden Idol","Mercury Hourglass","Bag of Marbles","Nloth\u0027s Gift","Bag of Preparation","Empty Cage"],"potions_floor_usage":[16,25,28,36],"damage_taken":[{"damage":2,"enemies":"Cultist","floor":1,"turns":5},{"damage":0,"enemies":"2 Louse","floor":2,"turns":4},{"damage":2,"enemies":"Jaw Worm","floor":4,"turns":4},{"damage":0,"enemies":"Large Slime","floor":5,"turns":5},{"damage":2,"enemies":"Lagavulin","floor":13,"turns":8},{"damage":2,"enemies":"Exordium Wildlife","floor":14,"turns":3},{"damage":14,"enemies":"Slime Boss","floor":16,"turns":6},{"damage":5,"enemies":"Chosen","floor":18,"turns":4},{"damage":12,"enemies":"Shell Parasite","floor":20,"turns":7},{"damage":25,"enemies":"Snake Plant","floor":21,"turns":5},{"damage":22,"enemies":"Gremlin Leader","floor":25,"turns":6},{"damage":31,"enemies":"Centurion and Healer","floor":28,"turns":5},{"damage":16,"enemies":"Sentry and Sphere","floor":30,"turns":5},{"damage":34,"enemies":"Automaton","floor":33,"turns":8},{"damage":9,"enemies":"Orb Walker","floor":35,"turns":4},{"damage":6,"enemies":"3 Darklings","floor":36,"turns":3},{"damage":40,"enemies":"Maw","floor":37,"turns":7},{"damage":13,"enemies":"Transient","floor":39,"turns":2}],"seed_played":"-2877131019958968064","potions_obtained":[{"floor":4,"key":"AttackPotion"},{"floor":5,"key":"EssenceOfSteel"},{"floor":16,"key":"LiquidBronze"},{"floor":35,"key":"Energy Potion"}],"is_trial":false,"path_per_floor":["M","M","?","M","M","R","$","R","T","$","?","R","E","M","R","B",null,"M","?","M","M","?","R","?","E","T","R","M","R","M","$","R","B",null,"M","M","M","?","M"],"character_chosen":"THE_SILENT","items_purchased":["Blur","Infinite Blades","Deflect","Noxious Fumes","Cloak And Dagger"],"campfire_rested":5,"item_purchase_floors":[7,7,31,31,31],"current_hp_per_floor":[61,61,61,59,59,59,59,59,59,59,42,63,61,59,59,45,69,64,64,52,27,27,49,49,27,27,49,18,40,24,24,46,12,59,50,44,4,4,0],"gold":292,"neow_bonus":"TRANSFORM_TWO_CARDS","is_prod":false,"is_daily":false,"chose_seed":false,"campfire_upgraded":3,"win_rate":0,"timestamp":1545026150,"path_taken":["M","?","?","?","M","R","?","R","T","$","?","R","E","M","R","BOSS","M","?","M","M","?","R","?","E","T","R","M","R","?","$","R","BOSS","M","M","M","?","M"],"build_version":"2018-12-13","purchased_purges":1,"victory":false,"max_hp_per_floor":[70,70,70,70,70,70,70,70,70,70,70,70,70,70,70,70,75,75,75,75,75,75,75,75,75,75,75,75,75,75,75,75,75,75,75,75,75,75,75],"card_choices":[{"not_picked":["Backflip","Underhanded Strike"],"picked":"Deadly Poison","floor":1},{"not_picked":["Dodge and Roll","PiercingWail"],"picked":"Quick Slash","floor":2},{"not_picked":["Prepared","Riddle With Holes"],"picked":"Infinite Blades","floor":4},{"not_picked":["Outmaneuver","Choke"],"picked":"Slice","floor":5},{"not_picked":["Tactician","Reflex","Underhanded Strike"],"picked":"SKIP","floor":13},{"not_picked":["PiercingWail","Caltrops"],"picked":"Dagger Throw","floor":14},{"not_picked":["Night Terror","Bullet Time"],"picked":"Glass Knife","floor":16},{"not_picked":["Deadly Poison","PiercingWail"],"picked":"Well Laid Plans","floor":17},{"not_picked":["Heel Hook","Endless Agony"],"picked":"Bouncing Flask","floor":18},{"not_picked":["Dodge and Roll","Bane","Quick Slash"],"picked":"SKIP","floor":20},{"not_picked":["Distraction","Eviscerate"],"picked":"Choke","floor":21},{"not_picked":["Dagger Spray+1","Flying Knee"],"picked":"Terror+1","floor":25},{"not_picked":["Terror","Bouncing Flask+1"],"picked":"Slice","floor":28},{"not_picked":["Acrobatics","Backflip"],"picked":"Finisher","floor":30},{"not_picked":["Tools of the Trade","Venomology"],"picked":"Corpse Explosion","floor":33},{"not_picked":["Riddle With Holes","Setup"],"picked":"Prepared","floor":35},{"not_picked":["Poisoned Stab","Flying Knee"],"picked":"Setup+1","floor":36},{"not_picked":["Predator","Underhanded Strike"],"picked":"Setup+1","floor":37}],"player_experience":2073373,"relics_obtained":[{"floor":9,"key":"Shuriken"},{"floor":13,"key":"Mercury Hourglass"},{"floor":25,"key":"Bag of Preparation"}],"event_choices":[{"cards_removed":["Writhe"],"damage_healed":0,"gold_gain":0,"player_choice":"Removed Curses","damage_taken":0,"max_hp_gain":0,"max_hp_loss":0,"event_name":"Fountain of Cleansing","floor":3,"gold_loss":0},{"damage_healed":0,"gold_gain":0,"player_choice":"Take Damage","damage_taken":17,"relics_obtained":["Golden Idol"],"max_hp_gain":0,"max_hp_loss":0,"event_name":"Golden Idol","floor":11,"gold_loss":0},{"damage_healed":0,"gold_gain":0,"player_choice":"Simplicity","damage_taken":0,"max_hp_gain":0,"max_hp_loss":0,"event_name":"Back to Basics","floor":19,"gold_loss":0,"cards_upgraded":["Defend_G","Defend_G","Defend_G","Defend_G","Strike_G","Strike_G","Strike_G"]},{"damage_healed":0,"gold_gain":0,"player_choice":"Obtained Relic","damage_taken":0,"relics_obtained":["Bag of Marbles"],"max_hp_gain":0,"max_hp_loss":0,"event_name":"Addict","floor":22,"gold_loss":85},{"damage_healed":0,"gold_gain":0,"player_choice":"Traded Relic","damage_taken":0,"relics_obtained":["Nloth\u0027s Gift"],"max_hp_gain":0,"max_hp_loss":0,"event_name":"N\u0027loth","floor":24,"relics_lost":["Tiny House"],"gold_loss":0},{"cards_removed":["Choke"],"damage_healed":0,"gold_gain":0,"player_choice":"Removed Attack","damage_taken":0,"max_hp_gain":0,"max_hp_loss":0,"event_name":"Falling","floor":38,"gold_loss":0}],"is_beta":false,"boss_relics":[{"not_picked":["Orrery","Velvet Choker"],"picked":"Tiny House"},{"not_picked":["Coffee Dripper","Runic Dome"],"picked":"Empty Cage"}],"items_purged_floors":[31],"is_endless":false,"potions_floor_spawned":[4,5,16,18,35],"killed_by":"Transient","ascension_level":13}