{"gold_per_floor":[117,127,142,142,92,92,127,138,219,219,62,73,108,108,108,186,186,204,222,232,232,247,247],"floor_reached":23,"playtime":2563,"items_purged":[],"score":335,"play_id":"6033e910-2d97-4d04-aae6-cb1c8be732a0","local_time":"20181208161536","is_ascension_mode":true,"campfire_choices":[{"data":"Neutralize","floor":6,"key":"SMITH"},{"floor":10,"key":"REST"},{"data":"Dash","floor":15,"key":"SMITH"}],"neow_cost":"NONE","seed_source_timestamp":817975093213516,"circlet_count":0,"master_deck":["AscendersBane","Defend_G","Defend_G","Defend_G","Defend_G","Strike_G","Strike_G","Strike_G","Survivor","Neutralize+1","Dash+1","Deadly Poison","All Out Attack","A Thousand Cuts","Slice","Madness+1","Acrobatics+1","Prepared+1","PiercingWail+1","Cloak And Dagger+1","Die Die Die","Blade Dance+1","Finisher","Accuracy","Accuracy","Neutralize","Dodge and Roll+1"],"relics":["Ring of the Snake","Shovel","Strawberry","Toxic Egg 2","Ninja Scroll","Empty Cage"],"potions_floor_usage":[7,13,16,18,18,23],"damage_taken":[{"damage":4,"enemies":"Jaw Worm","floor":1,"turns":7},{"damage":0,"enemies":"2 Louse","floor":2,"turns":4},{"damage":0,"enemies":"Cultist","floor":3,"turns":4},{"damage":16,"enemies":"3 Sentries","floor":7,"turns":9},{"damage":9,"enemies":"2 Fungi Beasts","floor":8,"turns":4},{"damage":9,"enemies":"Looter","floor":12,"turns":3},{"damage":18,"enemies":"Lagavulin","floor":13,"turns":8},{"damage":9,"enemies":"The Guardian","floor":16,"turns":11},{"damage":1,"enemies":"2 Thieves","floor":18,"turns":3},{"damage":5,"enemies":"Chosen","floor":19,"turns":5},{"damage":46,"enemies":"Shelled Parasite and Fungi","floor":20,"turns":5},{"damage":12,"enemies":"Snecko","floor":22,"turns":4},{"damage":15,"enemies":"Gremlin Leader","floor":23,"turns":5}],"seed_played":"3759597513712151019","potions_obtained":[{"floor":1,"key":"Block Potion"},{"floor":2,"key":"Regen Potion"},{"floor":12,"key":"SteroidPotion"},{"floor":13,"key":"LiquidBronze"},{"floor":16,"key":"AttackPotion"},{"floor":20,"key":"Weak Potion"}],"is_trial":false,"path_per_floor":["M","M","M","?","?","R","E","M","T","R","$","M","E","T","R","B",null,"M","M","M","?","M","E"],"character_chosen":"THE_SILENT","items_purchased":["Madness+1","Acrobatics+1","Prepared+1"],"campfire_rested":1,"item_purchase_floors":[11,11,11],"current_hp_per_floor":[66,66,66,63,63,63,54,45,45,70,70,61,58,58,58,49,75,74,69,23,23,11,0],"gold":247,"neow_bonus":"TEN_PERCENT_HP_BONUS","is_prod":false,"is_daily":false,"chose_seed":false,"campfire_upgraded":2,"win_rate":0,"timestamp":1544303736,"path_taken":["M","M","M","?","?","R","E","M","T","R","?","M","E","?","R","BOSS","M","M","M","?","M","E"],"build_version":"2018-11-15","purchased_purges":0,"victory":false,"max_hp_per_floor":[77,77,77,77,77,77,84,84,84,84,84,84,84,84,84,84,84,84,84,84,84,84,84],"card_choices":[{"not_picked":["Prepared","Flying Knee"],"picked":"Dash","floor":1},{"not_picked":["Outmaneuver","Dodge and Roll"],"picked":"Deadly Poison","floor":2},{"not_picked":["Choke","Calculated Gamble"],"picked":"All Out Attack","floor":3},{"not_picked":["Underhanded Strike","Dash"],"picked":"A Thousand Cuts","floor":7},{"not_picked":["Quick Slash","Reflex"],"picked":"Slice","floor":8},{"not_picked":["Acrobatics+1","Slice"],"picked":"PiercingWail+1","floor":12},{"not_picked":["Dagger Spray","PiercingWail+1"],"picked":"Cloak And Dagger+1","floor":13},{"not_picked":["Unload","Bullet Time+1"],"picked":"Die Die Die","floor":16},{"not_picked":["Riddle With Holes","Dodge and Roll+1"],"picked":"Blade Dance+1","floor":18},{"not_picked":["Setup+1","Reflex+1"],"picked":"Finisher","floor":19},{"not_picked":["Quick Slash","Calculated Gamble+1"],"picked":"Accuracy","floor":20},{"not_picked":["Skewer","Quick Slash"],"picked":"Dodge and Roll+1","floor":22}],"player_experience":2045202,"relics_obtained":[{"floor":7,"key":"Strawberry"},{"floor":9,"key":"Toxic Egg 2"},{"floor":13,"key":"Ninja Scroll"}],"event_choices":[{"damage_healed":0,"gold_gain":0,"player_choice":"Success","damage_taken":3,"relics_obtained":["Shovel"],"max_hp_gain":0,"max_hp_loss":0,"event_name":"Scrap Ooze","floor":4,"gold_loss":0},{"cards_removed":["Strike_G"],"damage_healed":0,"gold_gain":0,"player_choice":"Card Removal","damage_taken":0,"max_hp_gain":0,"max_hp_loss":0,"event_name":"The Cleric","floor":5,"gold_loss":50},{"damage_healed":0,"gold_gain":0,"player_choice":"2 cards matched","damage_taken":0,"max_hp_gain":0,"max_hp_loss":0,"event_name":"Match and Keep!","floor":21,"gold_loss":0,"cards_obtained":["Accuracy","Neutralize"]}],"is_beta":false,"boss_relics":[{"not_picked":["Tiny House","Ring of the Serpent"],"picked":"Empty Cage"}],"items_purged_floors":[],"is_endless":false,"potions_floor_spawned":[1,2,12,13,16,20],"killed_by":"Gremlin Leader","ascension_level":13}