{"gold_per_floor":[214,24,40,50,50,50,79,79,131,48,223,12,12,43,43,121,121,132,151,151,66,93,125,125,158,226,226],"floor_reached":27,"playtime":2026,"items_purged":["Doubt"],"score":421,"play_id":"65e2492b-892c-4667-99af-913682866ae4","local_time":"20181209213501","is_ascension_mode":true,"campfire_choices":[{"floor":6,"key":"REST"},{"floor":13,"key":"REST"},{"data":"Bane","floor":15,"key":"SMITH"},{"floor":24,"key":"REST"}],"neow_cost":"NONE","seed_source_timestamp":843015841500484,"circlet_count":0,"master_deck":["AscendersBane","Defend_G","Defend_G","Defend_G","Defend_G","Defend_G","Strike_G","Strike_G","Strike_G","Strike_G","Survivor","Neutralize","Deadly Poison","Footwork","Well Laid Plans","Crippling Poison","PiercingWail","Dark Shackles","Deflect","Finesse","Bane+1","Burst","Terror","Noxious Fumes","RitualDagger","Sucker Punch+1","Calculated Gamble","Poisoned Stab+1"],"relics":["Ring of the Serpent","Regal Pillow","Bag of Preparation","Orichalcum","Snake Skull","Molten Egg 2","Happy Flower","Dream Catcher","Bag of Marbles"],"potions_floor_usage":[14,16,18,23],"damage_taken":[{"damage":1,"enemies":"Cultist","floor":1,"turns":4},{"damage":7,"enemies":"Jaw Worm","floor":3,"turns":5},{"damage":0,"enemies":"2 Louse","floor":4,"turns":3},{"damage":50,"enemies":"3 Sentries","floor":7,"turns":19},{"damage":4,"enemies":"Lagavulin","floor":14,"turns":9},{"damage":24,"enemies":"The Guardian","floor":16,"turns":13},{"damage":1,"enemies":"Spheric Guardian","floor":18,"turns":6},{"damage":0,"enemies":"Chosen","floor":19,"turns":4},{"damage":49,"enemies":"Slavers","floor":23,"turns":7},{"damage":11,"enemies":"Gremlin Leader","floor":25,"turns":6},{"damage":34,"enemies":"3 Cultists","floor":27,"turns":4}],"seed_played":"-4595851679280576113","potions_obtained":[{"floor":1,"key":"Ancient Potion"},{"floor":14,"key":"Regen Potion"},{"floor":16,"key":"Energy Potion"},{"floor":18,"key":"PowerPotion"}],"is_trial":false,"path_per_floor":["M","$","M","M","?","R","E","?","T","$","?","$","R","E","R","B",null,"M","M","?","?","T","E","R","E","T","M"],"character_chosen":"THE_SILENT","items_purchased":["Footwork","Regal Pillow","Dark Shackles","Deflect","Finesse"],"campfire_rested":3,"item_purchase_floors":[2,2,10,12,12],"current_hp_per_floor":[62,62,55,55,48,70,20,20,20,20,20,20,56,52,52,43,63,62,62,56,56,56,7,43,32,32,0],"gold":226,"neow_bonus":"HUNDRED_GOLD","is_prod":false,"is_daily":false,"chose_seed":false,"campfire_upgraded":1,"win_rate":0,"timestamp":1544409301,"path_taken":["M","?","M","M","?","R","E","?","T","?","?","$","R","E","R","BOSS","M","M","?","?","?","E","R","E","T","?"],"build_version":"2018-12-06","purchased_purges":1,"victory":false,"max_hp_per_floor":[70,70,70,70,70,70,70,70,70,70,70,70,70,70,70,70,70,70,70,70,70,70,70,70,70,70,70],"card_choices":[{"not_picked":["Accuracy","Well Laid Plans"],"picked":"Deadly Poison","floor":1},{"not_picked":["Endless Agony","Quick Slash"],"picked":"Well Laid Plans","floor":3},{"not_picked":["Dodge and Roll","Deadly Poison"],"picked":"Crippling Poison","floor":4},{"not_picked":["Tactician","Underhanded Strike"],"picked":"PiercingWail","floor":7},{"not_picked":["Flechettes","Grand Finale"],"picked":"Bane","floor":14},{"not_picked":["Unload","Bullet Time"],"picked":"Burst","floor":16},{"not_picked":["Flying Knee","Catalyst"],"picked":"Terror","floor":18},{"not_picked":["Backflip","Concentrate"],"picked":"Noxious Fumes","floor":19},{"not_picked":["Infinite Blades","Accuracy"],"picked":"Sucker Punch+1","floor":23},{"not_picked":["Dagger Throw+1","Concentrate"],"picked":"Calculated Gamble","floor":24},{"not_picked":["Underhanded Strike+1","Footwork"],"picked":"Poisoned Stab+1","floor":25}],"player_experience":2059457,"relics_obtained":[{"floor":7,"key":"Bag of Preparation"},{"floor":9,"key":"Orichalcum"},{"floor":14,"key":"Snake Skull"},{"floor":22,"key":"Happy Flower"},{"floor":23,"key":"Dream Catcher"},{"floor":25,"key":"Bag of Marbles"}],"event_choices":[{"cards_removed":["Strike_G"],"damage_healed":0,"gold_gain":0,"player_choice":"Card Removal","damage_taken":7,"max_hp_gain":0,"max_hp_loss":0,"event_name":"Golden Wing","floor":5,"gold_loss":0},{"damage_healed":0,"gold_gain":0,"player_choice":"Ignored","damage_taken":0,"max_hp_gain":0,"max_hp_loss":0,"event_name":"Shining Light","floor":8,"gold_loss":0},{"damage_healed":0,"gold_gain":175,"player_choice":"AGREE","damage_taken":0,"max_hp_gain":0,"max_hp_loss":0,"event_name":"Liars Game","floor":11,"gold_loss":0,"cards_obtained":["Doubt"]},{"damage_healed":0,"gold_gain":0,"player_choice":"Joined the Cult","damage_taken":6,"max_hp_gain":0,"max_hp_loss":0,"event_name":"Nest","floor":20,"gold_loss":0,"cards_obtained":["RitualDagger"]},{"damage_healed":0,"gold_gain":0,"player_choice":"Obtained Relic","damage_taken":0,"relics_obtained":["Molten Egg 2"],"max_hp_gain":0,"max_hp_loss":0,"event_name":"Addict","floor":21,"gold_loss":85}],"is_beta":false,"boss_relics":[{"not_picked":["Calling Bell","HoveringKite"],"picked":"Ring of the Serpent"}],"items_purged_floors":[12],"is_endless":false,"potions_floor_spawned":[1,14,16,18],"killed_by":"3 Cultists","ascension_level":13}