{"gold_per_floor":[109,109,121,121,136,169,169,194,194,194,226,226,246,259,259,354,354,371,388,303,322,322],"floor_reached":22,"playtime":1893,"items_purged":[],"score":247,"play_id":"98ab61e3-b324-4b62-8e64-17e270a65e1f","local_time":"20180728193246","is_ascension_mode":true,"campfire_choices":[{"floor":7,"key":"REST"},{"floor":10,"key":"REST"},{"floor":12,"key":"REST"},{"floor":15,"key":"REST"}],"neow_cost":"NONE","seed_source_timestamp":24991653903887,"circlet_count":0,"master_deck":["Strike_B","Strike_B","Strike_B","Defend_B","Defend_B","Defend_B","Zap","Dualcast","Leap","Gash","Hello World","Sweeping Beam","Scrape","Rebound","Leap","Storm","Streamline+1","Meteor Strike+1","Sweeping Beam+1","Auto Shields","Turbo+1"],"relics":["Cracked Core","Oddly Smooth Stone","Blood Vial","Pen Nib","The Courier","Molten Egg 2","White Beast Statue","Shuriken"],"potions_floor_usage":[14,16,16,22,22,22],"damage_taken":[{"damage":1,"enemies":"Cultist","floor":1,"turns":3},{"damage":0,"enemies":"2 Louse","floor":3,"turns":3},{"damage":0,"enemies":"Jaw Worm","floor":5,"turns":4},{"damage":39,"enemies":"3 Sentries","floor":6,"turns":7},{"damage":12,"enemies":"Lagavulin","floor":8,"turns":7},{"damage":20,"enemies":"Gremlin Nob","floor":11,"turns":4},{"damage":21,"enemies":"Exordium Thugs","floor":13,"turns":4},{"damage":4,"enemies":"3 Louse","floor":14,"turns":3},{"damage":49,"enemies":"Hexaghost","floor":16,"turns":12},{"damage":2,"enemies":"Chosen","floor":18,"turns":3},{"damage":33,"enemies":"Shell Parasite","floor":19,"turns":8},{"damage":41,"enemies":"Cultist and Chosen","floor":21,"turns":8},{"damage":8,"enemies":"Centurion and Healer","floor":22,"turns":3}],"seed_played":"6838887661502180974","potions_obtained":[{"floor":1,"key":"SpeedPotion"},{"floor":5,"key":"Dexterity Potion"},{"floor":11,"key":"SteroidPotion"},{"floor":13,"key":"Fire Potion"},{"floor":14,"key":"PowerPotion"},{"floor":18,"key":"GamblersBrew"},{"floor":19,"key":"EssenceOfSteel"}],"is_trial":false,"path_per_floor":["M","T","M","?","M","E","R","E","T","R","E","R","M","M","R","B",null,"M","M","?","M"],"character_chosen":"DEFECT","items_purchased":[],"campfire_rested":4,"item_purchase_floors":[],"current_hp_per_floor":[74,74,74,74,74,35,57,47,47,69,51,73,54,52,74,26,75,73,42,42,3,0],"gold":322,"neow_bonus":"REMOVE_CARD","is_prod":false,"is_daily":false,"chose_seed":false,"campfire_upgraded":0,"win_rate":0,"timestamp":1532820766,"path_taken":["M","?","M","?","M","E","R","E","T","R","E","R","M","M","R","BOSS","M","M","?","M","?"],"build_version":"2018-07-26","purchased_purges":0,"victory":false,"max_hp_per_floor":[75,75,75,75,75,75,75,75,75,75,75,75,75,75,75,75,75,75,75,75,75,75],"card_choices":[{"not_picked":["Stack","Coolheaded"],"picked":"Leap","floor":1},{"not_picked":["Conserve Battery","Scrape"],"picked":"Gash","floor":3},{"not_picked":["Go for the Eyes","Heatsinks"],"picked":"Sweeping Beam","floor":5},{"not_picked":["Hologram","Beam Cell"],"picked":"Scrape","floor":6},{"not_picked":["Reboot","Hologram"],"picked":"Rebound","floor":8},{"not_picked":["Heatsinks","Consume"],"picked":"Leap","floor":11},{"not_picked":["Streamline+1","Reprogram"],"picked":"Storm","floor":13},{"not_picked":["Steam Power","Reinforced Body"],"picked":"Streamline+1","floor":14},{"not_picked":["Machine Learning","Core Surge+1"],"picked":"Meteor Strike+1","floor":16},{"not_picked":["Compile Driver+1","Stack"],"picked":"Sweeping Beam+1","floor":18},{"not_picked":["Rip and Tear+1","Sweeping Beam+1"],"picked":"Auto Shields","floor":19},{"not_picked":["Conserve Battery","Ball Lightning+1"],"picked":"Turbo+1","floor":21}],"player_experience":1390280,"relics_obtained":[{"floor":2,"key":"Oddly Smooth Stone"},{"floor":6,"key":"Blood Vial"},{"floor":8,"key":"Pen Nib"},{"floor":9,"key":"The Courier"},{"floor":11,"key":"Molten Egg 2"}],"event_choices":[{"event_name":"Living Wall","player_choice":"Change","floor":4,"damage_taken":0},{"event_name":"Addict","player_choice":"Obtained Relic","floor":20,"damage_taken":0}],"is_beta":false,"boss_relics":[{"not_picked":["Snecko Eye","Tiny House"],"picked":"White Beast Statue"}],"items_purged_floors":[],"is_endless":false,"potions_floor_spawned":[1,5,11,13,14,18,19,21],"killed_by":"Centurion and Healer","ascension_level":4}