{"gold_per_floor":[114,114,129,27,42,42,72,72,122,122,137,152,167,182,182,282,282,297,312,12,12,27,27,42,42,42,42,42,42,57,72,72,72],"floor_reached":33,"playtime":3196,"items_purged":[],"score":401,"play_id":"51054969-518a-4f07-81ee-00bab76a2ef9","local_time":"20181018004236","daily_mods":["Specialized","Hoarder","Night Terrors"],"is_ascension_mode":false,"campfire_choices":[{"floor":6,"key":"REST"},{"floor":8,"key":"REST"},{"data":"Perfected Strike","floor":15,"key":"SMITH"},{"floor":23,"key":"REST"},{"data":"Armaments","floor":25,"key":"SMITH"},{"data":"Armaments","floor":27,"key":"SMITH"},{"data":"Armaments","floor":29,"key":"SMITH"},{"data":"True Grit","floor":32,"key":"SMITH"}],"neow_cost":"","seed_source_timestamp":0,"circlet_count":0,"master_deck":["Strike_R","Strike_R","Strike_R","Strike_R","Strike_R","Defend_R","Defend_R","Defend_R","Defend_R","Bash","Barricade","Barricade","Barricade","Barricade","Barricade","Barricade","Barricade","Barricade","Barricade","Barricade","Barricade","True Grit+1","True Grit","True Grit","Armaments+1","Armaments+1","Armaments+1","Bandage Up","Bandage Up","Bandage Up","Cleave","Cleave","Cleave","Body Slam","Body Slam","Body Slam","Carnage","Carnage","Carnage","Iron Wave","Iron Wave","Iron Wave","Perfected Strike+1","Perfected Strike","Perfected Strike","Wild Strike","Wild Strike","Wild Strike","Reaper","Reaper","Reaper","Havoc+1","Havoc+1","Havoc+1","Entrench","Entrench","Entrench","Perfected Strike","Perfected Strike","Perfected Strike","Shockwave","Shockwave","Shockwave","Immolate","Immolate","Immolate","Clothesline","Clothesline","Clothesline"],"special_seed":17822,"relics":["Burning Blood","Anchor","Centennial Puzzle","Empty Cage","Magic Flower","Mercury Hourglass"],"potions_floor_usage":[7,16,16,18,24],"damage_taken":[{"damage":43,"enemies":"Jaw Worm","floor":1,"turns":8},{"damage":46,"enemies":"Cultist","floor":3,"turns":8},{"damage":25,"enemies":"2 Louse","floor":5,"turns":8},{"damage":85,"enemies":"Lagavulin","floor":7,"turns":18},{"damage":27,"enemies":"2 Fungi Beasts","floor":11,"turns":7},{"damage":0,"enemies":"Large Slime","floor":12,"turns":7},{"damage":14,"enemies":"Exordium Thugs","floor":13,"turns":5},{"damage":0,"enemies":"Lots of Slimes","floor":14,"turns":2},{"damage":0,"enemies":"Slime Boss","floor":16,"turns":7},{"damage":45,"enemies":"3 Byrds","floor":18,"turns":7},{"damage":25,"enemies":"2 Thieves","floor":19,"turns":5},{"damage":37,"enemies":"Centurion and Healer","floor":22,"turns":7},{"damage":10,"enemies":"Cultist and Chosen","floor":24,"turns":5},{"damage":19,"enemies":"Shelled Parasite and Fungi","floor":30,"turns":7},{"damage":1,"enemies":"3 Cultists","floor":31,"turns":5},{"damage":92,"enemies":"Automaton","floor":33,"turns":10}],"seed_played":"-5039932605172168940","potions_obtained":[{"floor":3,"key":"Energy Potion"},{"floor":12,"key":"SkillPotion"},{"floor":14,"key":"EssenceOfSteel"},{"floor":16,"key":"Energy Potion"},{"floor":22,"key":"Fire Potion"},{"floor":30,"key":"FearPotion"}],"is_trial":false,"path_per_floor":["M","?","M","$","M","R","E","R","T","?","M","M","M","M","R","B",null,"M","M","$","?","M","R","M","R","T","R","?","R","M","M","R"],"character_chosen":"IRONCLAD","items_purchased":["Bandage Up","Magic Flower"],"campfire_rested":3,"item_purchase_floors":[4,20],"current_hp_per_floor":[43,90,50,50,43,85,10,80,80,73,60,74,66,76,76,80,80,51,44,44,29,25,80,79,79,79,79,79,79,77,80,80,0],"gold":72,"neow_bonus":"","is_prod":false,"is_daily":true,"chose_seed":false,"campfire_upgraded":5,"win_rate":0,"timestamp":1539837756,"path_taken":["M","?","M","$","M","R","E","R","T","?","M","?","M","M","R","BOSS","M","?","$","?","M","R","M","R","T","R","?","R","M","M","R","BOSS"],"build_version":"2018-10-11","purchased_purges":0,"victory":false,"max_hp_per_floor":[80,90,90,90,90,85,85,80,80,80,80,80,80,80,80,80,80,80,80,80,85,85,80,80,80,80,80,80,80,80,80,80,80],"card_choices":[{"not_picked":["Twin Strike","Cleave"],"picked":"True Grit","floor":1},{"not_picked":["Flex","Twin Strike"],"picked":"Armaments","floor":3},{"not_picked":["Anger","Clash"],"picked":"Cleave","floor":5},{"not_picked":["Exhume","Rampage"],"picked":"Body Slam","floor":7},{"not_picked":["Pummel","Flex"],"picked":"Carnage","floor":11},{"not_picked":["Wild Strike","Thunderclap"],"picked":"Iron Wave","floor":12},{"not_picked":["Dual Wield","Clash"],"picked":"Perfected Strike","floor":13},{"not_picked":["Armaments","Anger"],"picked":"Wild Strike","floor":14},{"not_picked":["Impervious","Juggernaut"],"picked":"Reaper","floor":16},{"not_picked":["True Grit","Entrench"],"picked":"Havoc+1","floor":18},{"not_picked":["Sword Boomerang","Body Slam"],"picked":"Entrench","floor":19},{"not_picked":["Flex","Anger"],"picked":"Perfected Strike","floor":22},{"not_picked":["Searing Blow","Thunderclap"],"picked":"Shockwave","floor":24},{"not_picked":["Heavy Blade+1","Body Slam"],"picked":"Immolate","floor":30},{"not_picked":["Entrench","Heavy Blade+1"],"picked":"Clothesline","floor":31}],"player_experience":1867591,"relics_obtained":[{"floor":7,"key":"Anchor"},{"floor":9,"key":"Centennial Puzzle"},{"floor":26,"key":"Mercury Hourglass"}],"event_choices":[{"event_name":"Bonfire Elementals","player_choice":"RARE","floor":2,"damage_taken":0},{"event_name":"Golden Wing","player_choice":"Card Removal","floor":10,"damage_taken":0},{"event_name":"Forgotten Altar","player_choice":"Shed Blood","floor":21,"damage_taken":0}],"is_beta":false,"boss_relics":[{"not_picked":["Calling Bell","Snecko Eye"],"picked":"Empty Cage"}],"items_purged_floors":[],"is_endless":false,"potions_floor_spawned":[3,12,14,16,22,30],"killed_by":"Automaton","ascension_level":0}