{"gold_per_floor":[116,126,143,143,158,188,188,199,199,210,228,40,66,20,20,98,98,108,128,24,24,34,34,44,104,184,184,198,248,267,4,4,75,75,86,86,7,27,27,27,41,41,41,41,75,88,107,0,0,0],"floor_reached":50,"playtime":4516,"items_purged":[],"score":1007,"play_id":"5f3e328d-8504-4c67-b706-64f3a69f7e31","local_time":"20190918224239","is_ascension_mode":true,"campfire_choices":[{"floor":7.0,"key":"REST"},{"data":"Discovery","floor":15.0,"key":"SMITH"},{"data":"Adaptation","floor":23,"key":"SMITH"},{"data":"Meditate","floor":27,"key":"SMITH"},{"floor":32,"key":"REST"},{"floor":40,"key":"REST"},{"floor":42,"key":"REST"},{"floor":49,"key":"REST"}],"neow_cost":"NONE","seed_source_timestamp":0,"circlet_count":0,"master_deck":["AscendersBane","Strike_P+1","Strike_P","Strike_P","Strike_P","Defend_P","Defend_P","Defend_P","Defend_P","Eruption","Vigilance+1","CarveReality","Meditate+1","EmptyFist","FlurryOfBlows","DeusExMachina","FlyingSleeves","Protect","Discovery+1","Sanctity","Wireheading","Crescendo+1","Vault","Sanctity+1","ForeignInfluence+1","Adaptation+1","Crescendo","ClearTheMind","Injury","EmptyBody","Ragnarok","LessonLearned","ClearTheMind","Adaptation+1","Parasite","Dark Shackles","Dark Shackles","EmptyFist+1"],"special_seed":0,"relics":["PureWater","Akabeko","Oddly Smooth Stone","Mercury Hourglass","TeardropLocket","Sundial","Cursed Key","Tiny Chest","Pear","Membership Card","VioletLotus","DollysMirror","Molten Egg 2","CaptainsWheel","Red Mask"],"potions_floor_usage":[22,24,33,47,50],"damage_taken":[{"damage":7.0,"enemies":"Small Slimes","floor":1.0,"turns":3.0},{"damage":0.0,"enemies":"Cultist","floor":2.0,"turns":2.0},{"damage":3.0,"enemies":"Jaw Worm","floor":3.0,"turns":3.0},{"damage":25.0,"enemies":"Lots of Slimes","floor":5.0,"turns":4.0},{"damage":10.0,"enemies":"Gremlin Nob","floor":6.0,"turns":3.0},{"damage":5.0,"enemies":"Blue Slaver","floor":8.0,"turns":3.0},{"damage":11.0,"enemies":"Exordium Thugs","floor":10.0,"turns":5.0},{"damage":0.0,"enemies":"2 Fungi Beasts","floor":11.0,"turns":2.0},{"damage":0.0,"enemies":"Lagavulin","floor":13.0,"turns":5.0},{"damage":7.0,"enemies":"Hexaghost","floor":16.0,"turns":8.0},{"damage":2,"enemies":"2 Thieves","floor":18,"turns":3},{"damage":0,"enemies":"3 Byrds","floor":19,"turns":4},{"damage":0,"enemies":"Snecko","floor":22,"turns":2},{"damage":4,"enemies":"Snake Plant","floor":24,"turns":3},{"damage":29,"enemies":"Gremlin Leader","floor":25,"turns":5},{"damage":3,"enemies":"3 Cultists","floor":28,"turns":3},{"damage":3,"enemies":"Chosen and Byrds","floor":30,"turns":4},{"damage":7,"enemies":"Collector","floor":33,"turns":11},{"damage":32,"enemies":"3 Darklings","floor":35,"turns":6},{"damage":12,"enemies":"3 Shapes","floor":38,"turns":4},{"damage":11,"enemies":"Sphere and 2 Shapes","floor":41,"turns":4},{"damage":15,"enemies":"Nemesis","floor":45,"turns":7},{"damage":25,"enemies":"4 Shapes","floor":46,"turns":5},{"damage":0,"enemies":"Transient","floor":47,"turns":6},{"damage":26,"enemies":"Donu and Deca","floor":50,"turns":4}],"seed_played":"4391376086982807943","potions_obtained":[{"floor":3.0,"key":"Fire Potion"},{"floor":5.0,"key":"Weak Potion"},{"floor":6.0,"key":"StancePotion"},{"floor":10.0,"key":"Explosive Potion"},{"floor":19,"key":"SteroidPotion"},{"floor":30,"key":"Regen Potion"},{"floor":35,"key":"Fire Potion"},{"floor":38,"key":"SpeedPotion"}],"is_trial":false,"path_per_floor":["M","M","M","?","M","E","R","M","T","M","M","$","E","?","R","B",null,"M","M","$","?","M","R","M","E","T","R","M","?","M","$","R","B",null,"M","?","$","M","?","R","M","R","T","?","E","M","M","?","R","B"],"character_chosen":"WATCHER","items_purchased":["Discovery","Sanctity","Wireheading","Adaptation","Crescendo","Membership Card","Ragnarok","DollysMirror"],"campfire_rested":5,"item_purchase_floors":[12,12,12,20,20,31,31,37],"current_hp_per_floor":[48,48,45,45,20,10,28,23,23,12,12,12,12,12,12,5,47,45,45,45,45,45,45,41,12,22,22,19,12,9,9,30,38,63,31,31,31,19,19,39,28,48,48,43,28,3,3,3,23,0],"gold":0,"neow_bonus":"RANDOM_COMMON_RELIC","is_prod":false,"is_daily":false,"chose_seed":false,"campfire_upgraded":3,"win_rate":0,"timestamp":1568803359,"path_taken":["M","M","M","?","?","E","R","M","T","M","M","$","E","?","R","BOSS","M","M","$","?","M","R","M","E","T","R","?","?","M","?","R","BOSS","M","?","$","M","?","R","M","R","T","?","E","M","M","?","R","BOSS"],"build_version":"2019-09-17","purchased_purges":0,"victory":false,"max_hp_per_floor":[61,61,61,61,61,61,61,61,61,61,61,61,61,61,61,61,61,61,61,61,61,61,61,61,61,71,71,71,71,71,71,71,71,71,71,67,67,67,67,67,67,67,67,67,67,67,67,67,67,67],"card_choices":[{"not_picked":["Prostrate","DeceiveReality"],"picked":"TalkToTheHand","floor":1.0},{"not_picked":["Weave","Establishment"],"picked":"CarveReality","floor":2.0},{"not_picked":["Devotion","Evaluate"],"picked":"Meditate","floor":3.0},{"not_picked":["Adaptation","Consecrate"],"picked":"EmptyFist","floor":5.0},{"not_picked":["CleanseEvil","JustLucky"],"picked":"FlurryOfBlows","floor":6.0},{"not_picked":["CutThroughFate","CarveReality"],"picked":"DeusExMachina","floor":8.0},{"not_picked":["EmptyBody","Weave"],"picked":"FlyingSleeves","floor":10.0},{"not_picked":["FearNoEvil","Worship"],"picked":"Protect","floor":11.0},{"not_picked":["Sanctity","WaveOfTheHand"],"picked":"Crescendo","floor":13.0},{"not_picked":["Wish","Judgement"],"picked":"Vault","floor":16.0},{"not_picked":["Consecrate","FlurryOfBlows"],"picked":"Sanctity+1","floor":18},{"not_picked":["EmptyBody+1","CrushJoints+1"],"picked":"ForeignInfluence+1","floor":19},{"not_picked":["Collect","FlurryOfBlows","Consecrate+1"],"picked":"SKIP","floor":22},{"not_picked":["FlyingSleeves","Vengeance"],"picked":"ClearTheMind","floor":24},{"not_picked":["ThirdEye","InnerPeace+1","WindmillStrike"],"picked":"SKIP","floor":25},{"not_picked":["Protect","Crescendo","Prostrate"],"picked":"SKIP","floor":28},{"not_picked":["Fasting","Evaluate"],"picked":"EmptyBody","floor":30},{"not_picked":["Brilliance","Nirvana"],"picked":"LessonLearned","floor":33},{"not_picked":["Meditate","Collect"],"picked":"ClearTheMind","floor":35},{"not_picked":["SandsOfTime","BowlingBash","FlyingSleeves"],"picked":"SKIP","floor":38},{"not_picked":["Crescendo+1","Consecrate+1","BowlingBash"],"picked":"SKIP","floor":41},{"not_picked":["Jack Of All Trades","Dramatic Entrance+1"],"picked":"Dark Shackles","floor":44},{"not_picked":["Madness","Violence"],"picked":"Dark Shackles","floor":44},{"not_picked":["JustLucky+1","Wireheading"],"picked":"EmptyFist+1","floor":45},{"not_picked":["WreathOfFlame","Halt","Evaluate"],"picked":"SKIP","floor":46},{"not_picked":["FearNoEvil+1","SandsOfTime+1","Sanctity"],"picked":"SKIP","floor":47},{"not_picked":["FearNoEvil+1","SandsOfTime+1","Sanctity"],"picked":"SKIP","floor":47}],"player_experience":1124986,"relics_obtained":[{"floor":6.0,"key":"Mercury Hourglass"},{"floor":9.0,"key":"TeardropLocket"},{"floor":13.0,"key":"Sundial"},{"floor":25,"key":"Tiny Chest"},{"floor":26,"key":"Pear"},{"floor":43,"key":"Molten Egg 2"},{"floor":45,"key":"CaptainsWheel"}],"event_choices":[{"cards_removed":["TalkToTheHand"],"damage_healed":0.0,"max_hp_gain":0.0,"max_hp_loss":0.0,"gold_gain":0.0,"event_name":"WeMeetAgain","player_choice":"Gave Card","floor":4.0,"gold_loss":0.0,"damage_taken":0.0,"relics_obtained":["Oddly Smooth Stone"]},{"damage_healed":0.0,"max_hp_gain":0.0,"max_hp_loss":0.0,"gold_gain":0.0,"event_name":"World of Goop","player_choice":"Left Gold","floor":14.0,"gold_loss":46.0,"damage_taken":0.0},{"damage_healed":0,"gold_gain":0,"player_choice":"0 cards matched","damage_taken":0,"max_hp_gain":0,"max_hp_loss":0,"event_name":"Match and Keep!","floor":21,"gold_loss":0,"cards_obtained":[]},{"damage_healed":0,"gold_gain":50,"player_choice":"Touch","damage_taken":7,"max_hp_gain":0,"max_hp_loss":0,"event_name":"FaceTrader","floor":29,"gold_loss":0},{"damage_healed":0,"gold_gain":0,"player_choice":"Max HP","damage_taken":0,"max_hp_gain":0,"max_hp_loss":4,"event_name":"Winding Halls","floor":36,"gold_loss":0},{"damage_healed":0,"gold_gain":0,"player_choice":"Ignored","damage_taken":0,"max_hp_gain":0,"max_hp_loss":0,"event_name":"Mysterious Sphere","floor":39,"gold_loss":0},{"damage_healed":0,"gold_gain":0,"player_choice":"Memory 2","damage_taken":5,"max_hp_gain":0,"max_hp_loss":0,"event_name":"SensoryStone","floor":44,"gold_loss":0},{"damage_healed":0,"gold_gain":0,"player_choice":"Paid","damage_taken":0,"relics_obtained":["Red Mask"],"max_hp_gain":0,"max_hp_loss":0,"event_name":"Tomb of Lord Red Mask","floor":48,"gold_loss":107}],"is_beta":true,"boss_relics":[{"not_picked":["Ectoplasm","SlaversCollar"],"picked":"Cursed Key"},{"not_picked":["Fusion Hammer","SacredBark"],"picked":"VioletLotus"}],"items_purged_floors":[],"is_endless":false,"potions_floor_spawned":[3,5,6,10,19,30,35,38],"killed_by":"Donu and Deca","ascension_level":17}