{"gold_per_floor":[110,110,124,144,156,156,181,181,204,233,233,244,259,277,277,380,380,390,390,253,253,266,300,300,300],"floor_reached":25,"playtime":1874,"items_purged":[],"score":350,"play_id":"dfda18c3-a848-4bf4-9587-00b62b1ef00e","local_time":"20180921222137","is_ascension_mode":true,"campfire_choices":[{"data":"True Grit","floor":6,"key":"SMITH"},{"data":"Rupture","floor":8,"key":"SMITH"},{"floor":15,"key":"REST"}],"neow_cost":"","seed_source_timestamp":242740628763157,"circlet_count":0,"master_deck":["Bash","AscendersBane","Whirlwind","Clash","Combust","True Grit+1","Rupture+1","Heavy Blade","Fiend Fire","Armaments","Shockwave","Double Tap","True Grit","Warcry","Warcry","Flex","Inflame","Cleave","Thunderclap","Bloodletting","Pommel Strike+1","Limit Break+1","Warcry+1","Infernal Blade+1"],"relics":["Burning Blood","Oddly Smooth Stone","Centennial Puzzle","Happy Flower","Pandora\u0027s Box","Omamori"],"potions_floor_usage":[5,7,10,10,14,18],"damage_taken":[{"damage":1,"enemies":"2 Louse","floor":1,"turns":3},{"damage":1,"enemies":"Cultist","floor":3,"turns":4},{"damage":0,"enemies":"Small Slimes","floor":4,"turns":3},{"damage":1,"enemies":"Gremlin Gang","floor":5,"turns":3},{"damage":27,"enemies":"Gremlin Nob","floor":7,"turns":4},{"damage":44,"enemies":"Lagavulin","floor":10,"turns":6},{"damage":13,"enemies":"Exordium Thugs","floor":12,"turns":3},{"damage":6,"enemies":"Red Slaver","floor":13,"turns":3},{"damage":9,"enemies":"Exordium Wildlife","floor":14,"turns":4},{"damage":33,"enemies":"Slime Boss","floor":16,"turns":7},{"damage":6,"enemies":"3 Byrds","floor":18,"turns":4},{"damage":27,"enemies":"Spheric Guardian","floor":22,"turns":4},{"damage":40,"enemies":"Slavers","floor":23,"turns":3},{"damage":36,"enemies":"Shelled Parasite and Fungi","floor":25,"turns":2}],"seed_played":"-5981970766189782819","potions_obtained":[{"floor":2,"key":"Regen Potion"},{"floor":2,"key":"SpeedPotion"},{"floor":2,"key":"Block Potion"},{"floor":3,"key":"Poison Potion"},{"floor":7,"key":"SkillPotion"},{"floor":12,"key":"LiquidBronze"},{"floor":13,"key":"BloodPotion"}],"is_trial":false,"path_per_floor":["M","?","M","M","M","R","E","R","T","E","?","M","M","M","R","B",null,"M","?","$","?","M","E","?"],"character_chosen":"IRONCLAD","items_purchased":["Limit Break"],"campfire_rested":1,"item_purchase_floors":[20],"current_hp_per_floor":[77,77,80,80,80,80,59,59,59,35,35,28,28,33,57,30,68,68,68,68,68,47,13,13,0],"gold":300,"neow_bonus":"","is_prod":false,"is_daily":false,"chose_seed":false,"campfire_upgraded":2,"win_rate":0,"timestamp":1537582897,"path_taken":["M","?","M","M","?","R","E","R","T","E","?","M","M","?","R","BOSS","M","?","$","?","M","E","?","M"],"build_version":"2018-08-23v2","purchased_purges":0,"victory":false,"max_hp_per_floor":[80,80,80,80,80,80,80,80,80,80,80,80,80,80,80,80,80,80,80,80,80,80,80,80,80],"card_choices":[{"not_picked":["Iron Wave","Heavy Blade"],"picked":"Whirlwind","floor":1},{"not_picked":["Sword Boomerang","Dual Wield"],"picked":"Clash","floor":3},{"not_picked":["Perfected Strike","Headbutt"],"picked":"Combust","floor":4},{"not_picked":["Reckless Charge","Flame Barrier"],"picked":"True Grit","floor":5},{"not_picked":["Havoc","True Grit"],"picked":"Rupture","floor":7},{"not_picked":["Iron Wave","Thunderclap"],"picked":"Heavy Blade","floor":10},{"not_picked":["Havoc","Bloodletting"],"picked":"Fiend Fire","floor":12},{"not_picked":["Anger","Thunderclap"],"picked":"Armaments","floor":13},{"not_picked":["Dropkick","Corruption"],"picked":"Shockwave","floor":14},{"not_picked":["Exhume","Berserk"],"picked":"Double Tap","floor":16},{"not_picked":["Anger","Searing Blow"],"picked":"Pommel Strike+1","floor":18},{"not_picked":["Clash","Sword Boomerang"],"picked":"Warcry+1","floor":22},{"not_picked":["Fiend Fire","True Grit"],"picked":"Infernal Blade+1","floor":23}],"player_experience":1746146,"relics_obtained":[{"floor":7,"key":"Oddly Smooth Stone"},{"floor":9,"key":"Centennial Puzzle"},{"floor":10,"key":"Happy Flower"},{"floor":23,"key":"Omamori"}],"event_choices":[{"event_name":"The Lab","player_choice":"Got Potions","floor":2,"damage_taken":0},{"event_name":"WeMeetAgain","player_choice":"Attack","floor":11,"damage_taken":0},{"event_name":"Purifier","player_choice":"One Purge","floor":19,"damage_taken":0},{"event_name":"Ghosts","player_choice":"Ignored","floor":21,"damage_taken":0},{"event_name":"Accursed Blacksmith","player_choice":"Forge","floor":24,"damage_taken":0}],"is_beta":false,"boss_relics":[{"not_picked":["Lizard Tail","Runic Pyramid"],"picked":"Pandora\u0027s Box"}],"items_purged_floors":[],"is_endless":false,"potions_floor_spawned":[3,7,12,13],"killed_by":"Shelled Parasite and Fungi","ascension_level":10}