{"gold_per_floor":[115,125,125,125,125,125,138,138,138,19,37,37,53,96,96,192,192,217,217,235,335,360,360,378,378,378,21,85,135,174,214,214,214],"floor_reached":33,"playtime":2340,"items_purged":["Strike_R"],"score":441,"play_id":"a6b65aa3-98c7-425f-8bd9-0877270a17a2","local_time":"20181121224046","is_ascension_mode":true,"campfire_choices":[{"data":"Armaments","floor":6,"key":"SMITH"},{"data":"Shockwave","floor":8,"key":"SMITH"},{"floor":15,"key":"REST"},{"floor":23,"key":"REST"},{"floor":25,"key":"REST"},{"floor":32,"key":"REST"}],"neow_cost":"NONE","seed_source_timestamp":682360080964676,"circlet_count":0,"master_deck":["AscendersBane","Strike_R+1","Strike_R","Strike_R","Strike_R","Defend_R","Defend_R","Defend_R","Defend_R","Bash+1","Armaments+1","Carnage","Shockwave+1","Madness","Heavy Blade","Barricade","Shrug It Off","Disarm","Impervious","Thunderclap","J.A.X.","Twin Strike+1","Rage","Headbutt","Flex","Bloodletting","HandOfGreed","Power Through","Warcry","Heavy Blade+1","Pummel+1"],"relics":["Burning Blood","Omamori","Golden Idol","Matryoshka","Red Skull","Letter Opener","Kunai","PreservedInsect","Fusion Hammer","Dream Catcher","MawBank","The Courier"],"potions_floor_usage":[2,14,28,31],"damage_taken":[{"damage":1,"enemies":"Cultist","floor":1,"turns":4},{"damage":1,"enemies":"2 Louse","floor":2,"turns":4},{"damage":3,"enemies":"Small Slimes","floor":7,"turns":3},{"damage":11,"enemies":"Looter","floor":11,"turns":3},{"damage":8,"enemies":"Blue Slaver","floor":13,"turns":3},{"damage":8,"enemies":"Gremlin Nob","floor":14,"turns":3},{"damage":17,"enemies":"Hexaghost","floor":16,"turns":16},{"damage":0,"enemies":"3 Byrds","floor":18,"turns":6},{"damage":13,"enemies":"Shell Parasite","floor":20,"turns":5},{"damage":33,"enemies":"Chosen and Byrds","floor":22,"turns":7},{"damage":21,"enemies":"Snake Plant","floor":24,"turns":4},{"damage":13,"enemies":"Shelled Parasite and Fungi","floor":28,"turns":7},{"damage":24,"enemies":"Centurion and Healer","floor":30,"turns":6},{"damage":34,"enemies":"Gremlin Leader","floor":31,"turns":3},{"damage":77,"enemies":"Automaton","floor":33,"turns":6}],"seed_played":"-1887634647286112897","potions_obtained":[{"floor":1,"key":"Energy Potion"},{"floor":13,"key":"Regen Potion"},{"floor":16,"key":"Poison Potion"},{"floor":22,"key":"SteroidPotion"},{"floor":28,"key":"FearPotion"}],"is_trial":false,"path_per_floor":["M","M","?","?","?","R","M","R","T","$","M","?","M","E","R","B",null,"M","?","M","?","M","R","M","R","T","$","M","?","M","E","R","B"],"character_chosen":"IRONCLAD","items_purchased":["Madness","Heavy Blade","Flex","Bloodletting","HandOfGreed"],"campfire_rested":4,"item_purchase_floors":[10,10,27,27,27],"current_hp_per_floor":[77,80,80,80,64,64,67,67,67,67,62,29,27,34,58,47,72,78,78,71,71,44,68,53,77,77,77,70,70,52,24,48,0],"gold":214,"neow_bonus":"RANDOM_COMMON_RELIC","is_prod":false,"is_daily":false,"chose_seed":false,"campfire_upgraded":2,"win_rate":0,"timestamp":1542858046,"path_taken":["M","M","?","?","?","R","M","R","T","?","?","?","M","E","R","BOSS","M","?","M","?","?","R","M","R","T","$","M","?","?","E","R","BOSS"],"build_version":"2018-11-15","purchased_purges":1,"victory":false,"max_hp_per_floor":[80,80,80,80,80,80,80,80,80,80,80,80,80,80,80,80,80,80,80,80,80,80,80,80,80,80,80,80,80,80,80,80,80],"card_choices":[{"not_picked":["Corruption","Iron Wave"],"picked":"Armaments","floor":1},{"not_picked":["Headbutt","Anger"],"picked":"Carnage","floor":2},{"not_picked":["Fire Breathing","Perfected Strike"],"picked":"Shockwave","floor":7},{"not_picked":["Thunderclap","Power Through"],"picked":"Barricade","floor":11},{"not_picked":["Wild Strike","Seeing Red"],"picked":"Shrug It Off","floor":13},{"not_picked":["Clash","Dual Wield"],"picked":"Disarm","floor":14},{"not_picked":["Juggernaut","Berserk"],"picked":"Impervious","floor":16},{"not_picked":["Sword Boomerang","Warcry"],"picked":"Thunderclap","floor":18},{"not_picked":["Feel No Pain","Pommel Strike"],"picked":"Twin Strike+1","floor":20},{"not_picked":["Pommel Strike","Metallicize"],"picked":"Rage","floor":22},{"not_picked":["Wild Strike","Sever Soul"],"picked":"Headbutt","floor":24},{"not_picked":["Disarm","Havoc"],"picked":"Power Through","floor":28},{"not_picked":["Cleave","Feel No Pain"],"picked":"Warcry","floor":30},{"not_picked":["Sever Soul","Armaments"],"picked":"Heavy Blade+1","floor":31},{"not_picked":["Body Slam","Thunderclap"],"picked":"Pummel+1","floor":32}],"player_experience":2007857,"relics_obtained":[{"floor":9,"key":"Red Skull"},{"floor":9,"key":"Letter Opener"},{"floor":14,"key":"PreservedInsect"},{"floor":26,"key":"Dream Catcher"},{"floor":26,"key":"MawBank"},{"floor":31,"key":"The Courier"}],"event_choices":[{"damage_healed":0,"gold_gain":0,"player_choice":"Take Wound","damage_taken":0,"relics_obtained":["Golden Idol"],"max_hp_gain":0,"max_hp_loss":0,"event_name":"Golden Idol","floor":3,"gold_loss":0,"cards_obtained":["Injury"]},{"damage_healed":0,"gold_gain":0,"player_choice":"Box","damage_taken":0,"relics_obtained":["Matryoshka"],"max_hp_gain":0,"max_hp_loss":0,"event_name":"Big Fish","floor":4,"gold_loss":0,"cards_obtained":["Regret"]},{"damage_healed":0,"gold_gain":0,"player_choice":"Entered Light","damage_taken":16,"max_hp_gain":0,"max_hp_loss":0,"event_name":"Shining Light","floor":5,"gold_loss":0,"cards_upgraded":["Bash","Strike_R"]},{"damage_healed":0,"gold_gain":0,"player_choice":"Success","damage_taken":33,"relics_obtained":["Kunai"],"max_hp_gain":0,"max_hp_loss":0,"event_name":"Scrap Ooze","floor":12,"gold_loss":0},{"damage_healed":0,"gold_gain":0,"player_choice":"Obtain J.A.X.","damage_taken":0,"max_hp_gain":0,"max_hp_loss":0,"event_name":"Drug Dealer","floor":19,"gold_loss":0,"cards_obtained":["J.A.X."]},{"damage_healed":0,"gold_gain":100,"player_choice":"Pray","damage_taken":0,"max_hp_gain":0,"max_hp_loss":0,"event_name":"Golden Shrine","floor":21,"gold_loss":0},{"damage_healed":0,"gold_gain":100,"player_choice":"Bet on Murderer","damage_taken":0,"max_hp_gain":0,"max_hp_loss":0,"event_name":"The Joust","floor":29,"gold_loss":50}],"is_beta":false,"boss_relics":[{"not_picked":["Black Blood","White Beast Statue"],"picked":"Fusion Hammer"}],"items_purged_floors":[27],"is_endless":false,"potions_floor_spawned":[1,13,16,22,28,30],"killed_by":"Automaton","ascension_level":13}