{"gold_per_floor":[115,115,125,19,38,66,77,112,139,177,177,23,60,81,81,162,162,185,192,209,209,86,113,113,149,173,196,220,220,220,255,255,336,336,357,375,375,1374,835,835,851,892,892,892,925,529,541,122,122,122],"floor_reached":51,"playtime":4626,"items_purged":["Strike_P","Defend_P","Strike_P+1","Defend_P","Defend_P"],"score":1581,"play_id":"95ca3a1e-7a52-4112-8f31-9487e7323301","local_time":"20190920211321","is_ascension_mode":true,"campfire_choices":[{"data":"Ragnarok","floor":15,"key":"SMITH"},{"data":"Judgement","floor":24,"key":"SMITH"},{"floor":30,"key":"REST"},{"floor":32,"key":"REST"},{"data":"Devotion","floor":40,"key":"SMITH"},{"data":"MentalFortress","floor":44,"key":"SMITH"},{"data":"FlowState","floor":49,"key":"SMITH"}],"neow_cost":"NONE","seed_source_timestamp":8640565521023,"circlet_count":0,"master_deck":["AscendersBane","Defend_P+1","Eruption+1","Vigilance","CrushJoints","EmptyFist+1","Meditate+1","Crescendo+1","Protect+1","MentalFortress+1","Consecrate+1","Devotion+1","Ragnarok+1","Judgement+1","CutThroughFate","LessonLearned","EmptyBody","MentalFortress+1","Collect+1","Sanctity","EmptyBody+1","Sanctity+1","SandsOfTime","Meditate+1","Brilliance","FlowState+1","Devotion+1","ClearTheMind+1","Blind","FearNoEvil","Wireheading+1","MentalFortress+1","CutThroughFate"],"relics":["PureWater","PreservedInsect","Gremlin Horn","Orichalcum","CeramicFish","Whetstone","HornCleat","VioletLotus","Frozen Egg 2","Omamori","Oddly Smooth Stone","Nilry\u0027s Codex","Regal Pillow","Runic Pyramid","Singing Bowl","Dodecahedron","CaptainsWheel","TeardropLocket","Centennial Puzzle","War Paint"],"potions_floor_usage":[13,23,27,31,35,45,50],"damage_taken":[{"damage":0,"enemies":"2 Louse","floor":1,"turns":4},{"damage":0,"enemies":"Cultist","floor":3,"turns":2},{"damage":12,"enemies":"Jaw Worm","floor":5,"turns":3},{"damage":0,"enemies":"Lagavulin","floor":6,"turns":3},{"damage":3,"enemies":"Looter","floor":7,"turns":2},{"damage":16,"enemies":"Gremlin Nob","floor":8,"turns":3},{"damage":0,"enemies":"Lagavulin","floor":10,"turns":4},{"damage":1,"enemies":"3 Sentries","floor":13,"turns":2},{"damage":2,"enemies":"Red Slaver","floor":14,"turns":2},{"damage":12,"enemies":"Hexaghost","floor":16,"turns":7},{"damage":14,"enemies":"2 Thieves","floor":18,"turns":2},{"damage":0,"enemies":"Spheric Guardian","floor":20,"turns":1},{"damage":1,"enemies":"Book of Stabbing","floor":23,"turns":3},{"damage":0,"enemies":"Gremlin Leader","floor":25,"turns":6},{"damage":0,"enemies":"Cultist and Chosen","floor":27,"turns":3},{"damage":7,"enemies":"Centurion and Healer","floor":28,"turns":7},{"damage":10,"enemies":"Book of Stabbing","floor":31,"turns":4},{"damage":2,"enemies":"Automaton","floor":33,"turns":9},{"damage":12,"enemies":"3 Darklings","floor":35,"turns":4},{"damage":0,"enemies":"3 Shapes","floor":36,"turns":7},{"damage":3,"enemies":"Sphere and 2 Shapes","floor":41,"turns":6},{"damage":29,"enemies":"Nemesis","floor":42,"turns":5},{"damage":0,"enemies":"Giant Head","floor":45,"turns":7},{"damage":0,"enemies":"Maw","floor":47,"turns":7},{"damage":15,"enemies":"Donu and Deca","floor":50,"turns":7}],"seed_played":"1180172564855675721","potions_obtained":[{"floor":1,"key":"SpeedPotion"},{"floor":8,"key":"Fire Potion"},{"floor":13,"key":"FearPotion"},{"floor":14,"key":"Energy Potion"},{"floor":16,"key":"Fire Potion"},{"floor":23,"key":"SteroidPotion"},{"floor":31,"key":"SkillPotion"},{"floor":33,"key":"Weak Potion"},{"floor":36,"key":"DuplicationPotion"},{"floor":41,"key":"Dexterity Potion"},{"floor":42,"key":"Strength Potion"},{"floor":47,"key":"FearPotion"}],"is_trial":false,"path_per_floor":["M","?","M","$","M","E","M","E","T","E","?","$","E","M","R","B",null,"M","?","M","?","$","E","R","E","T","M","M","?","R","E","R","B",null,"M","M","?","?","$","R","M","E","T","R","E","$","M","$","R","B",null],"character_chosen":"WATCHER","items_purchased":["Meditate","FlyingSleeves","Ragnarok","Sanctity","Singing Bowl","ClearTheMind","Blind","Centennial Puzzle","MentalFortress+1","War Paint","PowerPotion","CutThroughFate"],"campfire_rested":2,"item_purchase_floors":[4,4,12,22,39,39,39,46,46,48,48,48],"current_hp_per_floor":[55,55,55,55,43,43,40,24,24,24,24,24,23,21,21,9,48,34,34,34,46,46,45,45,45,45,45,38,17,35,25,58,56,60,48,61,61,61,61,61,63,43,43,43,52,52,65,65,65,59],"gold":122,"neow_bonus":"RANDOM_COMMON_RELIC","is_prod":false,"is_daily":false,"chose_seed":false,"campfire_upgraded":5,"win_rate":0,"timestamp":1568970801,"path_taken":["M","?","?","$","M","E","M","E","T","E","?","$","E","M","R","BOSS","M","?","?","?","$","E","R","E","T","M","M","?","R","E","R","BOSS","M","M","?","?","$","R","M","E","T","R","E","$","M","$","R","BOSS"],"build_version":"2019-09-19","purchased_purges":5,"victory":true,"max_hp_per_floor":[61,61,61,61,61,61,61,61,61,61,61,61,61,61,61,61,61,61,61,61,61,61,61,61,61,61,61,61,61,61,61,61,61,61,61,61,61,61,61,61,63,63,63,63,63,63,65,65,65,65],"card_choices":[{"not_picked":["WreathOfFlame","Fasting"],"picked":"CrushJoints","floor":1},{"not_picked":["SashWhip","FlowState"],"picked":"EmptyFist","floor":3},{"not_picked":["JustLucky","StepAndStrike"],"picked":"Crescendo","floor":5},{"not_picked":["Wireheading","Halt"],"picked":"Protect","floor":6},{"not_picked":["ThirdEye","InnerPeace"],"picked":"MentalFortress","floor":7},{"not_picked":["Weave","WindmillStrike"],"picked":"Consecrate","floor":8},{"not_picked":["Sanctity","ForeignInfluence"],"picked":"Devotion","floor":10},{"not_picked":["CarveReality","Protect"],"picked":"Judgement","floor":13},{"not_picked":["ClearTheMind","Crescendo"],"picked":"CutThroughFate","floor":14},{"not_picked":["Judgement","Ragnarok"],"picked":"LessonLearned","floor":16},{"not_picked":["Weave","Fasting+1"],"picked":"EmptyBody","floor":18},{"not_picked":["FlyingSleeves","Crescendo"],"picked":"Collect","floor":20},{"not_picked":["SpiritShield","Fasting","Prostrate"],"picked":"SKIP","floor":23},{"not_picked":["TalkToTheHand","Prostrate"],"picked":"EmptyBody","floor":25},{"not_picked":["ThirdEye","BowlingBash+1"],"picked":"Sanctity+1","floor":27},{"not_picked":["Halt","CrushJoints"],"picked":"SandsOfTime","floor":28},{"not_picked":["Fasting+1","Crescendo"],"picked":"Meditate+1","floor":31},{"not_picked":["DevaForm+1","DeusExMachina"],"picked":"Brilliance","floor":33},{"not_picked":["CutThroughFate+1","EmptyMind+1"],"picked":"FlowState","floor":35},{"not_picked":["FollowUp","Protect"],"picked":"Devotion+1","floor":36},{"not_picked":["Fasting+1","Prostrate","CleanseEvil"],"picked":"Singing Bowl","floor":41},{"not_picked":["CarveReality","Wireheading+1"],"picked":"FearNoEvil","floor":42},{"not_picked":["Weave","Prostrate+1"],"picked":"Wireheading+1","floor":45},{"not_picked":["Wireheading+1","FollowUp+1","Devotion+1"],"picked":"Singing Bowl","floor":47}],"player_experience":1134365,"relics_obtained":[{"floor":6,"key":"Gremlin Horn"},{"floor":8,"key":"Orichalcum"},{"floor":9,"key":"CeramicFish"},{"floor":10,"key":"Whetstone"},{"floor":13,"key":"HornCleat"},{"floor":23,"key":"Frozen Egg 2"},{"floor":25,"key":"Omamori"},{"floor":26,"key":"Oddly Smooth Stone"},{"floor":29,"key":"Nilry\u0027s Codex"},{"floor":31,"key":"Regal Pillow"},{"floor":42,"key":"Dodecahedron"},{"floor":43,"key":"CaptainsWheel"},{"floor":45,"key":"TeardropLocket"}],"event_choices":[{"cards_removed":["Strike_P"],"damage_healed":0,"gold_gain":0,"player_choice":"Purged","damage_taken":0,"max_hp_gain":0,"max_hp_loss":0,"event_name":"Purifier","floor":2,"gold_loss":0},{"damage_healed":0,"gold_gain":0,"player_choice":"Leave","damage_taken":0,"max_hp_gain":0,"max_hp_loss":0,"event_name":"The Cleric","floor":11,"gold_loss":0},{"damage_healed":0,"gold_gain":0,"cards_transformed":["Strike_P"],"player_choice":"Transformed","damage_taken":0,"max_hp_gain":0,"max_hp_loss":0,"event_name":"Transmorgrifier","floor":19,"gold_loss":0,"cards_obtained":["MentalFortress"]},{"damage_healed":12,"gold_gain":0,"player_choice":"Heal","damage_taken":0,"max_hp_gain":0,"max_hp_loss":0,"event_name":"The Library","floor":21,"gold_loss":0},{"damage_healed":0,"gold_gain":0,"player_choice":"Obtained Book","damage_taken":21,"max_hp_gain":0,"max_hp_loss":0,"event_name":"Cursed Tome","floor":29,"gold_loss":0},{"cards_removed":["FlyingSleeves"],"damage_healed":0,"gold_gain":0,"player_choice":"Removed Attack","damage_taken":0,"max_hp_gain":0,"max_hp_loss":0,"event_name":"Falling","floor":37,"gold_loss":0},{"damage_healed":0,"gold_gain":999,"player_choice":"Gold","damage_taken":0,"max_hp_gain":0,"max_hp_loss":0,"event_name":"MindBloom","floor":38,"gold_loss":0,"cards_obtained":["Normality","Normality"]}],"is_beta":true,"boss_relics":[{"not_picked":["Busted Crown","Cursed Key"],"picked":"VioletLotus"},{"not_picked":["Tiny House","Sozu"],"picked":"Runic Pyramid"}],"items_purged_floors":[12,22,39,46,48],"is_endless":false,"potions_floor_spawned":[1,8,10,13,14,16,23,31,33,36,41,42,47],"ascension_level":17}