{"gold_per_floor":[119,119,44,44,60,60,75,75,75,89,115,129,146,159,159,235,235,252,267,182,107,123,123],"floor_reached":23,"playtime":1505,"items_purged":["Normality"],"score":351,"play_id":"36108a89-1c65-4175-bc23-f7718559c0d1","local_time":"20190419221258","is_ascension_mode":true,"campfire_choices":[{"data":"Sunder","floor":6.0,"key":"SMITH"},{"data":"Dualcast","floor":8.0,"key":"SMITH"},{"floor":15,"key":"REST"}],"neow_cost":"CURSE","seed_source_timestamp":0,"circlet_count":0,"master_deck":["AscendersBane","Strike_B+1","Strike_B+1","Strike_B","Defend_B","Defend_B","Defend_B","Defend_B","Zap","Dualcast+1","Sunder+1","Cold Snap","Ball Lightning","Conserve Battery","Buffer","Sweeping Beam","Go for the Eyes","Biased Cognition","Hyperbeam","Conserve Battery+1","Stack","Leap+1"],"special_seed":0,"relics":["Cracked Core","Torii","Whetstone","Juzu Bracelet","Black Star","Dream Catcher"],"potions_floor_usage":[13,18,23],"damage_taken":[{"damage":8.0,"enemies":"Small Slimes","floor":1.0,"turns":3.0},{"damage":0.0,"enemies":"2 Louse","floor":5.0,"turns":1.0},{"damage":0.0,"enemies":"Cultist","floor":7.0,"turns":2.0},{"damage":1.0,"enemies":"Large Slime","floor":10.0,"turns":5.0},{"damage":23,"enemies":"Lagavulin","floor":11,"turns":5},{"damage":0,"enemies":"2 Fungi Beasts","floor":12,"turns":2},{"damage":1,"enemies":"Exordium Wildlife","floor":13,"turns":3},{"damage":1,"enemies":"Looter","floor":14,"turns":2},{"damage":29,"enemies":"Slime Boss","floor":16,"turns":8},{"damage":17,"enemies":"2 Thieves","floor":18,"turns":4},{"damage":8,"enemies":"3 Byrds","floor":19,"turns":4},{"damage":21,"enemies":"Sentry and Sphere","floor":22,"turns":5},{"damage":15,"enemies":"Centurion and Healer","floor":23,"turns":6}],"seed_played":"-8012162161668367829","potions_obtained":[{"floor":5.0,"key":"SneckoOil"},{"floor":12,"key":"Explosive Potion"},{"floor":16,"key":"Swift Potion"},{"floor":22,"key":"Explosive Potion"}],"is_trial":false,"path_per_floor":["M","?","$","?","M","R","M","R","T","M","E","M","M","M","R","B",null,"M","M","?","?","M","M"],"character_chosen":"DEFECT","items_purchased":[],"campfire_rested":1,"item_purchase_floors":[],"current_hp_per_floor":[56,56,56,56,56,56,56,56,56,55,32,32,31,30,51,22,59,42,34,34,34,13,0],"gold":123,"neow_bonus":"ONE_RARE_RELIC","is_prod":false,"is_daily":false,"chose_seed":false,"campfire_upgraded":2,"win_rate":0,"timestamp":1555726378,"path_taken":["M","?","$","?","M","R","M","R","T","M","E","M","M","M","R","BOSS","M","M","?","?","M","M"],"build_version":"2019-01-23","purchased_purges":1,"victory":false,"max_hp_per_floor":[71,71,71,71,71,71,71,71,71,71,71,71,71,71,71,71,71,71,71,71,71,71,71],"card_choices":[{"not_picked":["Beam Cell","Scrape"],"picked":"Sunder","floor":1.0},{"not_picked":["Hologram","Aggregate"],"picked":"Cold Snap","floor":5.0},{"not_picked":["Steam Power","Coolheaded"],"picked":"Ball Lightning","floor":7.0},{"not_picked":["Rebound","Beam Cell"],"picked":"Conserve Battery","floor":10.0},{"not_picked":["Redo","Machine Learning"],"picked":"Buffer","floor":11},{"not_picked":["Darkness","Coolheaded"],"picked":"Sweeping Beam","floor":12},{"not_picked":["Cold Snap","Hologram"],"picked":"Go for the Eyes","floor":13},{"not_picked":["Steam","Reprogram"],"picked":"Biased Cognition","floor":14},{"not_picked":["Meteor Strike","Biased Cognition"],"picked":"Hyperbeam","floor":16},{"not_picked":["Blizzard","Lockon"],"picked":"Conserve Battery+1","floor":18},{"not_picked":["Sunder","Recycle"],"picked":"Stack","floor":19},{"not_picked":["Chaos","Undo"],"picked":"Leap+1","floor":22}],"player_experience":2501326,"relics_obtained":[{"floor":9.0,"key":"Whetstone"},{"floor":11,"key":"Juzu Bracelet"}],"event_choices":[{"damage_healed":0.0,"max_hp_gain":0.0,"max_hp_loss":0.0,"gold_gain":0.0,"event_name":"Liars Game","player_choice":"Ignored","floor":2.0,"gold_loss":0.0,"damage_taken":0.0},{"damage_healed":0.0,"max_hp_gain":0.0,"max_hp_loss":0.0,"gold_gain":0.0,"event_name":"Scrap Ooze","player_choice":"Fled","floor":4.0,"gold_loss":0.0,"damage_taken":0.0},{"damage_healed":0,"gold_gain":0,"player_choice":"Obtained Relic","damage_taken":0,"relics_obtained":["Dream Catcher"],"max_hp_gain":0,"max_hp_loss":0,"event_name":"Addict","floor":20,"gold_loss":85},{"cards_removed":["Strike_B"],"damage_healed":0,"gold_gain":0,"player_choice":"Gave Gold","damage_taken":0,"max_hp_gain":0,"max_hp_loss":0,"event_name":"Beggar","floor":21,"gold_loss":75}],"is_beta":false,"boss_relics":[{"not_picked":["Runic Dome","Astrolabe"],"picked":"Black Star"}],"items_purged_floors":[3],"is_endless":false,"potions_floor_spawned":[5,12,16,22],"killed_by":"Centurion and Healer","ascension_level":16}