{"gold_per_floor":[116,3,3,19,29,49,61,61,61,74,74,74,92,92,92,187,187,199,199,199,199,199,199,216,8,32,32,47,47,47,66,66,66],"floor_reached":33,"playtime":1167,"items_purged":[],"score":262,"play_id":"46a65f2d-006b-4be5-9f24-065146f31356","local_time":"20190717151518","is_ascension_mode":false,"campfire_choices":[{"floor":8,"key":"REST"},{"data":"Backstab","floor":12,"key":"SMITH"},{"data":"Blur","floor":15,"key":"SMITH"},{"floor":23,"key":"REST"},{"floor":27,"key":"REST"},{"data":"Dash","floor":30,"key":"SMITH"},{"floor":32,"key":"REST"}],"neow_cost":"NONE","seed_source_timestamp":190460058318458,"circlet_count":0,"master_deck":["Strike_G","Strike_G","Strike_G","Strike_G","Strike_G","Defend_G","Defend_G","Defend_G","Defend_G","Defend_G","Survivor","Neutralize","Night Terror","Dagger Spray","Swift Strike","Dagger Throw","Regret","Caltrops","Blur+1","Blur","Noxious Fumes","Backstab+1","Parasite","Leg Sweep+1","Pain","Glass Knife","Dagger Throw+1","J.A.X.+1","Terror+1","Cloak And Dagger+1","Deflect+1","Quick Slash","Noxious Fumes","Poisoned Stab","Dash+1","Accuracy+1"],"relics":["Ring of the Snake","Regal Pillow","Toxic Egg 2","WarpedTongs","WristBlade","Art of War","Smiling Mask"],"potions_floor_usage":[16,16,28,28],"damage_taken":[{"damage":9,"enemies":"2 Louse","floor":1,"turns":3},{"damage":7,"enemies":"Small Slimes","floor":4,"turns":3},{"damage":1,"enemies":"Cultist","floor":5,"turns":4},{"damage":11,"enemies":"2 Fungi Beasts","floor":6,"turns":5},{"damage":4,"enemies":"Blue Slaver","floor":7,"turns":4},{"damage":10,"enemies":"Large Slime","floor":10,"turns":7},{"damage":2,"enemies":"Looter","floor":13,"turns":3},{"damage":32,"enemies":"The Guardian","floor":16,"turns":12},{"damage":6,"enemies":"3 Byrds","floor":18,"turns":6},{"damage":18,"enemies":"2 Thieves","floor":24,"turns":4},{"damage":17,"enemies":"Centurion and Healer","floor":28,"turns":5},{"damage":23,"enemies":"Sentry and Sphere","floor":31,"turns":4},{"damage":75,"enemies":"Collector","floor":33,"turns":7}],"seed_played":"-3282311255077901626","potions_obtained":[{"floor":4,"key":"LiquidBronze"},{"floor":5,"key":"PowerPotion"},{"floor":10,"key":"Ancient Potion"},{"floor":24,"key":"Regen Potion"},{"floor":28,"key":"Energy Potion"}],"is_trial":false,"path_per_floor":["M","$","?","M","M","M","M","R","T","M","?","R","M","?","R","B",null,"M","?","?","T","?","R","M","$","T","R","M","?","R","M","R","B"],"character_chosen":"THE_SILENT","items_purchased":["Swift Strike","Dagger Throw","Deflect+1","Quick Slash","Poisoned Stab","Noxious Fumes"],"campfire_rested":4,"item_purchase_floors":[2,2,25,25,25,25],"current_hp_per_floor":[61,61,61,54,53,42,38,70,70,60,70,70,68,68,68,36,70,64,64,64,64,51,75,57,57,57,75,67,67,67,44,75,0],"gold":66,"neow_bonus":"ONE_RANDOM_RARE_CARD","is_prod":false,"is_daily":false,"chose_seed":false,"campfire_upgraded":3,"win_rate":0.0,"timestamp":1563387318,"path_taken":["M","$","?","M","M","M","M","R","T","M","?","R","M","?","R","BOSS","M","?","?","?","?","R","M","?","T","R","M","?","R","?","R","BOSS"],"build_version":"2019-07-05","purchased_purges":0,"victory":false,"max_hp_per_floor":[70,70,70,70,70,70,70,70,70,70,70,70,70,70,70,70,70,70,70,70,70,75,75,75,75,75,75,75,75,75,75,75,75],"card_choices":[{"not_picked":["Outmaneuver","Dagger Throw"],"picked":"Dagger Spray","floor":1},{"not_picked":["Footwork","Deflect"],"picked":"Caltrops","floor":4},{"not_picked":["Flying Knee","Skewer"],"picked":"Blur","floor":5},{"not_picked":["Cloak And Dagger","Concentrate"],"picked":"Blur","floor":6},{"not_picked":["Underhanded Strike","Bane"],"picked":"Noxious Fumes","floor":7},{"not_picked":["Tools of the Trade","Caltrops"],"picked":"Backstab","floor":10},{"not_picked":["PiercingWail+1","Outmaneuver+1"],"picked":"Leg Sweep+1","floor":13},{"not_picked":["Doppelganger+1","Burst+1"],"picked":"Glass Knife","floor":16},{"not_picked":["Reflex+1","Bane+1"],"picked":"Dagger Throw+1","floor":18},{"not_picked":["Underhanded Strike","Sucker Punch"],"picked":"Cloak And Dagger+1","floor":24},{"not_picked":["Footwork","Flying Knee"],"picked":"Poisoned Stab","floor":28},{"not_picked":["Acrobatics+1","Bouncing Flask+1"],"picked":"Accuracy+1","floor":31}],"player_experience":190555,"relics_obtained":[{"floor":9,"key":"Toxic Egg 2"},{"floor":21,"key":"Art of War"},{"floor":26,"key":"Smiling Mask"}],"event_choices":[{"damage_healed":0,"gold_gain":0,"player_choice":"Box","damage_taken":0,"relics_obtained":["Regal Pillow"],"max_hp_gain":0,"max_hp_loss":0,"event_name":"Big Fish","floor":3,"gold_loss":0,"cards_obtained":["Regret"]},{"damage_healed":17,"gold_gain":0,"player_choice":"Healed and dodged fight","damage_taken":0,"max_hp_gain":0,"max_hp_loss":0,"event_name":"Mushrooms","floor":11,"gold_loss":0,"cards_obtained":["Parasite"]},{"damage_healed":0,"gold_gain":0,"player_choice":"Rummage","damage_taken":0,"relics_obtained":["WarpedTongs"],"max_hp_gain":0,"max_hp_loss":0,"event_name":"Accursed Blacksmith","floor":14,"gold_loss":0,"cards_obtained":["Pain"]},{"damage_healed":0,"gold_gain":0,"player_choice":"Obtain J.A.X.","damage_taken":0,"max_hp_gain":0,"max_hp_loss":0,"event_name":"Drug Dealer","floor":19,"gold_loss":0,"cards_obtained":["J.A.X."]},{"damage_healed":0,"gold_gain":0,"player_choice":"Read","damage_taken":0,"max_hp_gain":0,"max_hp_loss":0,"event_name":"The Library","floor":20,"gold_loss":0,"cards_obtained":["Terror"]},{"damage_healed":0,"gold_gain":0,"player_choice":"Shed Blood","damage_taken":18,"max_hp_gain":5,"max_hp_loss":0,"event_name":"Forgotten Altar","floor":22,"gold_loss":0},{"damage_healed":0,"gold_gain":0,"cards_transformed":["Poisoned Stab"],"player_choice":"Transformed","damage_taken":0,"max_hp_gain":0,"max_hp_loss":0,"event_name":"Transmorgrifier","floor":29,"gold_loss":0,"cards_obtained":["Dash"]}],"is_beta":false,"boss_relics":[{"not_picked":["Fusion Hammer","Runic Dome"],"picked":"WristBlade"}],"items_purged_floors":[],"is_endless":false,"potions_floor_spawned":[4,5,10,24,28],"killed_by":"Collector","ascension_level":0}