{"gold_per_floor":[215,215,233,106,119,119,44,44,69,69,81,81,81,99,99,173,173,185,196,207,59,59,59,59],"floor_reached":24,"playtime":1495,"items_purged":["Regret","Strike_B"],"score":316,"play_id":"45feb717-f955-4a37-85d2-ba2a623d45f1","local_time":"20190221220429","is_ascension_mode":true,"campfire_choices":[{"data":"Hologram","floor":6,"key":"SMITH"},{"data":"Hologram","floor":8,"key":"SMITH"},{"data":"Streamline","floor":12,"key":"SMITH"},{"floor":15,"key":"REST"},{"data":"Chill","floor":23,"key":"SMITH"}],"neow_cost":"NONE","seed_source_timestamp":853916299624032,"circlet_count":0,"master_deck":["AscendersBane","Strike_B+1","Defend_B+1","Defend_B","Zap","Dualcast","Genetic Algorithm+1","Streamline+1","Gash+1","Hologram+1","Rebound","Hologram+1","Chill+1","Steam","Seek","Self Repair","Go for the Eyes+1","Compile Driver","Sweeping Beam","Reprogram","Stack"],"relics":["Cracked Core","War Paint","Vajra","Empty Cage"],"potions_floor_usage":[14,20,24,24],"damage_taken":[{"damage":0,"enemies":"Small Slimes","floor":1,"turns":3},{"damage":7,"enemies":"2 Louse","floor":3,"turns":4},{"damage":3,"enemies":"Jaw Worm","floor":5,"turns":3},{"damage":0,"enemies":"2 Fungi Beasts","floor":11,"turns":3},{"damage":11,"enemies":"Looter","floor":14,"turns":3},{"damage":6,"enemies":"Slime Boss","floor":16,"turns":8},{"damage":0,"enemies":"Spheric Guardian","floor":18,"turns":3},{"damage":2,"enemies":"Chosen","floor":19,"turns":5},{"damage":6,"enemies":"Shelled Parasite and Fungi","floor":20,"turns":6},{"damage":70,"enemies":"Gremlin Leader","floor":24,"turns":6}],"seed_played":"-2894118702377779182","potions_obtained":[{"floor":3,"key":"SkillPotion"},{"floor":5,"key":"Dexterity Potion"},{"floor":19,"key":"AttackPotion"},{"floor":20,"key":"Dexterity Potion"}],"is_trial":false,"path_per_floor":["M","?","M","$","M","R","$","R","T","?","M","R","?","M","R","B",null,"M","M","M","$","?","R","E"],"character_chosen":"DEFECT","items_purchased":["Gash","Rebound","Hologram","Sweeping Beam"],"campfire_rested":1,"item_purchase_floors":[4,7,7,21],"current_hp_per_floor":[64,64,57,57,54,54,54,54,54,40,40,40,40,29,50,44,64,64,62,63,63,63,63,0],"gold":59,"neow_bonus":"HUNDRED_GOLD","is_prod":false,"is_daily":false,"chose_seed":false,"campfire_upgraded":4,"win_rate":0,"timestamp":1550804669,"path_taken":["M","?","M","$","M","R","$","R","T","?","M","R","?","M","R","BOSS","M","M","M","$","?","R","E"],"build_version":"2019-01-23","purchased_purges":2,"victory":false,"max_hp_per_floor":[71,71,71,71,71,71,71,71,71,71,71,71,71,71,71,71,71,71,71,71,71,71,71,71],"card_choices":[{"not_picked":["Cold Snap","Barrage"],"picked":"Genetic Algorithm","floor":1},{"not_picked":["Go for the Eyes","Rebound"],"picked":"Streamline","floor":3},{"not_picked":["Coolheaded","Cold Snap"],"picked":"Hologram","floor":5},{"not_picked":["Redo","Coolheaded"],"picked":"Chill","floor":11},{"not_picked":["FTL","Hello World"],"picked":"Steam","floor":14},{"not_picked":["Buffer","Multi-Cast"],"picked":"Seek","floor":16},{"not_picked":["Leap","Steam"],"picked":"Self Repair","floor":18},{"not_picked":["Sweeping Beam","Barrage"],"picked":"Go for the Eyes+1","floor":19},{"not_picked":["Conserve Battery","Rebound"],"picked":"Compile Driver","floor":20}],"player_experience":2306682,"relics_obtained":[{"floor":9,"key":"Vajra"}],"event_choices":[{"damage_healed":0,"gold_gain":0,"player_choice":"Box","damage_taken":0,"relics_obtained":["War Paint"],"max_hp_gain":0,"max_hp_loss":0,"event_name":"Big Fish","floor":2,"gold_loss":0,"cards_obtained":["Regret"]},{"damage_healed":0,"gold_gain":0,"player_choice":"Entered Light","damage_taken":14,"max_hp_gain":0,"max_hp_loss":0,"event_name":"Shining Light","floor":10,"gold_loss":0,"cards_upgraded":["Gash","Strike_B"]},{"damage_healed":0,"gold_gain":0,"player_choice":"Ignored","damage_taken":0,"max_hp_gain":0,"max_hp_loss":0,"event_name":"Liars Game","floor":13,"gold_loss":0},{"damage_healed":0,"gold_gain":0,"cards_transformed":["Strike_B","Defend_B"],"player_choice":"Became Test Subject","damage_taken":0,"max_hp_gain":0,"max_hp_loss":0,"event_name":"Drug Dealer","floor":22,"gold_loss":0,"cards_obtained":["Reprogram","Stack"]}],"is_beta":false,"boss_relics":[{"not_picked":["Cursed Key","Inserter"],"picked":"Empty Cage"}],"items_purged_floors":[4,21],"is_endless":false,"potions_floor_spawned":[3,5,11,19,20],"killed_by":"Gremlin Leader","ascension_level":14}