{"gold_per_floor":[119,219,234,234,85,118,118,133,133,146,203,213,213,231,231,231],"floor_reached":16,"playtime":4202,"items_purged":["Normality"],"score":118,"play_id":"82be80ed-1fac-4a24-a872-c942983df102","local_time":"20180628190159","is_ascension_mode":true,"campfire_choices":[{"floor":7,"key":"REST"},{"floor":13,"key":"REST"},{"floor":15,"key":"REST"}],"neow_cost":"NONE","seed_source_timestamp":1685087121005998,"circlet_count":0,"master_deck":["Strike_B","Strike_B","Strike_B","Strike_B","Defend_B","Defend_B","Defend_B","Defend_B","Zap","Dualcast","Sweeping Beam","Darkness","Rebound","Melter","Hologram","Conserve Battery","Hologram","Conserve Battery","Double Energy","Compile Driver"],"relics":["Cracked Core","Darkstone Periapt","Lantern","Bag of Preparation","Tiny Chest"],"potions_floor_usage":[6,16],"damage_taken":[{"damage":1,"enemies":"Jaw Worm","floor":1,"turns":3},{"damage":1,"enemies":"Cultist","floor":3,"turns":3},{"damage":35,"enemies":"Gremlin Nob","floor":6,"turns":4},{"damage":4,"enemies":"Small Slimes","floor":8,"turns":2},{"damage":3,"enemies":"Exordium Wildlife","floor":10,"turns":4},{"damage":32,"enemies":"Lagavulin","floor":11,"turns":8},{"damage":0,"enemies":"Large Slime","floor":12,"turns":4},{"damage":7,"enemies":"Blue Slaver","floor":14,"turns":2},{"damage":70,"enemies":"Hexaghost","floor":16,"turns":9}],"seed_played":"-6160170038176491750","potions_obtained":[{"floor":1,"key":"Swift Potion"},{"floor":14,"key":"FearPotion"}],"is_trial":false,"path_per_floor":["M","?","M","?","$","E","R","M","T","M","E","M","R","M","R"],"character_chosen":"DEFECT","items_purchased":["Melter"],"campfire_rested":3,"item_purchase_floors":[5],"current_hp_per_floor":[74,74,73,79,79,44,68,64,64,61,29,29,53,46,70,0],"gold":231,"neow_bonus":"THREE_CARDS","is_prod":false,"is_daily":false,"chose_seed":false,"campfire_upgraded":0,"win_rate":0.0,"timestamp":1530226919,"path_taken":["M","?","M","?","$","E","R","M","T","?","E","M","R","M","R","BOSS"],"build_version":"2018-06-21v2","purchased_purges":1,"victory":false,"max_hp_per_floor":[75,75,75,81,81,81,81,81,81,81,81,81,81,81,81,81],"card_choices":[{"not_picked":["Leap","Compile Driver"],"picked":"Sweeping Beam","floor":0},{"not_picked":["Aggregate","BootSequence"],"picked":"Darkness","floor":1},{"not_picked":["Sweeping Beam","Gash"],"picked":"Rebound","floor":3},{"not_picked":["Reboot","Blizzard"],"picked":"Hologram","floor":6},{"not_picked":["Skim","Go for the Eyes"],"picked":"Conserve Battery","floor":8},{"not_picked":["Steam","Leap"],"picked":"Hologram","floor":10},{"not_picked":["Melter","Steam Power"],"picked":"Conserve Battery","floor":11},{"not_picked":["Defragment","Sweeping Beam"],"picked":"Double Energy","floor":12},{"not_picked":["Consume","Streamline"],"picked":"Compile Driver","floor":14}],"player_experience":1230893,"relics_obtained":[{"floor":6,"key":"Lantern"},{"floor":9,"key":"Bag of Preparation"},{"floor":11,"key":"Tiny Chest"}],"event_choices":[{"event_name":"Golden Shrine","player_choice":"Pray","floor":2,"damage_taken":0},{"event_name":"Accursed Blacksmith","player_choice":"Rummage","floor":4,"damage_taken":0}],"boss_relics":[],"items_purged_floors":[5],"is_endless":false,"potions_floor_spawned":[1,14],"killed_by":"Hexaghost","ascension_level":1}