{"gold_per_floor":[111,131,13,88,88,88,113,145,198,7,7,18,18,18,18,18],"floor_reached":16,"playtime":476,"items_purged":[],"score":101,"play_id":"16aa5c54-caf2-46f8-a7e6-4dcf3bcf6b22","local_time":"20190906145705","is_ascension_mode":true,"campfire_choices":[{"floor":6,"key":"REST"},{"floor":11,"key":"REST"},{"floor":15,"key":"REST"}],"neow_cost":"PERCENT_DAMAGE","seed_source_timestamp":3665304951686,"circlet_count":0,"master_deck":["Strike_G","Strike_G","Strike_G","Strike_G","Strike_G","Defend_G","Defend_G","Defend_G","Defend_G","Defend_G","Survivor","Neutralize","Flying Knee","Masterful Stab","Blade Dance","Backflip","Quick Slash","Regret","Setup","Crippling Poison","Noxious Fumes","Choke"],"relics":["Ring of the Snake","Nunchaku","Lantern","Centennial Puzzle","Ninja Scroll","Bronze Scales","Juzu Bracelet","Dream Catcher"],"potions_floor_usage":[8,16],"damage_taken":[{"damage":1,"enemies":"Cultist","floor":1,"turns":4},{"damage":0,"enemies":"Small Slimes","floor":2,"turns":4},{"damage":25,"enemies":"Gremlin Nob","floor":8,"turns":5},{"damage":6,"enemies":"Jaw Worm","floor":12,"turns":2},{"damage":61,"enemies":"The Guardian","floor":16,"turns":8}],"seed_played":"-2271552281873444468","potions_obtained":[{"floor":1,"key":"Block Potion"},{"floor":8,"key":"PowerPotion"}],"is_trial":false,"path_per_floor":["M","M","$","?","?","R","T","E","T","$","R","M","$","?","R","B"],"character_chosen":"THE_SILENT","items_purchased":["Blade Dance","Backflip","Quick Slash","Juzu Bracelet","Crippling Poison"],"campfire_rested":3,"item_purchase_floors":[3,3,3,10,10],"current_hp_per_floor":[48,48,48,37,37,58,58,33,33,33,54,48,48,36,57,0],"gold":18,"neow_bonus":"ONE_RARE_RELIC","is_prod":false,"is_daily":false,"chose_seed":false,"campfire_upgraded":0,"win_rate":0,"timestamp":1567792625,"path_taken":["M","?","$","?","?","R","?","E","T","?","R","M","$","?","R","BOSS"],"build_version":"2019-07-17","purchased_purges":0,"victory":false,"max_hp_per_floor":[70,70,70,70,70,70,70,70,70,70,70,70,70,70,70,70],"card_choices":[{"not_picked":["Eviscerate","Expertise"],"picked":"Flying Knee","floor":1},{"not_picked":["Well Laid Plans","Concentrate"],"picked":"Masterful Stab","floor":2},{"not_picked":["Bane","Prepared"],"picked":"Setup","floor":8},{"not_picked":["Acrobatics","Outmaneuver"],"picked":"Noxious Fumes","floor":12},{"not_picked":["Riddle With Holes","Quick Slash"],"picked":"Choke","floor":15}],"player_experience":380202,"relics_obtained":[{"floor":7,"key":"Centennial Puzzle"},{"floor":8,"key":"Ninja Scroll"},{"floor":9,"key":"Bronze Scales"}],"event_choices":[{"damage_healed":0,"gold_gain":75,"player_choice":"Gather Gold","damage_taken":11,"max_hp_gain":0,"max_hp_loss":0,"event_name":"World of Goop","floor":4,"gold_loss":0},{"damage_healed":0,"gold_gain":0,"player_choice":"Box","damage_taken":0,"relics_obtained":["Lantern"],"max_hp_gain":0,"max_hp_loss":0,"event_name":"Big Fish","floor":5,"gold_loss":0,"cards_obtained":["Regret"]},{"damage_healed":0,"gold_gain":0,"player_choice":"Success","damage_taken":12,"relics_obtained":["Dream Catcher"],"max_hp_gain":0,"max_hp_loss":0,"event_name":"Scrap Ooze","floor":14,"gold_loss":0}],"is_beta":false,"boss_relics":[],"items_purged_floors":[],"is_endless":false,"potions_floor_spawned":[1,8],"killed_by":"The Guardian","ascension_level":1}