{"gold_per_floor":[118,19,33,33,44,76,76,95,95,106,141,141,91,102,102,204,204,214,227,227,252,265,265,290,47,92,92,125,125,142,142],"floor_reached":31,"playtime":2370,"items_purged":["Strike_R"],"score":528,"play_id":"49caeb07-9b6e-4841-984d-c792ad696ccc","local_time":"20180919002412","is_ascension_mode":true,"campfire_choices":[{"floor":7,"key":"REST"},{"data":"Dual Wield","floor":12,"key":"SMITH"},{"data":"Rupture","floor":15,"key":"SMITH"},{"floor":23,"key":"REST"},{"floor":27,"key":"REST"}],"neow_cost":"NONE","seed_source_timestamp":211231689379709,"circlet_count":0,"master_deck":["Strike_R+1","Strike_R+1","Strike_R+1","Strike_R+1","Defend_R+1","Defend_R+1","Defend_R+1","Bash+1","AscendersBane","Flex","Wild Strike+1","Perfected Strike+1","Bloodletting","Dual Wield+1","Juggernaut","Pommel Strike","Rupture+1","Whirlwind","Reaper","Perfected Strike+1","True Grit","Armaments","Pommel Strike+1","Bloodletting+1"],"relics":["Burning Blood","Ginger","Mango","Incense Burner","Mark of Pain","Whetstone","Pantograph","Mummified Hand","Art of War","Potion Belt"],"potions_floor_usage":[6,16,16,18,19,24,30],"damage_taken":[{"damage":4,"enemies":"Jaw Worm","floor":1,"turns":4},{"damage":0,"enemies":"2 Louse","floor":3,"turns":2},{"damage":1,"enemies":"Cultist","floor":5,"turns":3},{"damage":38,"enemies":"Lagavulin","floor":6,"turns":6},{"damage":9,"enemies":"2 Fungi Beasts","floor":8,"turns":3},{"damage":0,"enemies":"Large Slime","floor":10,"turns":6},{"damage":30,"enemies":"Gremlin Nob","floor":11,"turns":4},{"damage":6,"enemies":"Exordium Thugs","floor":14,"turns":4},{"damage":0,"enemies":"Slime Boss","floor":16,"turns":5},{"damage":36,"enemies":"Shell Parasite","floor":18,"turns":3},{"damage":21,"enemies":"3 Byrds","floor":19,"turns":5},{"damage":20,"enemies":"Cultist and Chosen","floor":22,"turns":5},{"damage":53,"enemies":"Book of Stabbing","floor":24,"turns":5},{"damage":56,"enemies":"Slavers","floor":28,"turns":5},{"damage":19,"enemies":"Shelled Parasite and Fungi","floor":30,"turns":5},{"damage":113,"enemies":"Gremlin Leader","floor":31,"turns":6}],"seed_played":"1121669146124436583","potions_obtained":[{"floor":3,"key":"FearPotion"},{"floor":5,"key":"Poison Potion"},{"floor":11,"key":"AttackPotion"},{"floor":14,"key":"SteroidPotion"},{"floor":16,"key":"FearPotion"},{"floor":19,"key":"Strength Potion"},{"floor":28,"key":"LiquidBronze"}],"is_trial":false,"path_per_floor":["M","$","M","?","M","E","R","M","T","M","E","R","?","M","R","B",null,"M","M","?","T","M","R","E","$","T","R","E","?","M"],"character_chosen":"IRONCLAD","items_purchased":["Wild Strike","Mummified Hand"],"campfire_rested":3,"item_purchase_floors":[2,25],"current_hp_per_floor":[74,74,80,85,85,53,78,75,89,95,71,71,71,71,71,77,94,64,64,64,64,51,80,39,39,39,68,33,99,86,0],"gold":142,"neow_bonus":"UPGRADE_CARD","is_prod":false,"is_daily":false,"chose_seed":false,"campfire_upgraded":2,"win_rate":0,"timestamp":1537331052,"path_taken":["M","$","M","?","M","E","R","M","T","M","E","R","?","M","R","BOSS","M","M","?","?","?","R","E","$","T","R","E","?","M","E"],"build_version":"2018-08-23v2","purchased_purges":1,"victory":false,"max_hp_per_floor":[80,80,80,85,85,85,85,85,99,99,99,99,99,99,99,99,99,99,99,99,99,99,99,99,99,99,99,99,99,99,99],"card_choices":[{"not_picked":["Iron Wave","Pommel Strike"],"picked":"Flex","floor":1},{"not_picked":["Armaments","True Grit"],"picked":"Perfected Strike","floor":3},{"not_picked":["Clothesline","Seeing Red"],"picked":"Bloodletting","floor":5},{"not_picked":["Shrug It Off","Fire Breathing"],"picked":"Dual Wield","floor":6},{"not_picked":["True Grit","Havoc"],"picked":"Juggernaut","floor":8},{"not_picked":["Sword Boomerang","Carnage"],"picked":"Pommel Strike","floor":10},{"not_picked":["Dual Wield","Flex"],"picked":"Rupture","floor":11},{"not_picked":["Headbutt","Second Wind"],"picked":"Whirlwind","floor":14},{"not_picked":["Limit Break","Double Tap"],"picked":"Reaper","floor":16},{"not_picked":["Shrug It Off+1","Seeing Red"],"picked":"Perfected Strike+1","floor":18},{"not_picked":["Thunderclap+1","Anger+1"],"picked":"Pummel","floor":19},{"not_picked":["Twin Strike+1","Body Slam"],"picked":"True Grit","floor":22},{"not_picked":["Burning Pact","Juggernaut"],"picked":"Armaments","floor":24},{"not_picked":["Havoc","Rampage"],"picked":"Pommel Strike+1","floor":28},{"not_picked":["Iron Wave","Metallicize"],"picked":"Bloodletting+1","floor":30}],"player_experience":1739324,"relics_obtained":[{"floor":6,"key":"Ginger"},{"floor":9,"key":"Mango"},{"floor":11,"key":"Incense Burner"},{"floor":21,"key":"Whetstone"},{"floor":24,"key":"Pantograph"},{"floor":26,"key":"Art of War"},{"floor":28,"key":"Potion Belt"}],"event_choices":[{"event_name":"Big Fish","player_choice":"Donut","floor":4,"damage_taken":0},{"event_name":"The Cleric","player_choice":"Card Removal","floor":13,"damage_taken":0},{"event_name":"Back to Basics","player_choice":"Simplicity","floor":20,"damage_taken":0},{"event_name":"Bonfire Elementals","player_choice":"UNCOMMON","floor":29,"damage_taken":0}],"is_beta":false,"boss_relics":[{"not_picked":["Busted Crown","Black Blood"],"picked":"Mark of Pain"}],"items_purged_floors":[2],"is_endless":false,"potions_floor_spawned":[3,5,11,14,16,19,28],"killed_by":"Gremlin Leader","ascension_level":10}