{"gold_per_floor":[109,126,17,17,28,28,53,53,53,67,78,104,104,136,136,215,215,228,6,21,41,41,67,67,95,95,107,125,13,13,13,13,13],"floor_reached":33,"playtime":2337,"items_purged":[],"score":660,"play_id":"15f51e08-e857-45f7-be24-e72f4cddbff5","local_time":"20190924213727","is_ascension_mode":true,"campfire_choices":[{"data":"Eruption","floor":6.0,"key":"SMITH"},{"data":"Devotion","floor":8.0,"key":"SMITH"},{"data":"SashWhip","floor":13.0,"key":"SMITH"},{"data":"TalkToTheHand","floor":15.0,"key":"SMITH"},{"floor":24.0,"key":"REST"},{"floor":30.0,"key":"REST"},{"floor":32.0,"key":"REST"}],"neow_cost":"NONE","seed_source_timestamp":0,"circlet_count":0,"master_deck":["AscendersBane","Strike_P","Strike_P","Strike_P+1","Strike_P","Defend_P","Defend_P","Defend_P","Eruption+1","Vigilance","DeceiveReality","Crescendo","EmptyFist","TalkToTheHand+1","Devotion+1","BowlingBash","SashWhip+1","TalkToTheHand+1","Blasphemy","Sanctity","Establishment","ThirdEye","SandsOfTime","Prostrate+1"],"special_seed":0,"relics":["HolyWater","Blood Vial","Shuriken","Singing Bowl","Whetstone","Orichalcum","Happy Flower","Omamori","Toxic Egg 2","Letter Opener","Nilry\u0027s Codex"],"potions_floor_usage":[],"damage_taken":[{"damage":0.0,"enemies":"2 Louse","floor":1.0,"turns":6.0},{"damage":0.0,"enemies":"Cultist","floor":2.0,"turns":3.0},{"damage":0.0,"enemies":"Jaw Worm","floor":5.0,"turns":3.0},{"damage":4.0,"enemies":"Gremlin Nob","floor":7.0,"turns":3.0},{"damage":5.0,"enemies":"Red Slaver","floor":10.0,"turns":3.0},{"damage":12.0,"enemies":"Looter","floor":11.0,"turns":4.0},{"damage":17.0,"enemies":"3 Sentries","floor":12.0,"turns":6.0},{"damage":0.0,"enemies":"Lagavulin","floor":14.0,"turns":7.0},{"damage":10.0,"enemies":"The Guardian","floor":16.0,"turns":11.0},{"damage":3.0,"enemies":"Chosen","floor":18.0,"turns":4.0},{"damage":10.0,"enemies":"Shell Parasite","floor":20.0,"turns":5.0},{"damage":18.0,"enemies":"Cultist and Chosen","floor":21.0,"turns":6.0},{"damage":23.0,"enemies":"Slavers","floor":23.0,"turns":5.0},{"damage":17.0,"enemies":"Gremlin Leader","floor":25.0,"turns":3.0},{"damage":0.0,"enemies":"Centurion and Healer","floor":27.0,"turns":5.0},{"damage":8.0,"enemies":"3 Cultists","floor":28.0,"turns":5.0},{"damage":40,"enemies":"Collector","floor":33,"turns":6}],"seed_played":"-811233336598800424","potions_obtained":[{"floor":1.0,"key":"Weak Potion"},{"floor":7.0,"key":"Fire Potion"},{"floor":14.0,"key":"SkillPotion"},{"floor":16.0,"key":"Dexterity Potion"},{"floor":18.0,"key":"PowerPotion"},{"floor":22.0,"key":"AttackPotion"},{"floor":23.0,"key":"PowerPotion"},{"floor":25.0,"key":"Weak Potion"}],"is_trial":false,"path_per_floor":["M","M","$","?","M","R","E","R","T","M","M","E","R","E","R","B",null,"M","$","M","M","?","E","R","E","T","M","M","$","R","?","R","B"],"character_chosen":"WATCHER","items_purchased":["Fire Potion","EmptyFist","Sanctity","Happy Flower","Prostrate+1","SteroidPotion"],"campfire_rested":3,"item_purchase_floors":[3,3,19,19,29,29],"current_hp_per_floor":[57,59,59,52,54,54,52,52,52,49,39,24,24,28,28,20,52,53,53,45,29,29,10,30,17,17,19,15,15,36,15,36,0],"gold":13,"neow_bonus":"RANDOM_COMMON_RELIC","is_prod":false,"is_daily":false,"chose_seed":false,"campfire_upgraded":4,"win_rate":0,"timestamp":1569317847,"path_taken":["M","M","$","?","M","R","E","R","T","M","M","E","R","E","R","BOSS","M","$","M","M","?","E","R","E","T","?","M","$","R","?","R","BOSS"],"build_version":"2019-09-23","purchased_purges":0,"victory":false,"max_hp_per_floor":[61,61,61,61,61,61,61,61,61,61,61,61,61,63,63,63,63,65,65,65,65,65,67,67,69,69,69,71,71,71,71,71,71],"card_choices":[{"not_picked":["WreathOfFlame","EmptyBody"],"picked":"DeceiveReality","floor":1.0},{"not_picked":["Consecrate","Devotion"],"picked":"Crescendo","floor":2.0},{"not_picked":["EmptyBody","Protect"],"picked":"TalkToTheHand","floor":5.0},{"not_picked":["DeceiveReality","ClearTheMind"],"picked":"Devotion","floor":7.0},{"not_picked":["FlyingSleeves","Tantrum"],"picked":"BowlingBash","floor":10.0},{"not_picked":["JustLucky","Adaptation"],"picked":"SashWhip","floor":11.0},{"not_picked":["ThirdEye","Protect"],"picked":"TalkToTheHand","floor":12.0},{"not_picked":["Halt","Weave","JustLucky"],"picked":"Singing Bowl","floor":14.0},{"not_picked":["DeusExMachina","DevaForm"],"picked":"Blasphemy","floor":16.0},{"not_picked":["FlyingSleeves","EmptyBody","Protect"],"picked":"Singing Bowl","floor":18.0},{"not_picked":["BattleHymn","Collect"],"picked":"Establishment","floor":20.0},{"not_picked":["Evaluate","Weave+1"],"picked":"ThirdEye","floor":21.0},{"not_picked":["CleanseEvil","Crescendo","ThirdEye"],"picked":"Singing Bowl","floor":23.0},{"not_picked":["Metaphysics","BowlingBash+1","MentalFortress+1"],"picked":"Singing Bowl","floor":25.0},{"not_picked":["BowlingBash","CrushJoints"],"picked":"SandsOfTime","floor":27.0},{"not_picked":["Wireheading","FollowUp","JustLucky"],"picked":"Singing Bowl","floor":28.0}],"player_experience":1230809,"relics_obtained":[{"floor":7.0,"key":"Shuriken"},{"floor":9.0,"key":"Singing Bowl"},{"floor":12.0,"key":"Whetstone"},{"floor":14.0,"key":"Orichalcum"},{"floor":23.0,"key":"Omamori"},{"floor":25.0,"key":"Toxic Egg 2"},{"floor":26.0,"key":"Letter Opener"},{"floor":31.0,"key":"Nilry\u0027s Codex"}],"event_choices":[{"cards_removed":["Defend_P"],"damage_healed":0.0,"max_hp_gain":0.0,"max_hp_loss":0.0,"gold_gain":0.0,"event_name":"Golden Wing","player_choice":"Card Removal","floor":4.0,"gold_loss":0.0,"damage_taken":7.0},{"damage_healed":0.0,"max_hp_gain":0.0,"max_hp_loss":0.0,"gold_gain":0.0,"event_name":"Lab","player_choice":"Got Potions","floor":22.0,"gold_loss":0.0,"damage_taken":0.0},{"damage_healed":0.0,"max_hp_gain":0.0,"max_hp_loss":0.0,"gold_gain":0.0,"event_name":"Cursed Tome","player_choice":"Obtained Book","floor":31.0,"gold_loss":0.0,"damage_taken":21.0}],"is_beta":true,"boss_relics":[{"not_picked":["Busted Crown","SlaversCollar"],"picked":"HolyWater"}],"items_purged_floors":[],"is_endless":false,"potions_floor_spawned":[1,7,14,16,18,23,25],"killed_by":"Collector","ascension_level":20}