{"gold_per_floor":[114,114,23,23,42,42,67,17,43,43,69,80,100,116,116,195,195,213,5,21,21,41,41,68,88,88,88,101,121,138,150,150,224,224,235,535,29,29,44,44,70,70,70,21,21,48,48,65,65,65],"floor_reached":50,"playtime":4296,"items_purged":["Strike_G","Strike_G"],"score":1052,"play_id":"cc01d1eb-b221-4cb8-a6fb-372724dedcc4","local_time":"20181202011244","is_ascension_mode":true,"campfire_choices":[{"floor":6.0,"key":"RECALL"},{"floor":15.0,"key":"REST"},{"data":"A Thousand Cuts","floor":23,"key":"SMITH"},{"floor":32,"key":"REST"},{"floor":40,"key":"REST"},{"floor":42,"key":"REST"},{"floor":45,"key":"REST"},{"floor":47,"key":"REST"},{"floor":49,"key":"REST"}],"neow_cost":"NONE","seed_source_timestamp":0,"circlet_count":0,"master_deck":["AscendersBane","Defend_G","Defend_G","Defend_G","Defend_G","Defend_G","Strike_G","Strike_G","Survivor","Neutralize+1","Heel Hook","Terror","Slice+1","Quick Slash+1","Backflip","Footwork","Slice+1","Corpse Explosion","Backstab+1","A Thousand Cuts+1","Footwork","Well Laid Plans","Blind","Quick Slash+1","Crippling Poison","Slice+1","Catalyst","Bouncing Flask+1","Infinite Blades","Bane+1","Finisher+1","Unload+1","Sucker Punch+1","Noxious Fumes","Slice+1","Cloak And Dagger","Secret Technique","PiercingWail+1","Adrenaline","Riddle With Holes+1","Cloak And Dagger"],"special_seed":0,"relics":["Ring of the Serpent","NeowsBlessing","Molten Egg 2","Mummified Hand","Happy Flower","Tough Bandages","Omamori","Meat on the Bone","Fusion Hammer","Membership Card","Gremlin Horn","Bottled Lightning","Pen Nib","Bottled Tornado"],"potions_floor_usage":[18,20,22,22,22,24,24,28,31,33,44,50],"damage_taken":[{"damage":0.0,"enemies":"2 Louse","floor":1.0,"turns":1.0},{"damage":0.0,"enemies":"Jaw Worm","floor":5.0,"turns":1.0},{"damage":0.0,"enemies":"Lagavulin","floor":7.0,"turns":2.0},{"damage":25.0,"enemies":"3 Sentries","floor":11.0,"turns":9.0},{"damage":0.0,"enemies":"Small Slimes","floor":12.0,"turns":3.0},{"damage":10.0,"enemies":"Exordium Wildlife","floor":13.0,"turns":3.0},{"damage":0.0,"enemies":"3 Louse","floor":14.0,"turns":1.0},{"damage":0.0,"enemies":"Slime Boss","floor":16.0,"turns":8.0},{"damage":7,"enemies":"3 Byrds","floor":18,"turns":3},{"damage":26,"enemies":"2 Thieves","floor":20,"turns":3},{"damage":9,"enemies":"Centurion and Healer","floor":22,"turns":10},{"damage":18,"enemies":"Book of Stabbing","floor":24,"turns":6},{"damage":20,"enemies":"Snake Plant","floor":25,"turns":5},{"damage":11,"enemies":"Snecko","floor":28,"turns":6},{"damage":12,"enemies":"Chosen and Byrds","floor":29,"turns":4},{"damage":0,"enemies":"3 Cultists","floor":30,"turns":2},{"damage":14,"enemies":"Centurion and Healer","floor":31,"turns":4},{"damage":30,"enemies":"Champ","floor":33,"turns":9},{"damage":9,"enemies":"Orb Walker","floor":35,"turns":3},{"damage":1,"enemies":"3 Shapes","floor":39,"turns":4},{"damage":24,"enemies":"Giant Head","floor":41,"turns":8},{"damage":34,"enemies":"Reptomancer","floor":46,"turns":4},{"damage":1,"enemies":"Sphere and 2 Shapes","floor":48,"turns":4},{"damage":88,"enemies":"Time Eater","floor":50,"turns":10}],"seed_played":"7596349585221785501","potions_obtained":[{"floor":1.0,"key":"FearPotion"},{"floor":11.0,"key":"EssenceOfSteel"},{"floor":16.0,"key":"SpeedPotion"},{"floor":21,"key":"Regen Potion"},{"floor":21,"key":"EntropicBrew"},{"floor":22,"key":"Weak Potion"},{"floor":24,"key":"FearPotion"},{"floor":25,"key":"AttackPotion"},{"floor":29,"key":"LiquidBronze"},{"floor":30,"key":"Explosive Potion"},{"floor":46,"key":"Swift Potion"}],"is_trial":false,"path_per_floor":["M","?","$","?","M","R","E","?","T","?","E","M","M","M","R","B",null,"M","$","M","?","M","R","E","M","T","?","M","M","M","M","R","B",null,"M","?","$","T","M","R","E","R","T","$","R","E","R","M","R","B"],"character_chosen":"THE_SILENT","items_purchased":["Terror","Slice+1","Well Laid Plans","Blind","Noxious Fumes","Slice+1","Cloak And Dagger","Membership Card","Secret Technique","Fruit Juice"],"campfire_rested":7,"item_purchase_floors":[3,3,19,19,37,37,37,37,37,44],"current_hp_per_floor":[63,56,56,56,56,56,56,56,56,56,31,31,21,21,42,42,63,56,56,30,30,70,70,52,44,44,67,56,44,44,42,63,45,64,55,55,55,55,54,70,46,67,67,72,75,41,63,62,75,0],"gold":65,"neow_bonus":"THREE_ENEMY_KILL","is_prod":false,"is_daily":false,"chose_seed":false,"campfire_upgraded":1,"win_rate":0,"timestamp":1543731164,"path_taken":["M","?","$","?","M","R","E","?","T","?","E","M","?","M","R","BOSS","M","$","M","?","?","R","E","M","T","?","M","M","M","M","R","BOSS","M","?","$","?","M","R","E","R","T","$","R","E","R","M","R","BOSS"],"build_version":"2018-11-15","purchased_purges":2,"victory":false,"max_hp_per_floor":[70,70,70,70,70,70,70,70,70,70,70,70,70,70,70,70,70,70,70,70,70,70,70,70,70,70,70,70,70,70,70,70,70,70,70,70,70,70,70,70,70,70,70,75,75,75,75,75,75,75],"card_choices":[{"not_picked":["Slice","Blur"],"picked":"Heel Hook","floor":1.0},{"not_picked":["Deadly Poison","Bane+1"],"picked":"Quick Slash+1","floor":5.0},{"not_picked":["Prepared","Dodge and Roll"],"picked":"Backflip","floor":7.0},{"not_picked":["Expertise","Caltrops"],"picked":"Footwork","floor":11.0},{"not_picked":["Crippling Poison","Underhanded Strike+1"],"picked":"Slice+1","floor":12.0},{"not_picked":["Cloak And Dagger","PiercingWail"],"picked":"Corpse Explosion","floor":13.0},{"not_picked":["Flying Knee+1","PiercingWail"],"picked":"Backstab+1","floor":14.0},{"not_picked":["Malaise","Bullet Time"],"picked":"A Thousand Cuts","floor":16.0},{"not_picked":["Quick Slash+1","Tactician"],"picked":"Footwork","floor":18},{"not_picked":["Masterful Stab+1","Finisher+1"],"picked":"Quick Slash+1","floor":20},{"not_picked":["Endless Agony+1","Dodge and Roll"],"picked":"Crippling Poison","floor":22},{"not_picked":["Reflex","Dodge and Roll+1"],"picked":"Slice+1","floor":24},{"not_picked":["Acrobatics","Underhanded Strike+1"],"picked":"Catalyst","floor":25},{"not_picked":["Acrobatics","Calculated Gamble"],"picked":"Bouncing Flask+1","floor":28},{"not_picked":["Footwork","Heel Hook+1"],"picked":"Infinite Blades","floor":29},{"not_picked":["Finisher+1","Flying Knee+1"],"picked":"Bane+1","floor":30},{"not_picked":["Terror","Flying Knee+1"],"picked":"Finisher+1","floor":31},{"not_picked":["Glass Knife+1","Wraith Form v2"],"picked":"Unload+1","floor":33},{"not_picked":["Quick Slash+1","Crippling Poison+1"],"picked":"Sucker Punch+1","floor":35},{"not_picked":["Poisoned Stab+1","Underhanded Strike+1"],"picked":"PiercingWail+1","floor":39},{"not_picked":["Concentrate","Flying Knee+1"],"picked":"Adrenaline","floor":41},{"not_picked":["Prepared+1","Underhanded Strike+1"],"picked":"Riddle With Holes+1","floor":46},{"not_picked":["Prepared","Finisher+1"],"picked":"Cloak And Dagger","floor":48}],"player_experience":2038241,"relics_obtained":[{"floor":7.0,"key":"Mummified Hand"},{"floor":9.0,"key":"Happy Flower"},{"floor":11.0,"key":"Omamori"},{"floor":24,"key":"Meat on the Bone"},{"floor":38,"key":"Gremlin Horn"},{"floor":41,"key":"Bottled Lightning"},{"floor":43,"key":"Pen Nib"},{"floor":46,"key":"Bottled Tornado"}],"event_choices":[{"damage_healed":0.0,"max_hp_gain":0.0,"max_hp_loss":0.0,"gold_gain":0.0,"event_name":"Scrap Ooze","player_choice":"Success","floor":2.0,"gold_loss":0.0,"damage_taken":7.0,"relics_obtained":["Molten Egg 2"]},{"damage_healed":0.0,"max_hp_gain":0.0,"max_hp_loss":0.0,"gold_gain":0.0,"event_name":"Living Wall","player_choice":"Grow","floor":4.0,"gold_loss":0.0,"damage_taken":0.0,"cards_upgraded":["Neutralize"]},{"cards_removed":["Strike_G"],"damage_healed":0.0,"max_hp_gain":0.0,"max_hp_loss":0.0,"gold_gain":0.0,"event_name":"The Cleric","player_choice":"Card Removal","floor":8.0,"gold_loss":50.0,"damage_taken":0.0},{"damage_healed":0.0,"max_hp_gain":0.0,"max_hp_loss":0.0,"gold_gain":0.0,"event_name":"Dead Adventurer","player_choice":"Searched \u00271\u0027 times","floor":10.0,"gold_loss":0.0,"damage_taken":0.0,"relics_obtained":["Tough Bandages"]},{"damage_healed":0,"gold_gain":0,"player_choice":"Got Potions","damage_taken":0,"max_hp_gain":0,"max_hp_loss":0,"event_name":"Lab","floor":21,"gold_loss":0},{"damage_healed":23,"gold_gain":0,"player_choice":"Heal","damage_taken":0,"max_hp_gain":0,"max_hp_loss":0,"event_name":"The Library","floor":27,"gold_loss":0},{"damage_healed":0,"gold_gain":300,"player_choice":"Gold","damage_taken":0,"max_hp_gain":0,"max_hp_loss":0,"event_name":"Wheel of Change","floor":36,"gold_loss":0}],"is_beta":false,"boss_relics":[{"not_picked":["Coffee Dripper","Snecko Eye"],"picked":"Ring of the Serpent"},{"not_picked":["Philosopher\u0027s Stone","White Beast Statue"],"picked":"Fusion Hammer"}],"items_purged_floors":[19,37],"is_endless":false,"potions_floor_spawned":[1,11,13,14,16,22,24,25,29,30,46],"killed_by":"Time Eater","ascension_level":13}