{"gold_per_floor":[215,229,19,29,39,39,59,59,107,117,129,158,158,168,168,168],"floor_reached":16,"playtime":1402,"items_purged":[],"score":212,"play_id":"d81467af-3149-4ec4-bcdd-216c5ca6f1b7","local_time":"20191020185913","is_ascension_mode":true,"campfire_choices":[{"floor":6,"key":"REST"},{"data":"Neutralize","floor":8,"key":"SMITH"},{"data":"Flechettes","floor":13,"key":"SMITH"},{"floor":15,"key":"REST"}],"neow_cost":"NONE","seed_source_timestamp":2048243030843159,"circlet_count":0,"master_deck":["AscendersBane","Defend_G","Defend_G","Defend_G","Defend_G","Defend_G","Strike_G","Strike_G","Strike_G","Strike_G","Strike_G","Survivor","Neutralize+1","Well Laid Plans","Flechettes+1","Noxious Fumes","Escape Plan","Blade Dance","Choke","Bane","Wraith Form v2"],"relics":["Ring of the Snake","Anchor","PreservedInsect","Paper Crane"],"potions_floor_usage":[16,16],"damage_taken":[{"damage":3,"enemies":"Cultist","floor":1,"turns":5},{"damage":13,"enemies":"Small Slimes","floor":2,"turns":4},{"damage":0,"enemies":"2 Louse","floor":4,"turns":4},{"damage":13,"enemies":"Large Slime","floor":5,"turns":8},{"damage":1,"enemies":"Looter","floor":7,"turns":4},{"damage":0,"enemies":"Exordium Wildlife","floor":10,"turns":6},{"damage":0,"enemies":"Red Slaver","floor":11,"turns":3},{"damage":23,"enemies":"Gremlin Nob","floor":12,"turns":4},{"damage":7,"enemies":"Large Slime","floor":14,"turns":5},{"damage":38,"enemies":"The Guardian","floor":16,"turns":16}],"seed_played":"5062015091746492916","potions_obtained":[{"floor":1,"key":"Swift Potion"},{"floor":7,"key":"GamblersBrew"},{"floor":10,"key":"EssenceOfSteel"},{"floor":11,"key":"PowerPotion"}],"is_trial":false,"path_per_floor":["M","M","$","M","M","R","M","R","T","M","M","E","R","M","R","B"],"character_chosen":"THE_SILENT","items_purchased":["Noxious Fumes","Anchor"],"campfire_rested":2,"item_purchase_floors":[3,3],"current_hp_per_floor":[56,43,43,43,30,49,48,48,48,48,48,25,25,18,37,0],"gold":168,"neow_bonus":"HUNDRED_GOLD","is_prod":false,"is_daily":false,"chose_seed":false,"campfire_upgraded":2,"win_rate":0,"timestamp":1571612353,"path_taken":["M","M","$","M","M","R","M","R","T","M","M","E","R","?","R","BOSS"],"build_version":"2019-01-23","purchased_purges":0,"victory":false,"max_hp_per_floor":[66,66,66,66,66,66,66,66,66,66,66,66,66,66,66,66],"card_choices":[{"not_picked":["Quick Slash","Acrobatics"],"picked":"Well Laid Plans","floor":1},{"not_picked":["Slice","Bane"],"picked":"Flechettes","floor":2},{"not_picked":["Predator","Riddle With Holes"],"picked":"Escape Plan","floor":4},{"not_picked":["Concentrate","Tools of the Trade"],"picked":"Blade Dance","floor":5},{"not_picked":["Flechettes","Eviscerate","Prepared"],"picked":"SKIP","floor":7},{"not_picked":["Flying Knee","Caltrops"],"picked":"Choke","floor":10},{"not_picked":["Dagger Throw","Underhanded Strike","Well Laid Plans"],"picked":"SKIP","floor":11},{"not_picked":["Outmaneuver","Slice"],"picked":"Bane","floor":12},{"not_picked":["Dagger Spray","Acrobatics"],"picked":"Wraith Form v2","floor":14}],"player_experience":3029611,"relics_obtained":[{"floor":9,"key":"PreservedInsect"},{"floor":12,"key":"Paper Crane"}],"event_choices":[],"is_beta":false,"boss_relics":[],"items_purged_floors":[],"is_endless":false,"potions_floor_spawned":[1,7,10,11,12],"killed_by":"The Guardian","ascension_level":20}