{"gold_per_floor":[114,69,69,84,99,99,114,114,114,144,26,26,41,94,94,194,194,209,209,224,24,24,24,24,24,24,39,54,1,16,31,31,131,131,146,246,4,4,19,19,0,0,0,12,99,126,138,0,0,0],"floor_reached":51,"playtime":2079,"items_purged":[],"score":693,"play_id":"3210b105-f18a-4a99-a424-9688abbd3473","local_time":"20190722143814","daily_mods":["Specialized","Flight","Elite Swarm"],"is_ascension_mode":false,"campfire_choices":[{"floor":6,"key":"REST"},{"floor":8,"key":"REST"},{"floor":12,"key":"REST"},{"data":"1","floor":15,"key":"LIFT"},{"data":"2","floor":23,"key":"LIFT"},{"data":"3","floor":24,"key":"LIFT"},{"floor":25,"key":"REST"},{"floor":32,"key":"REST"},{"floor":40,"key":"REST"},{"floor":42,"key":"REST"},{"floor":44,"key":"REST"},{"floor":47,"key":"REST"},{"floor":49,"key":"REST"}],"neow_cost":"","seed_source_timestamp":0,"circlet_count":0,"master_deck":["Strike_G","Strike_G","Strike_G+1","Strike_G+1","Strike_G","Defend_G","Defend_G","Defend_G","Defend_G","Defend_G","Survivor","Neutralize","Crippling Poison","Crippling Poison","Crippling Poison","Dagger Spray","Blade Dance","Dagger Throw","Die Die Die","Grand Finale","Accuracy","Dagger Spray","Dash","Endless Agony","Storm of Steel","Dodge and Roll+1","Blade Dance","Backstab","Catalyst","Well Laid Plans","Quick Slash","Cloak And Dagger","Sucker Punch+1","Backflip","Poisoned Stab","All Out Attack","A Thousand Cuts","Blade Dance+1","Finisher","Blur","Backstab","Dramatic Entrance","Pain","Masterful Stab","Blur","Terror","Dagger Throw","Quick Slash"],"special_seed":18099,"relics":["Ring of the Snake","Snake Skull","Ginger","Girya","Fusion Hammer","Matryoshka","Sozu","Tingsha","WarpedTongs","Red Mask","MawBank","Kunai","Orichalcum","Darkstone Periapt"],"potions_floor_usage":[16,16,20,33,50],"damage_taken":[{"damage":5,"enemies":"Cultist","floor":1,"turns":5},{"damage":4,"enemies":"2 Louse","floor":4,"turns":2},{"damage":8,"enemies":"Jaw Worm","floor":5,"turns":4},{"damage":4,"enemies":"Red Slaver","floor":7,"turns":5},{"damage":17,"enemies":"Lagavulin","floor":10,"turns":8},{"damage":6,"enemies":"Exordium Wildlife","floor":13,"turns":3},{"damage":11,"enemies":"3 Sentries","floor":14,"turns":6},{"damage":57,"enemies":"Hexaghost","floor":16,"turns":15},{"damage":19,"enemies":"Shell Parasite","floor":18,"turns":6},{"damage":0,"enemies":"Spheric Guardian","floor":20,"turns":3},{"damage":0,"enemies":"Cultist and Chosen","floor":27,"turns":3},{"damage":5,"enemies":"Snecko","floor":28,"turns":3},{"damage":2,"enemies":"Snake Plant","floor":30,"turns":3},{"damage":8,"enemies":"Shelled Parasite and Fungi","floor":31,"turns":4},{"damage":57,"enemies":"Automaton","floor":33,"turns":10},{"damage":18,"enemies":"3 Shapes","floor":35,"turns":1},{"damage":0,"enemies":"Mind Bloom Boss Battle","floor":36,"turns":4},{"damage":8,"enemies":"3 Darklings","floor":39,"turns":3},{"damage":36,"enemies":"Spire Growth","floor":46,"turns":4},{"damage":45,"enemies":"Donu and Deca","floor":50,"turns":8}],"seed_played":"-4073978366716048900","potions_obtained":[{"floor":1,"key":"SkillPotion"},{"floor":10,"key":"Strength Potion"},{"floor":13,"key":"FairyPotion"},{"floor":16,"key":"FearPotion"},{"floor":18,"key":"SneckoOil"},{"floor":28,"key":"SmokeBomb"},{"floor":30,"key":"Poison Potion"},{"floor":33,"key":"Strength Potion"}],"is_trial":false,"path_per_floor":["M","?","?","M","M","R","M","R","T","E","$","R","M","?","R","B",null,"M","?","M","$","?","R","R","R","T","M","M","$","M","M","R","B",null,"M","?","$","?","M","R","?","R","T","R","T","M","R","$","R","B",null],"character_chosen":"THE_SILENT","items_purchased":["Accuracy","Dagger Spray","Catalyst","Well Laid Plans","Quick Slash","Backflip","Blur","Backstab","Dramatic Entrance","Terror","Dagger Throw","Quick Slash"],"campfire_rested":10,"item_purchase_floors":[11,11,21,21,21,29,37,37,37,48,48,48],"current_hp_per_floor":[65,65,51,47,39,60,56,70,70,53,53,70,64,53,53,7,70,51,51,51,51,70,70,70,70,70,70,65,65,63,55,70,13,70,52,52,52,52,44,65,65,70,70,70,70,34,55,55,70,25],"gold":0,"neow_bonus":"","is_prod":false,"is_daily":true,"chose_seed":false,"campfire_upgraded":0,"win_rate":0.0,"timestamp":1563817094,"path_taken":["M","?","?","?","M","R","M","R","T","E","?","R","M","?","R","BOSS","M","?","?","$","?","R","R","R","T","?","M","?","M","?","R","BOSS","M","?","$","?","?","R","?","R","T","R","?","?","R","?","R","BOSS"],"build_version":"2019-07-17","purchased_purges":0,"victory":true,"max_hp_per_floor":[70,70,70,70,70,70,70,70,70,70,70,70,70,70,70,70,70,70,70,70,70,70,70,70,70,70,70,70,70,70,70,70,70,70,70,70,70,70,70,70,70,70,70,70,70,70,70,70,70,70],"card_choices":[{"not_picked":["Concentrate","Dagger Throw"],"picked":"Dagger Spray","floor":1},{"not_picked":["Finisher","Deadly Poison"],"picked":"Blade Dance","floor":4},{"not_picked":["Flying Knee","Acrobatics"],"picked":"Dagger Throw","floor":5},{"not_picked":["Noxious Fumes","Flying Knee"],"picked":"Die Die Die","floor":7},{"not_picked":["Malaise","Doppelganger"],"picked":"Grand Finale","floor":10},{"not_picked":["Crippling Poison","Flying Knee"],"picked":"Dash","floor":13},{"not_picked":["Dagger Spray","PiercingWail"],"picked":"Endless Agony","floor":14},{"not_picked":["Night Terror","Wraith Form v2"],"picked":"Storm of Steel","floor":16},{"not_picked":["Expertise+1","Prepared+1"],"picked":"Dodge and Roll+1","floor":18},{"not_picked":["Deadly Poison","Quick Slash"],"picked":"Backstab","floor":20},{"not_picked":["Blade Dance","Backflip"],"picked":"Cloak And Dagger","floor":27},{"not_picked":["Reflex","Heel Hook"],"picked":"Sucker Punch+1","floor":28},{"not_picked":["Quick Slash","Underhanded Strike"],"picked":"Poisoned Stab","floor":30},{"not_picked":["Prepared+1","Blade Dance+1"],"picked":"All Out Attack","floor":31},{"not_picked":["Wraith Form v2","After Image"],"picked":"A Thousand Cuts","floor":33},{"not_picked":["Dagger Throw+1","Flying Knee"],"picked":"Blade Dance+1","floor":35},{"not_picked":["Skewer","Setup"],"picked":"Finisher","floor":36},{"not_picked":["Escape Plan","Deflect"],"picked":"Masterful Stab","floor":39},{"not_picked":["PiercingWail","Bouncing Flask+1"],"picked":"Blur","floor":46}],"player_experience":217900,"relics_obtained":[{"floor":9,"key":"Snake Skull"},{"floor":10,"key":"Ginger"},{"floor":14,"key":"Girya"},{"floor":26,"key":"Matryoshka"},{"floor":36,"key":"Tingsha"},{"floor":43,"key":"MawBank"},{"floor":43,"key":"Kunai"},{"floor":45,"key":"Orichalcum"},{"floor":45,"key":"Darkstone Periapt"}],"event_choices":[{"damage_healed":0,"gold_gain":0,"player_choice":"Left Gold","damage_taken":0,"max_hp_gain":0,"max_hp_loss":0,"event_name":"World of Goop","floor":2,"gold_loss":45},{"damage_healed":0,"gold_gain":0,"player_choice":"Entered Light","damage_taken":14,"max_hp_gain":0,"max_hp_loss":0,"event_name":"Shining Light","floor":3,"gold_loss":0,"cards_upgraded":["Strike_G","Strike_G"]},{"damage_healed":0,"gold_gain":0,"player_choice":"Searched \u00271\u0027 times","damage_taken":0,"max_hp_gain":0,"max_hp_loss":0,"event_name":"Dead Adventurer","floor":14,"gold_loss":0},{"damage_healed":0,"gold_gain":0,"cards_transformed":["Crippling Poison"],"player_choice":"Transformed","damage_taken":0,"max_hp_gain":0,"max_hp_loss":0,"event_name":"Transmorgrifier","floor":19,"gold_loss":0,"cards_obtained":["Blade Dance"]},{"cards_removed":["Crippling Poison"],"damage_healed":19,"gold_gain":0,"player_choice":"Offered Uncommon","damage_taken":0,"max_hp_gain":0,"max_hp_loss":0,"event_name":"Bonfire Elementals","floor":22,"gold_loss":0},{"damage_healed":0,"gold_gain":0,"player_choice":"Fight","damage_taken":0,"max_hp_gain":0,"max_hp_loss":0,"event_name":"MindBloom","floor":36,"gold_loss":0},{"damage_healed":0,"gold_gain":0,"player_choice":"Rummage","damage_taken":0,"relics_obtained":["WarpedTongs"],"max_hp_gain":0,"max_hp_loss":0,"event_name":"Accursed Blacksmith","floor":38,"gold_loss":0,"cards_obtained":["Pain"]},{"damage_healed":0,"gold_gain":0,"player_choice":"Paid","damage_taken":0,"relics_obtained":["Red Mask"],"max_hp_gain":0,"max_hp_loss":0,"event_name":"Tomb of Lord Red Mask","floor":41,"gold_loss":19}],"is_beta":false,"boss_relics":[{"not_picked":["Runic Dome","Tiny House"],"picked":"Fusion Hammer"},{"not_picked":["Cursed Key","Coffee Dripper"],"picked":"Sozu"}],"items_purged_floors":[],"is_endless":false,"potions_floor_spawned":[1,10,13,16,18,28,30,33,36],"ascension_level":0}