{"gold_per_floor":[114,125,141,152,152,152,187,205,231,231,246,136,136,153,153,252,252,266,266,36,56,74,99,99,99,129,129,30,30,64,64,64,162,162,174,174,229,240,240,240,271,281,281,291,323,323,323,29,29,29],"floor_reached":51,"playtime":4757,"items_purged":["Defend_P","Pain"],"score":1066,"play_id":"dbb63988-1759-4e73-9fa1-d870f86218b2","local_time":"20190914225357","is_ascension_mode":true,"campfire_choices":[{"data":"BowlingBash","floor":6.0,"key":"SMITH"},{"floor":15.0,"key":"REST"},{"data":"Ragnarok","floor":25,"key":"SMITH"},{"data":"MentalFortress","floor":27,"key":"SMITH"},{"data":"Crescendo","floor":32,"key":"SMITH"},{"data":"TalkToTheHand","floor":40,"key":"SMITH"},{"floor":47,"key":"REST"},{"floor":49,"key":"REST"}],"neow_cost":"NONE","seed_source_timestamp":0,"circlet_count":0,"master_deck":["Strike_P","Strike_P","Strike_P","Defend_P","Defend_P+1","Defend_P+1","Eruption+1","Vigilance","EmptyBody","BowlingBash+1","Crescendo+1","EmptyFist+1","TalkToTheHand+1","MentalFortress+1","TalkToTheHand+1","JustLucky+1","Ragnarok+1","ClearTheMind+1","LessonLearned","FearNoEvil+1","Vault+1","Protect","EmptyMind+1","CutThroughFate","EmptyMind","Sanctity+1","Adaptation+1","Crescendo+1","Adaptation","FlurryOfBlows+1","ForeignInfluence+1","Dark Shackles+1","Protect+1"],"special_seed":0,"relics":["PureWater","Oddly Smooth Stone","Melange","Philosopher\u0027s Stone","Nloth\u0027s Gift","Akabeko","MealTicket","Tiny Chest","MutagenicStrength","Happy Flower","Cursed Key","Prayer Wheel","TeardropLocket","White Beast Statue","Toxic Egg 2"],"potions_floor_usage":[23,30,33,33,37,45,45,50,50],"damage_taken":[{"damage":0.0,"enemies":"Cultist","floor":1.0,"turns":2.0},{"damage":4.0,"enemies":"Jaw Worm","floor":2.0,"turns":3.0},{"damage":0.0,"enemies":"2 Louse","floor":3.0,"turns":3.0},{"damage":2.0,"enemies":"Exordium Wildlife","floor":4.0,"turns":4.0},{"damage":39.0,"enemies":"Lagavulin","floor":7.0,"turns":9.0},{"damage":0.0,"enemies":"Large Slime","floor":8.0,"turns":3.0},{"damage":0.0,"enemies":"Lots of Slimes","floor":11.0,"turns":2.0},{"damage":0.0,"enemies":"Looter","floor":14.0,"turns":4.0},{"damage":9.0,"enemies":"Hexaghost","floor":16.0,"turns":12.0},{"damage":6.0,"enemies":"2 Thieves","floor":18.0,"turns":2.0},{"damage":0.0,"enemies":"Chosen","floor":21.0,"turns":4.0},{"damage":14,"enemies":"Centurion and Healer","floor":22,"turns":5},{"damage":8,"enemies":"Slavers","floor":23,"turns":8},{"damage":17,"enemies":"Book of Stabbing","floor":30,"turns":4},{"damage":4,"enemies":"Automaton","floor":33,"turns":7},{"damage":5,"enemies":"3 Darklings","floor":35,"turns":6},{"damage":8,"enemies":"2 Orb Walkers","floor":37,"turns":3},{"damage":0,"enemies":"Orb Walker","floor":38,"turns":3},{"damage":0,"enemies":"Reptomancer","floor":41,"turns":4},{"damage":0,"enemies":"Maw","floor":42,"turns":4},{"damage":0,"enemies":"Jaw Worm Horde","floor":44,"turns":1},{"damage":51,"enemies":"Nemesis","floor":45,"turns":7},{"damage":19,"enemies":"Awakened One","floor":50,"turns":15}],"seed_played":"3448238621701747281","potions_obtained":[{"floor":0.0,"key":"GamblersBrew"},{"floor":0.0,"key":"Explosive Potion"},{"floor":0.0,"key":"Swift Potion"},{"floor":3.0,"key":"Explosive Potion"},{"floor":7.0,"key":"SkillPotion"},{"floor":11.0,"key":"AttackPotion"},{"floor":16.0,"key":"SteroidPotion"},{"floor":21.0,"key":"Ancient Potion"},{"floor":22,"key":"SpeedPotion"},{"floor":24,"key":"Regen Potion"},{"floor":24,"key":"SteroidPotion"},{"floor":33,"key":"Block Potion"},{"floor":35,"key":"Weak Potion"},{"floor":44,"key":"Regen Potion"},{"floor":45,"key":"Weak Potion"}],"is_trial":false,"path_per_floor":["M","M","M","M","?","R","E","M","T","?","M","$","T","M","R","B",null,"M","?","$","M","M","E","?","R","T","R","$","?","E","?","R","B",null,"M","T","?","M","T","R","E","M","T","M","E","?","R","$","R","B",null],"character_chosen":"WATCHER","items_purchased":["MentalFortress","TalkToTheHand","Akabeko","LessonLearned","Protect","Dark Shackles+1","Protect+1","FearPotion"],"campfire_rested":3,"item_purchase_floors":[12,12,20,20,28,48,48,48],"current_hp_per_floor":[59,55,55,53,40,40,1,1,1,1,1,1,1,1,20,11,52,46,46,46,46,32,24,24,24,24,24,39,39,34,34,34,30,56,51,51,43,43,43,43,43,43,43,43,6,6,25,40,59,40],"gold":29,"neow_bonus":"THREE_SMALL_POTIONS","is_prod":false,"is_daily":false,"chose_seed":false,"campfire_upgraded":5,"win_rate":0,"timestamp":1568458437,"path_taken":["M","?","M","M","?","R","E","M","T","?","M","$","?","M","R","BOSS","M","?","$","?","M","E","?","R","T","R","?","?","E","?","R","BOSS","M","?","?","M","?","R","E","?","T","M","E","?","R","$","R","BOSS"],"build_version":"2019-09-12","purchased_purges":2,"victory":true,"max_hp_per_floor":[65,65,65,65,65,65,65,65,65,65,65,65,65,65,65,65,65,65,65,65,65,65,65,65,65,65,65,65,65,65,65,65,65,65,65,65,65,65,65,65,65,65,65,65,65,65,65,65,65,65],"card_choices":[{"not_picked":["Prostrate","FollowUp"],"picked":"EmptyBody","floor":1.0},{"not_picked":["FollowUp","JustLucky"],"picked":"BowlingBash","floor":2.0},{"not_picked":["Perseverance","EmptyBody"],"picked":"Crescendo","floor":3.0},{"not_picked":["ClearTheMind","Weave"],"picked":"EmptyFist","floor":4.0},{"not_picked":["EmptyFist","Alpha","EmptyMind"],"picked":"SKIP","floor":7.0},{"not_picked":["Weave","EmptyBody","Sanctity"],"picked":"SKIP","floor":8.0},{"not_picked":["Tantrum","Swivel"],"picked":"TalkToTheHand","floor":11.0},{"not_picked":["Clarity","WindmillStrike"],"picked":"JustLucky","floor":14.0},{"not_picked":["Wish","Omniscience"],"picked":"Ragnarok","floor":16.0},{"not_picked":["JustLucky","FollowUp+1"],"picked":"ClearTheMind+1","floor":18.0},{"not_picked":["FlyingSleeves","EmptyBody","Fasting"],"picked":"SKIP","floor":21.0},{"not_picked":["Prostrate+1","ThirdEye+1"],"picked":"FearNoEvil","floor":22},{"not_picked":["BowlingBash","MasterReality"],"picked":"Vault","floor":23},{"not_picked":["Wallop","Halt"],"picked":"EmptyMind","floor":30},{"not_picked":["Consecrate+1","EmptyFist+1"],"picked":"CutThroughFate","floor":35},{"not_picked":["CrushJoints","ClearTheMind"],"picked":"EmptyMind","floor":37},{"not_picked":["BowlingBash","LessonLearned"],"picked":"Sanctity+1","floor":38},{"not_picked":["SandsOfTime+1","WindmillStrike+1"],"picked":"Adaptation+1","floor":38},{"not_picked":["ForeignInfluence","ThirdEye+1"],"picked":"Crescendo+1","floor":41},{"not_picked":["PathToVictory","Prostrate+1"],"picked":"Adaptation","floor":42},{"not_picked":["ThirdEye","WreathOfFlame+1"],"picked":"FlurryOfBlows+1","floor":42},{"not_picked":["FlyingSleeves+1","Fasting+1","Halt"],"picked":"SKIP","floor":44},{"not_picked":["ThirdEye+1","CarveReality+1","Prostrate+1"],"picked":"SKIP","floor":44},{"not_picked":["DevaForm","StepAndStrike"],"picked":"ForeignInfluence+1","floor":45}],"player_experience":1059983,"relics_obtained":[{"floor":7.0,"key":"Oddly Smooth Stone"},{"floor":9.0,"key":"Melange"},{"floor":13.0,"key":"Blue Candle"},{"floor":23,"key":"MealTicket"},{"floor":26,"key":"Tiny Chest"},{"floor":30,"key":"Happy Flower"},{"floor":37,"key":"Prayer Wheel"},{"floor":41,"key":"TeardropLocket"},{"floor":43,"key":"White Beast Statue"},{"floor":45,"key":"Toxic Egg 2"}],"event_choices":[{"damage_healed":0.0,"max_hp_gain":0.0,"max_hp_loss":0.0,"gold_gain":0.0,"event_name":"Shining Light","player_choice":"Entered Light","floor":5.0,"gold_loss":0.0,"damage_taken":13.0,"cards_upgraded":["Eruption","Defend_P"]},{"damage_healed":0.0,"max_hp_gain":0.0,"max_hp_loss":0.0,"gold_gain":0.0,"event_name":"Scrap Ooze","player_choice":"Fled","floor":10.0,"gold_loss":0.0,"damage_taken":0.0},{"damage_healed":0.0,"max_hp_gain":0.0,"max_hp_loss":0.0,"gold_gain":0.0,"event_name":"N\u0027loth","player_choice":"Traded Relic","floor":19.0,"relics_lost":["Blue Candle"],"gold_loss":0.0,"damage_taken":0.0,"relics_obtained":["Nloth\u0027s Gift"]},{"damage_healed":0,"gold_gain":0,"player_choice":"Got Potions","damage_taken":0,"max_hp_gain":0,"max_hp_loss":0,"event_name":"Lab","floor":24,"gold_loss":0},{"damage_healed":0,"gold_gain":0,"player_choice":"Inject Mutagens","damage_taken":0,"relics_obtained":["MutagenicStrength"],"max_hp_gain":0,"max_hp_loss":0,"event_name":"Drug Dealer","floor":29,"gold_loss":0},{"damage_healed":0,"gold_gain":0,"player_choice":"Upgraded","damage_taken":0,"max_hp_gain":0,"max_hp_loss":0,"event_name":"Upgrade Shrine","floor":31,"gold_loss":0,"cards_upgraded":["EmptyMind"]},{"damage_healed":0,"gold_gain":0,"player_choice":"Fight","damage_taken":0,"max_hp_gain":0,"max_hp_loss":0,"event_name":"Mysterious Sphere","floor":37,"gold_loss":0},{"cards_removed":["Strike_P"],"damage_healed":0,"gold_gain":0,"player_choice":"Removed Attack","damage_taken":0,"max_hp_gain":0,"max_hp_loss":0,"event_name":"Falling","floor":46,"gold_loss":0}],"is_beta":true,"boss_relics":[{"not_picked":["Busted Crown","SacredBark"],"picked":"Philosopher\u0027s Stone"},{"not_picked":["Runic Dome","Astrolabe"],"picked":"Cursed Key"}],"items_purged_floors":[28,48],"is_endless":false,"potions_floor_spawned":[3,7,11,16,21,22,33,35,44,45],"ascension_level":9}