{"gold_per_floor":[111,124,124,135,154,154,168,185,210,101,121,140,140,53,53,127,127,144,163,78,20,30,30,30],"floor_reached":24,"playtime":2471,"items_purged":["Defend_G"],"score":317,"play_id":"e6b24a44-bb78-4945-b8cd-2baeb6350c73","local_time":"20181218003602","is_ascension_mode":true,"campfire_choices":[{"data":"Madness","floor":6.0,"key":"SMITH"},{"floor":13,"key":"REST"},{"data":"Noxious Fumes","floor":15,"key":"SMITH"},{"floor":23,"key":"REST"}],"neow_cost":"NONE","seed_source_timestamp":998373873494601,"circlet_count":0,"master_deck":["AscendersBane","Defend_G","Defend_G","Defend_G","Defend_G","Strike_G","Strike_G","Survivor","Neutralize","Madness+1","All Out Attack","Sucker Punch","Tools of the Trade","Backflip","Well Laid Plans","Dagger Throw","Noxious Fumes+1","Heel Hook","Slice","Trip","Adrenaline","Bane","Cloak And Dagger","Bane"],"special_seed":0,"relics":["Ring of the Snake","Orichalcum","Empty Cage","Potion Belt","Blood Vial"],"potions_floor_usage":[12,16,22],"damage_taken":[{"damage":3.0,"enemies":"Small Slimes","floor":1.0,"turns":6.0},{"damage":1.0,"enemies":"Jaw Worm","floor":2.0,"turns":4.0},{"damage":2.0,"enemies":"Cultist","floor":4.0,"turns":4.0},{"damage":2.0,"enemies":"Red Slaver","floor":5.0,"turns":5.0},{"damage":20.0,"enemies":"Lots of Slimes","floor":7.0,"turns":4.0},{"damage":1.0,"enemies":"Looter","floor":8.0,"turns":4.0},{"damage":9,"enemies":"Exordium Wildlife","floor":11,"turns":5},{"damage":6,"enemies":"Lots of Slimes","floor":12,"turns":4},{"damage":24,"enemies":"The Guardian","floor":16,"turns":10},{"damage":8,"enemies":"3 Byrds","floor":18,"turns":4},{"damage":10,"enemies":"Shell Parasite","floor":19,"turns":5},{"damage":27,"enemies":"3 Cultists","floor":22,"turns":6},{"damage":38,"enemies":"Snake Plant","floor":24,"turns":4}],"seed_played":"5396417521946792170","potions_obtained":[{"floor":4.0,"key":"EssenceOfSteel"},{"floor":7.0,"key":"Dexterity Potion"},{"floor":8.0,"key":"Fire Potion"},{"floor":18,"key":"FearPotion"}],"is_trial":false,"path_per_floor":["M","M","?","M","M","R","M","M","T","$","M","M","R","$","R","B",null,"M","M","?","?","M","R","M"],"character_chosen":"THE_SILENT","items_purchased":["Noxious Fumes","Trip"],"campfire_rested":2,"item_purchase_floors":[10,14],"current_hp_per_floor":[60,59,52,50,48,48,28,27,27,27,18,12,33,33,33,9,55,47,37,37,37,12,33,0],"gold":30,"neow_bonus":"RANDOM_COLORLESS","is_prod":false,"is_daily":false,"chose_seed":false,"campfire_upgraded":2,"win_rate":0,"timestamp":1545111362,"path_taken":["M","M","?","M","M","R","M","M","T","?","?","M","R","?","R","BOSS","M","?","?","?","?","R","M"],"build_version":"2018-12-13","purchased_purges":1,"victory":false,"max_hp_per_floor":[70,70,70,70,70,70,70,70,70,70,70,70,70,70,70,70,70,70,70,70,70,70,70,70],"card_choices":[{"not_picked":["Backflip","Dagger Spray"],"picked":"All Out Attack","floor":1.0},{"not_picked":["Endless Agony","Dagger Spray"],"picked":"Sucker Punch","floor":2.0},{"not_picked":["Dodge and Roll","Bane"],"picked":"Tools of the Trade","floor":4.0},{"not_picked":["Dagger Spray","Accuracy"],"picked":"Backflip","floor":5.0},{"not_picked":["Outmaneuver","Choke"],"picked":"Well Laid Plans","floor":7.0},{"not_picked":["Prepared","Sucker Punch"],"picked":"Dagger Throw","floor":8.0},{"not_picked":["Prepared","Deadly Poison"],"picked":"Heel Hook","floor":11},{"not_picked":["Poisoned Stab","Dodge and Roll"],"picked":"Slice","floor":12},{"not_picked":["Grand Finale","Burst"],"picked":"Adrenaline","floor":16},{"not_picked":["Choke","Outmaneuver"],"picked":"Bane","floor":18},{"not_picked":["Backflip","Eviscerate"],"picked":"Cloak And Dagger","floor":19},{"not_picked":["Dodge and Roll","Outmaneuver"],"picked":"Bane","floor":22}],"player_experience":2078195,"relics_obtained":[{"floor":9.0,"key":"Orichalcum"}],"event_choices":[{"cards_removed":["Strike_G"],"damage_healed":0.0,"max_hp_gain":0.0,"max_hp_loss":0.0,"gold_gain":0.0,"event_name":"Golden Wing","player_choice":"Card Removal","floor":3.0,"gold_loss":0.0,"damage_taken":7.0},{"damage_healed":0,"gold_gain":0,"player_choice":"Obtained Relic","damage_taken":0,"relics_obtained":["Potion Belt"],"max_hp_gain":0,"max_hp_loss":0,"event_name":"Addict","floor":20,"gold_loss":85},{"damage_healed":0,"gold_gain":0,"player_choice":"Paid Gold","damage_taken":0,"relics_obtained":["Blood Vial"],"max_hp_gain":0,"max_hp_loss":0,"event_name":"WeMeetAgain","floor":21,"gold_loss":58}],"is_beta":false,"boss_relics":[{"not_picked":["Orrery","Philosopher\u0027s Stone"],"picked":"Empty Cage"}],"items_purged_floors":[10],"is_endless":false,"potions_floor_spawned":[4,7,8,18],"killed_by":"Snake Plant","ascension_level":13}