{"gold_per_floor":[117,117,130,145,145,156,156,171,171,171,182,17,17,31,31,31],"floor_reached":16,"playtime":1429,"items_purged":[],"score":94,"play_id":"35b1ab51-0a1b-4ad3-b66a-75368ad9d7ed","local_time":"20190714180745","is_ascension_mode":false,"campfire_choices":[{"data":"Choke","floor":7,"key":"SMITH"},{"data":"Caltrops","floor":13,"key":"SMITH"},{"data":"Backflip","floor":15,"key":"SMITH"}],"neow_cost":"NONE","seed_source_timestamp":73984707611199,"circlet_count":0,"master_deck":["Strike_G","Strike_G","Strike_G","Strike_G","Strike_G","Defend_G","Defend_G","Defend_G","Defend_G","Defend_G","Survivor+1","Neutralize","Backstab","Backflip","Choke+1","Quick Slash","Eviscerate","Dash+1","Dodge and Roll","Caltrops+1","Backflip+1","Blade Dance","Finisher"],"relics":["Ring of the Snake","Question Card"],"potions_floor_usage":[11,14],"damage_taken":[{"damage":0,"enemies":"Jaw Worm","floor":1,"turns":5},{"damage":0,"enemies":"Small Slimes","floor":3,"turns":3},{"damage":0,"enemies":"2 Louse","floor":4,"turns":3},{"damage":5,"enemies":"Lots of Slimes","floor":6,"turns":7},{"damage":0,"enemies":"Gremlin Gang","floor":8,"turns":6},{"damage":0,"enemies":"Exordium Wildlife","floor":11,"turns":5},{"damage":0,"enemies":"Blue Slaver","floor":14,"turns":3},{"damage":73,"enemies":"Slime Boss","floor":16,"turns":11}],"seed_played":"-6724061408866913993","potions_obtained":[{"floor":1,"key":"Dexterity Potion"},{"floor":8,"key":"LiquidBronze"}],"is_trial":false,"path_per_floor":["M","?","M","M","?","M","R","M","T","?","M","$","R","M","R","B"],"character_chosen":"THE_SILENT","items_purchased":["Caltrops","Backflip","Blade Dance"],"campfire_rested":0,"item_purchase_floors":[12,12,12],"current_hp_per_floor":[70,70,70,70,70,65,65,65,65,65,65,65,65,65,65,0],"gold":31,"neow_bonus":"THREE_CARDS","is_prod":false,"is_daily":false,"chose_seed":false,"campfire_upgraded":3,"win_rate":0.0,"timestamp":1563138465,"path_taken":["M","?","M","M","?","M","R","M","T","?","M","$","R","M","R","BOSS"],"build_version":"2019-07-05","purchased_purges":0,"victory":false,"max_hp_per_floor":[70,70,70,70,70,70,70,70,70,70,70,70,70,70,70,70],"card_choices":[{"not_picked":["Bouncing Flask","Deadly Poison"],"picked":"Backstab","floor":0},{"not_picked":["Distraction","Bane"],"picked":"Backflip","floor":1},{"not_picked":["Expertise","Noxious Fumes"],"picked":"Choke","floor":3},{"not_picked":["Well Laid Plans","Poisoned Stab"],"picked":"Quick Slash","floor":4},{"not_picked":["Calculated Gamble","Prepared"],"picked":"Eviscerate","floor":6},{"not_picked":["Blade Dance","Poisoned Stab"],"picked":"Dash","floor":8},{"not_picked":["Dagger Throw","Expertise","Flying Knee"],"picked":"Dodge and Roll","floor":11},{"not_picked":["Bane","Sucker Punch","Catalyst"],"picked":"Finisher","floor":14}],"player_experience":138033,"relics_obtained":[{"floor":9,"key":"Question Card"}],"event_choices":[{"damage_healed":0,"gold_gain":0,"player_choice":"Grow","damage_taken":0,"max_hp_gain":0,"max_hp_loss":0,"event_name":"Living Wall","floor":2,"gold_loss":0,"cards_upgraded":["Survivor"]},{"damage_healed":0,"gold_gain":0,"player_choice":"Ignored","damage_taken":0,"max_hp_gain":0,"max_hp_loss":0,"event_name":"Golden Idol","floor":5,"gold_loss":0},{"damage_healed":0,"gold_gain":0,"player_choice":"Upgraded","damage_taken":0,"max_hp_gain":0,"max_hp_loss":0,"event_name":"Upgrade Shrine","floor":10,"gold_loss":0,"cards_upgraded":["Dash"]}],"is_beta":false,"boss_relics":[],"items_purged_floors":[],"is_endless":false,"potions_floor_spawned":[1,8],"killed_by":"Slime Boss","ascension_level":0}