{"gold_per_floor":[115,40,54,66,86,86,101,101,101,101,164,164,174,72,72,175,175,186,1,20,35,51,51,68,101,128,128,128,147,166,166,166,166],"floor_reached":33,"playtime":1172,"items_purged":["Regret"],"score":287,"play_id":"95fb0d77-954a-4755-9acc-506736582016","local_time":"20190808092127","is_ascension_mode":true,"campfire_choices":[{"floor":6,"key":"REST"},{"floor":8,"key":"REST"},{"data":"Searing Blow","floor":10,"key":"SMITH"},{"data":"Shockwave","floor":15,"key":"SMITH"},{"floor":23,"key":"REST"},{"floor":28,"key":"REST"},{"floor":32,"key":"REST"}],"neow_cost":"NONE","seed_source_timestamp":40455070380968,"circlet_count":0,"master_deck":["Strike_R","Strike_R","Strike_R","Strike_R","Strike_R","Defend_R","Defend_R","Defend_R","Defend_R","Bash","Cleave","Searing Blow+1","Heavy Blade","Thunderclap","Shockwave+1","Wild Strike","Iron Wave","Armaments","Heavy Blade","Reaper","Perfected Strike","Reaper","Thunderclap","Cleave","Wild Strike","Rampage","Heavy Blade+1","Uppercut","Armaments+1","Bludgeon"],"relics":["Burning Blood","Ancient Tea Set","Bronze Scales","Bag of Marbles","Paper Frog","Velvet Choker","Boot","Potion Belt","Enchiridion"],"potions_floor_usage":[7,7,16,21,22,29,33],"damage_taken":[{"damage":7,"enemies":"2 Louse","floor":1,"turns":4},{"damage":14,"enemies":"Jaw Worm","floor":3,"turns":4},{"damage":4,"enemies":"Small Slimes","floor":4,"turns":3},{"damage":11,"enemies":"2 Fungi Beasts","floor":5,"turns":4},{"damage":26,"enemies":"Large Slime","floor":7,"turns":5},{"damage":18,"enemies":"Lagavulin Event","floor":11,"turns":5},{"damage":0,"enemies":"Exordium Wildlife","floor":13,"turns":1},{"damage":53,"enemies":"Hexaghost","floor":16,"turns":8},{"damage":49,"enemies":"Shell Parasite","floor":18,"turns":5},{"damage":8,"enemies":"3 Byrds","floor":20,"turns":3},{"damage":0,"enemies":"Snake Plant","floor":21,"turns":2},{"damage":17,"enemies":"Centurion and Healer","floor":22,"turns":3},{"damage":13,"enemies":"Snecko","floor":24,"turns":3},{"damage":39,"enemies":"Gremlin Leader","floor":25,"turns":8},{"damage":20,"enemies":"Shelled Parasite and Fungi","floor":29,"turns":2},{"damage":37,"enemies":"Sentry and Sphere","floor":30,"turns":4},{"damage":43,"enemies":"Champ","floor":33,"turns":6}],"seed_played":"9100242515153656039","potions_obtained":[{"floor":3,"key":"Ancient Potion"},{"floor":4,"key":"Energy Potion"},{"floor":5,"key":"Weak Potion"},{"floor":11,"key":"FearPotion"},{"floor":21,"key":"Ancient Potion"},{"floor":24,"key":"Ancient Potion"},{"floor":25,"key":"FearPotion"}],"is_trial":false,"path_per_floor":["M","$","M","M","M","R","M","R","T","R","?","?","M","$","R","B",null,"M","$","M","M","M","R","M","E","T","?","R","M","M","?","R","B"],"character_chosen":"IRONCLAD","items_purchased":["Searing Blow","Heavy Blade","Reaper","Thunderclap"],"campfire_rested":5,"item_purchase_floors":[2,14,19,19],"current_hp_per_floor":[79,79,71,73,68,80,60,80,80,80,68,68,74,74,74,27,80,37,37,44,50,46,70,69,47,47,32,57,43,17,1,26,0],"gold":166,"neow_bonus":"RANDOM_COMMON_RELIC","is_prod":false,"is_daily":false,"chose_seed":false,"campfire_upgraded":2,"win_rate":0,"timestamp":1565266887,"path_taken":["M","$","M","M","M","R","M","R","T","R","?","?","M","$","R","BOSS","M","$","M","M","M","R","M","E","T","?","R","M","M","?","R","BOSS"],"build_version":"2019-07-17","purchased_purges":1,"victory":false,"max_hp_per_floor":[80,80,80,80,80,80,80,80,80,80,80,80,80,80,80,80,80,80,80,80,80,80,80,80,80,80,85,85,85,85,85,85,85],"card_choices":[{"not_picked":["Pommel Strike","Clothesline"],"picked":"Cleave","floor":1},{"not_picked":["Disarm","Thunderclap"],"picked":"Heavy Blade","floor":3},{"not_picked":["Shockwave","Sentinel"],"picked":"Thunderclap","floor":4},{"not_picked":["Body Slam","Pommel Strike"],"picked":"Shockwave","floor":5},{"not_picked":["Second Wind","Bloodletting"],"picked":"Wild Strike","floor":7},{"not_picked":["Shockwave","Burning Pact"],"picked":"Iron Wave","floor":11},{"not_picked":["Wild Strike","Sword Boomerang"],"picked":"Armaments","floor":13},{"not_picked":["Dark Embrace","Juggernaut"],"picked":"Reaper","floor":16},{"not_picked":["Flex","Cleave"],"picked":"Perfected Strike","floor":18},{"not_picked":["Evolve","Wild Strike+1"],"picked":"Cleave","floor":20},{"not_picked":["Twin Strike","Sword Boomerang"],"picked":"Wild Strike","floor":21},{"not_picked":["Second Wind","Thunderclap"],"picked":"Rampage","floor":22},{"not_picked":["True Grit+1","Thunderclap+1"],"picked":"Heavy Blade+1","floor":24},{"not_picked":["Body Slam","Entrench"],"picked":"Uppercut","floor":25},{"not_picked":["Heavy Blade","Havoc"],"picked":"Armaments+1","floor":29},{"not_picked":["Uppercut","Armaments"],"picked":"Bludgeon","floor":30}],"player_experience":283135,"relics_obtained":[{"floor":9,"key":"Bronze Scales"},{"floor":25,"key":"Boot"},{"floor":26,"key":"Potion Belt"},{"floor":31,"key":"Enchiridion"}],"event_choices":[{"damage_healed":0,"gold_gain":0,"player_choice":"Searched \u00272\u0027 times","damage_taken":0,"relics_obtained":["Bag of Marbles"],"max_hp_gain":0,"max_hp_loss":0,"event_name":"Dead Adventurer","floor":11,"gold_loss":0},{"damage_healed":0,"gold_gain":0,"player_choice":"Box","damage_taken":0,"relics_obtained":["Paper Frog"],"max_hp_gain":0,"max_hp_loss":0,"event_name":"Big Fish","floor":12,"gold_loss":0,"cards_obtained":["Regret"]},{"damage_healed":0,"gold_gain":0,"player_choice":"Shed Blood","damage_taken":20,"max_hp_gain":5,"max_hp_loss":0,"event_name":"Forgotten Altar","floor":27,"gold_loss":0},{"damage_healed":0,"gold_gain":0,"player_choice":"Obtained Book","damage_taken":16,"max_hp_gain":0,"max_hp_loss":0,"event_name":"Cursed Tome","floor":31,"gold_loss":0}],"is_beta":false,"boss_relics":[{"not_picked":["Pandora\u0027s Box","Busted Crown"],"picked":"Velvet Choker"}],"items_purged_floors":[14],"is_endless":false,"potions_floor_spawned":[3,4,5,11,21,24,25],"killed_by":"Champ","ascension_level":2}