{"gold_per_floor":[15,25,25,25,44,76,76,96,96,123,133,133,163,177,177,282,282,298,318,318,328,328,354,354,354,354,354,276,291,307,322,322,419,419,433,433,433,453,464,495,495,520,545,545,545],"floor_reached":45,"playtime":5786,"items_purged":["Strike_B"],"score":643,"play_id":"92d81fc6-0993-4538-bb8e-cb9dc7ddd086","local_time":"20180728212333","is_ascension_mode":true,"campfire_choices":[{"data":"Seek","floor":7,"key":"SMITH"},{"floor":12,"key":"REST"},{"floor":15,"key":"REST"},{"floor":24,"key":"REST"},{"floor":27,"key":"REST"},{"floor":32,"key":"REST"},{"floor":41,"key":"REST"},{"floor":44,"key":"REST"}],"neow_cost":"NO_GOLD","seed_source_timestamp":27006521951713,"circlet_count":0,"master_deck":["Strike_B","Strike_B","Defend_B","Defend_B","Defend_B","Zap","Seek+1","Beam Cell","Turbo","Beam Cell","Doom and Gloom","Thunder Strike","BootSequence","Redo","Auto Shields","All For One+1","Steam","Electrodynamics","Ball Lightning+1","Turbo+1","Seek","Buffer","Clumsy","Streamline+1","Gash+1","Ball Lightning+1","Rebound+1","Echo Form","Aggregate","BootSequence","Electrodynamics","Steam Power+1","Redo+1","Beam Cell+1","Writhe","Gash+1","Stack","Turbo","Doubt"],"relics":["Cracked Core","The Courier","Molten Egg 2","Question Card","Dead Branch","Cursed Key","Shovel","Enchiridion","Happy Flower","Orrery","Girya","Kunai","Boot"],"potions_floor_usage":[6,16,18,21,29,33,42,45],"damage_taken":[{"damage":4,"enemies":"Jaw Worm","floor":1,"turns":3},{"damage":3,"enemies":"2 Louse","floor":2,"turns":2},{"damage":5,"enemies":"Small Slimes","floor":5,"turns":3},{"damage":20,"enemies":"Gremlin Nob","floor":6,"turns":3},{"damage":8,"enemies":"Exordium Wildlife","floor":8,"turns":2},{"damage":15,"enemies":"Lagavulin","floor":10,"turns":6},{"damage":4,"enemies":"2 Fungi Beasts","floor":11,"turns":3},{"damage":11,"enemies":"3 Sentries","floor":13,"turns":5},{"damage":0,"enemies":"Red Slaver","floor":14,"turns":2},{"damage":36,"enemies":"The Guardian","floor":16,"turns":9},{"damage":1,"enemies":"Shell Parasite","floor":18,"turns":4},{"damage":13,"enemies":"Spheric Guardian","floor":19,"turns":4},{"damage":13,"enemies":"Centurion and Healer","floor":21,"turns":3},{"damage":40,"enemies":"Book of Stabbing","floor":23,"turns":5},{"damage":11,"enemies":"Snake Plant","floor":29,"turns":3},{"damage":18,"enemies":"Chosen and Byrds","floor":30,"turns":6},{"damage":0,"enemies":"Centurion and Healer","floor":31,"turns":3},{"damage":51,"enemies":"Champ","floor":33,"turns":8},{"damage":17,"enemies":"Flame Bruiser 1 Orb","floor":35,"turns":4},{"damage":9,"enemies":"Orb Walker","floor":38,"turns":4},{"damage":16,"enemies":"3 Darklings","floor":39,"turns":4},{"damage":24,"enemies":"Giant Head","floor":40,"turns":7},{"damage":33,"enemies":"2 Orb Walkers","floor":42,"turns":3},{"damage":60,"enemies":"Giant Head","floor":45,"turns":7}],"seed_played":"148615842095670009","potions_obtained":[{"floor":5,"key":"Fire Potion"},{"floor":8,"key":"FairyPotion"},{"floor":13,"key":"Weak Potion"},{"floor":14,"key":"Block Potion"},{"floor":16,"key":"AttackPotion"},{"floor":18,"key":"Energy Potion"},{"floor":20,"key":"Fruit Juice"},{"floor":21,"key":"LiquidBronze"},{"floor":40,"key":"GamblersBrew"},{"floor":42,"key":"FocusPotion"}],"is_trial":false,"path_per_floor":["M","M","?","?","M","E","R","M","T","E","M","R","E","M","R","B",null,"M","M","?","M","?","E","R","?","T","R","$","M","M","M","R","B",null,"M","?","?","M","M","E","R","E","T","R"],"character_chosen":"DEFECT","items_purchased":["Streamline+1"],"campfire_rested":7,"item_purchase_floors":[28],"current_hp_per_floor":[71,68,68,68,63,43,43,35,35,20,16,38,27,34,56,20,75,74,61,61,53,53,13,37,21,21,45,45,34,16,16,40,8,80,63,63,80,71,55,31,55,22,22,46,0],"gold":545,"neow_bonus":"TRANSFORM_TWO_CARDS","is_prod":false,"is_daily":false,"chose_seed":false,"campfire_upgraded":1,"win_rate":0,"timestamp":1532827413,"path_taken":["M","M","?","?","M","E","R","M","T","E","?","R","E","M","R","BOSS","M","M","?","?","?","E","R","?","T","R","$","M","?","M","R","BOSS","M","?","?","M","M","E","R","E","T","R","E"],"build_version":"2018-07-26","purchased_purges":1,"victory":false,"max_hp_per_floor":[75,75,75,75,75,75,75,75,75,75,75,75,75,75,75,75,75,75,75,75,80,80,80,80,80,80,80,80,80,80,80,80,80,80,80,80,80,80,80,80,80,80,80,80,80],"card_choices":[{"not_picked":["Steam","Compile Driver"],"picked":"Turbo","floor":1},{"not_picked":["Capacitor","Loop"],"picked":"Beam Cell","floor":2},{"not_picked":["Hologram","Glacier"],"picked":"Doom and Gloom","floor":5},{"not_picked":["White Noise","Double Energy"],"picked":"Thunder Strike","floor":6},{"not_picked":["Scrape","Stack"],"picked":"BootSequence","floor":8},{"not_picked":["Cold Snap+1","Streamline+1"],"picked":"Redo","floor":10},{"not_picked":["Barrage+1","Coolheaded","Sweeping Beam+1"],"picked":"Auto Shields","floor":11},{"not_picked":["Defragment","Sunder+1","Turbo"],"picked":"All For One+1","floor":13},{"not_picked":["Stack","Chaos","Rip and Tear+1"],"picked":"Steam","floor":14},{"not_picked":["Reboot","Multi-Cast","Hyperbeam+1"],"picked":"Electrodynamics","floor":16},{"not_picked":["Loop","Steam","Turbo"],"picked":"Ball Lightning+1","floor":18},{"not_picked":["Rebound+1","Compile Driver+1","Glacier"],"picked":"Turbo+1","floor":19},{"not_picked":["Coolheaded","Chaos+1","Barrage+1"],"picked":"Seek","floor":21},{"not_picked":["Conserve Battery","Fusion","Leap"],"picked":"Buffer","floor":23},{"not_picked":["Sweeping Beam+1","Streamline+1","Hologram"],"picked":"Gash+1","floor":29},{"not_picked":["Hologram","Compile Driver+1","Barrage+1"],"picked":"Ball Lightning+1","floor":30},{"not_picked":["Creative AI","Rip and Tear+1","Sweeping Beam+1"],"picked":"Rebound+1","floor":31},{"not_picked":["Fission","Meteor Strike+1","Amplify"],"picked":"Echo Form","floor":33},{"not_picked":["Recycle","Barrage+1","Sweeping Beam+1"],"picked":"Aggregate","floor":34},{"not_picked":["Sweeping Beam+1","Heatsinks","Coolheaded"],"picked":"BootSequence","floor":34},{"not_picked":["Beam Cell+1","Loop","Steam"],"picked":"Electrodynamics","floor":34},{"not_picked":["Coolheaded+1","Redo","Aggregate"],"picked":"Steam Power+1","floor":34},{"not_picked":["Lockon+1","Steam","Stack"],"picked":"Redo+1","floor":34},{"not_picked":["Ball Lightning+1","Consume","Darkness+1"],"picked":"Beam Cell+1","floor":35},{"not_picked":["Chill","Capacitor","Coolheaded"],"picked":"Gash+1","floor":38},{"not_picked":["Barrage+1","Loop","Cold Snap+1"],"picked":"Stack","floor":39},{"not_picked":["Chill+1","Storm","Machine Learning","Lockon+1"],"picked":"SKIP","floor":40},{"not_picked":["Lockon+1","Barrage+1","Chill"],"picked":"Turbo","floor":42}],"player_experience":1392173,"relics_obtained":[{"floor":6,"key":"The Courier"},{"floor":9,"key":"Molten Egg 2"},{"floor":10,"key":"Question Card"},{"floor":13,"key":"Dead Branch"},{"floor":23,"key":"Shovel"},{"floor":25,"key":"Enchiridion"},{"floor":26,"key":"Happy Flower"},{"floor":40,"key":"Girya"},{"floor":42,"key":"Kunai"},{"floor":43,"key":"Boot"}],"event_choices":[{"event_name":"The Cleric","player_choice":"Leave","floor":3,"damage_taken":0},{"event_name":"Liars Game","player_choice":"disagreed","floor":4,"damage_taken":0},{"event_name":"The Lab","player_choice":"Got Potions","floor":20,"damage_taken":0},{"event_name":"Vampires","player_choice":"Ignored","floor":22,"damage_taken":0},{"event_name":"Cursed Tome","player_choice":"Obtained Book","floor":25,"damage_taken":0},{"event_name":"Falling","player_choice":"Removed Skill","floor":36,"damage_taken":0},{"event_name":"Winding Halls","player_choice":"Writhe","floor":37,"damage_taken":0}],"is_beta":false,"boss_relics":[{"not_picked":["Runic Dome","Fusion Hammer"],"picked":"Cursed Key"},{"not_picked":["Pandora\u0027s Box","Inserter"],"picked":"Orrery"}],"items_purged_floors":[28],"is_endless":false,"potions_floor_spawned":[5,8,13,14,16,18,19,21,40,42],"killed_by":"Giant Head","ascension_level":4}