{"gold_per_floor":[115,38,38,52,62,62,87,87,87,99,99,134,151,24,24,126,126,126,41,41,41,41,41],"floor_reached":23,"playtime":1354,"items_purged":["Strike_G"],"score":281,"play_id":"c9630f59-8cfc-4327-9d35-f50319853f97","local_time":"20180908171718","is_ascension_mode":true,"campfire_choices":[{"data":"Neutralize","floor":6,"key":"SMITH"},{"floor":11,"key":"REST"},{"floor":15,"key":"REST"}],"neow_cost":"NONE","seed_source_timestamp":46676051912907,"circlet_count":0,"master_deck":["Defend_G","Defend_G","Defend_G","Defend_G","Defend_G","Strike_G","Strike_G","Strike_G","Strike_G","Survivor","Neutralize+1","Crippling Poison","Catalyst","Quick Slash","Deadly Poison","Crippling Poison","Bane","Prepared","PiercingWail","Deadly Poison","Die Die Die","Acrobatics","Writhe","Terror","Outmaneuver"],"relics":["Sozu","Gremlin Horn","Potion Belt","Meat on the Bone","Vajra","Ectoplasm","Ancient Tea Set","Omamori"],"potions_floor_usage":[],"damage_taken":[{"damage":0,"enemies":"2 Louse","floor":1,"turns":3},{"damage":0,"enemies":"Cultist","floor":4,"turns":4},{"damage":0,"enemies":"Small Slimes","floor":5,"turns":3},{"damage":23,"enemies":"3 Sentries","floor":7,"turns":9},{"damage":1,"enemies":"Blue Slaver","floor":10,"turns":3},{"damage":28,"enemies":"Gremlin Nob","floor":12,"turns":5},{"damage":0,"enemies":"Lots of Slimes","floor":13,"turns":3},{"damage":13,"enemies":"The Guardian","floor":16,"turns":8},{"damage":0,"enemies":"3 Byrds","floor":18,"turns":3},{"damage":10,"enemies":"Shell Parasite","floor":21,"turns":4},{"damage":35,"enemies":"Centurion and Healer","floor":22,"turns":6},{"damage":37,"enemies":"Slavers","floor":23,"turns":2}],"seed_played":"-7424793170575420645","potions_obtained":[],"is_trial":false,"path_per_floor":["M","$","?","M","M","R","E","?","T","M","R","E","M","$","R","B",null,"M","?","?","M","M"],"character_chosen":"THE_SILENT","items_purchased":["Catalyst","Deadly Poison"],"campfire_rested":2,"item_purchase_floors":[2,14],"current_hp_per_floor":[63,63,60,60,60,60,37,37,37,36,57,41,41,41,62,49,65,65,65,65,55,32,0],"gold":41,"neow_bonus":"BOSS_RELIC","is_prod":false,"is_daily":false,"chose_seed":false,"campfire_upgraded":1,"win_rate":0,"timestamp":1536441438,"path_taken":["M","$","?","?","M","R","E","?","T","M","R","E","M","$","R","BOSS","M","?","?","?","M","E"],"build_version":"2018-08-23v2","purchased_purges":1,"victory":false,"max_hp_per_floor":[70,70,70,70,70,70,70,70,70,70,70,70,70,70,70,70,70,70,70,70,70,70,70],"card_choices":[{"not_picked":["Cloak And Dagger","Underhanded Strike"],"picked":"Crippling Poison","floor":1},{"not_picked":["Finisher","PiercingWail"],"picked":"Quick Slash","floor":4},{"not_picked":["Cloak And Dagger","Bane"],"picked":"Deadly Poison","floor":5},{"not_picked":["Escape Plan","Calculated Gamble"],"picked":"Crippling Poison","floor":7},{"not_picked":["Prepared","Phantasmal Killer"],"picked":"Bane","floor":10},{"not_picked":["Caltrops","PiercingWail"],"picked":"Prepared","floor":12},{"not_picked":["Acrobatics","Reflex"],"picked":"PiercingWail","floor":13},{"not_picked":["A Thousand Cuts","Adrenaline"],"picked":"Die Die Die","floor":16},{"not_picked":["Flying Knee","Tactician"],"picked":"Acrobatics","floor":18},{"not_picked":["Quick Slash","Choke"],"picked":"Terror","floor":21},{"not_picked":["Sucker Punch","Leg Sweep"],"picked":"Outmaneuver","floor":22}],"player_experience":1679237,"relics_obtained":[{"floor":7,"key":"Potion Belt"},{"floor":9,"key":"Meat on the Bone"},{"floor":12,"key":"Vajra"}],"event_choices":[{"event_name":"Scrap Ooze","player_choice":"success","floor":3,"damage_taken":3},{"event_name":"Liars Game","player_choice":"disagreed","floor":8,"damage_taken":0},{"event_name":"Addict","player_choice":"Obtained Relic","floor":19,"damage_taken":0},{"event_name":"The Mausoleum","player_choice":"Yes","floor":20,"damage_taken":0}],"is_beta":false,"boss_relics":[{"not_picked":["White Beast Statue","HoveringKite"],"picked":"Ectoplasm"}],"items_purged_floors":[14],"is_endless":false,"potions_floor_spawned":[5,12,13,16,22],"killed_by":"Slavers","ascension_level":8}