{"gold_per_floor":[109,127,137,6,24,24,36,36,118,132,164,164,184,198,198,275,275,293,62,77,77,77,77,92,106,106,4,24,24,24,24],"floor_reached":31,"playtime":2265,"items_purged":[],"score":458,"play_id":"d454efdb-f99b-4861-b031-bcc7c1b41170","local_time":"20190511023815","is_ascension_mode":true,"campfire_choices":[{"data":"True Grit","floor":6.0,"key":"SMITH"},{"data":"Disarm","floor":8.0,"key":"SMITH"},{"floor":12,"key":"REST"},{"floor":15,"key":"REST"},{"floor":23,"key":"REST"},{"floor":29,"key":"REST"}],"neow_cost":"TEN_PERCENT_HP_LOSS","seed_source_timestamp":309190869856824,"circlet_count":0,"master_deck":["AscendersBane","Strike_R","Strike_R","Strike_R","Strike_R","Strike_R","Defend_R","Defend_R","Defend_R","Defend_R","Bash","Demon Form","True Grit+1","Intimidate","Shockwave","Disarm+1","Cleave","Carnage","Headbutt","Blood for Blood","Twin Strike","Thunderclap","Immolate","Impervious","Armaments+1","Sword Boomerang","Seeing Red","Bloodletting","Dark Shackles"],"special_seed":0,"relics":["Burning Blood","Paper Frog","Peace Pipe","Sozu","OrangePellets","Kunai"],"potions_floor_usage":[10,16,18],"damage_taken":[{"damage":13.0,"enemies":"Small Slimes","floor":1.0,"turns":5.0},{"damage":7.0,"enemies":"2 Louse","floor":2.0,"turns":4.0},{"damage":8.0,"enemies":"Cultist","floor":3.0,"turns":4.0},{"damage":3.0,"enemies":"2 Fungi Beasts","floor":5.0,"turns":4.0},{"damage":16.0,"enemies":"Red Slaver","floor":7.0,"turns":4.0},{"damage":5,"enemies":"Lots of Slimes","floor":10,"turns":4},{"damage":44,"enemies":"Gremlin Nob","floor":11,"turns":5},{"damage":10,"enemies":"Blue Slaver","floor":13,"turns":3},{"damage":17,"enemies":"2 Fungi Beasts","floor":14,"turns":4},{"damage":23,"enemies":"The Guardian","floor":16,"turns":10},{"damage":18,"enemies":"Spheric Guardian","floor":18,"turns":4},{"damage":32,"enemies":"3 Byrds","floor":20,"turns":5},{"damage":31,"enemies":"Snake Plant","floor":24,"turns":5},{"damage":9,"enemies":"Cultist and Chosen","floor":25,"turns":7},{"damage":21,"enemies":"Centurion and Healer","floor":28,"turns":7},{"damage":36,"enemies":"Snake Plant","floor":31,"turns":3}],"seed_played":"4032912575973140123","potions_obtained":[{"floor":2.0,"key":"Block Potion"},{"floor":5.0,"key":"BloodPotion"},{"floor":10,"key":"SkillPotion"},{"floor":16,"key":"GamblersBrew"}],"is_trial":false,"path_per_floor":["M","M","M","$","M","R","M","R","T","M","E","R","M","M","R","B",null,"M","$","M","?","?","R","M","M","T","$","M","R","?","M"],"character_chosen":"IRONCLAD","items_purchased":["Disarm","Cleave","OrangePellets","Dark Shackles"],"campfire_rested":4,"item_purchase_floors":[4,4,19,27],"current_hp_per_floor":[61,60,58,58,61,61,57,57,57,58,20,40,36,25,45,28,58,46,46,20,34,34,54,29,26,26,26,11,31,31,0],"gold":24,"neow_bonus":"THREE_RARE_CARDS","is_prod":false,"is_daily":false,"chose_seed":false,"campfire_upgraded":2,"win_rate":0,"timestamp":1557556695,"path_taken":["M","M","M","$","M","R","M","R","T","M","E","R","M","M","R","BOSS","M","$","M","?","?","R","M","?","T","$","M","R","?","?"],"build_version":"2019-01-23","purchased_purges":0,"victory":false,"max_hp_per_floor":[68,68,68,68,68,68,68,68,68,68,68,68,68,68,68,68,68,68,68,68,68,68,68,68,68,68,68,68,68,68,68],"card_choices":[{"not_picked":["Fiend Fire","Juggernaut"],"picked":"Demon Form","floor":0.0},{"not_picked":["Warcry","Thunderclap"],"picked":"True Grit","floor":1.0},{"not_picked":["Wild Strike","Clash"],"picked":"Intimidate","floor":2.0},{"not_picked":["Flame Barrier","Havoc"],"picked":"Shockwave","floor":3.0},{"not_picked":["Warcry","Pommel Strike"],"picked":"Carnage","floor":5.0},{"not_picked":["Clothesline","Dark Embrace"],"picked":"Headbutt","floor":7.0},{"not_picked":["Burning Pact","Dual Wield"],"picked":"Blood for Blood","floor":10},{"not_picked":["Body Slam","Perfected Strike"],"picked":"Twin Strike","floor":11},{"not_picked":["Headbutt","Sever Soul"],"picked":"Thunderclap","floor":13},{"not_picked":["Corruption","Infernal Blade"],"picked":"Immolate","floor":14},{"not_picked":["Brutality","Demon Form"],"picked":"Impervious","floor":16},{"not_picked":["Heavy Blade","Body Slam"],"picked":"Armaments","floor":18},{"not_picked":["Evolve","Body Slam"],"picked":"Sword Boomerang","floor":20},{"not_picked":["Rampage","Clothesline"],"picked":"Seeing Red","floor":24},{"not_picked":["Heavy Blade","Warcry"],"picked":"Bloodletting","floor":25},{"not_picked":["Headbutt","Hemokinesis","Body Slam"],"picked":"SKIP","floor":28}],"player_experience":2589336,"relics_obtained":[{"floor":9.0,"key":"Paper Frog"},{"floor":11,"key":"Peace Pipe"},{"floor":26,"key":"Kunai"}],"event_choices":[{"damage_healed":14,"gold_gain":0,"player_choice":"Heal","damage_taken":0,"max_hp_gain":0,"max_hp_loss":0,"event_name":"The Library","floor":21,"gold_loss":0},{"damage_healed":0,"gold_gain":0,"player_choice":"Leave","damage_taken":0,"max_hp_gain":0,"max_hp_loss":0,"event_name":"FaceTrader","floor":22,"gold_loss":0},{"damage_healed":0,"gold_gain":0,"player_choice":"Forge","damage_taken":0,"max_hp_gain":0,"max_hp_loss":0,"event_name":"Accursed Blacksmith","floor":30,"gold_loss":0,"cards_upgraded":["Armaments"]}],"is_beta":false,"boss_relics":[{"not_picked":["Black Blood","Runic Dome"],"picked":"Sozu"}],"items_purged_floors":[],"is_endless":false,"potions_floor_spawned":[2,5,10,16,20,28],"killed_by":"Snake Plant","ascension_level":18}