{"gold_per_floor":[110,110,110,128,144,176,176,195,241,259,277,301,327,340,340,444,444,457,140,155,173,183,183,197,216,216,216,216,216,234,254,254,254],"floor_reached":33,"playtime":3545,"items_purged":["Strike_G"],"score":265,"play_id":"5146c91f-e082-4fe1-b2f2-19f34aac3454","local_time":"20190927223253","is_ascension_mode":false,"campfire_choices":[{"data":"Skewer","floor":7,"key":"SMITH"},{"floor":15,"key":"REST"},{"floor":23,"key":"REST"},{"floor":27,"key":"REST"},{"data":"Footwork","floor":29,"key":"SMITH"},{"data":"Envenom","floor":32,"key":"SMITH"}],"neow_cost":"NONE","seed_source_timestamp":869701711021200,"circlet_count":0,"master_deck":["Strike_G","Strike_G","Strike_G","Strike_G","Defend_G","Defend_G","Defend_G","Defend_G","Defend_G","Survivor","Neutralize","Skewer+1","Decay","Flying Knee+1","Predator+1","Leg Sweep","Catalyst","Bane+1","Deadly Poison","Bane+1","Dagger Spray+1","Envenom+1","Outmaneuver","Noxious Fumes","Poisoned Stab+1","Terror","Leg Sweep","Backflip+1","Footwork+1","Neutralize+1","Panacea","Sucker Punch+1"],"relics":["Ring of the Snake","NeowsBlessing","Molten Egg 2","Vajra","Oddly Smooth Stone","Happy Flower","StoneCalendar","Runic Pyramid","PreservedInsect","Darkstone Periapt"],"potions_floor_usage":[13,16,16,16,24,25,25,33],"damage_taken":[{"damage":0,"enemies":"2 Louse","floor":1,"turns":1},{"damage":0,"enemies":"Jaw Worm","floor":4,"turns":1},{"damage":0,"enemies":"Cultist","floor":5,"turns":1},{"damage":26,"enemies":"Gremlin Nob","floor":6,"turns":4},{"damage":14,"enemies":"Exordium Thugs","floor":8,"turns":3},{"damage":5,"enemies":"Blue Slaver","floor":10,"turns":4},{"damage":0,"enemies":"Red Slaver","floor":11,"turns":3},{"damage":11,"enemies":"3 Sentries","floor":13,"turns":8},{"damage":2,"enemies":"Lots of Slimes","floor":14,"turns":4},{"damage":20,"enemies":"Hexaghost","floor":16,"turns":6},{"damage":21,"enemies":"3 Byrds","floor":18,"turns":4},{"damage":8,"enemies":"Spheric Guardian","floor":20,"turns":5},{"damage":32,"enemies":"Shelled Parasite and Fungi","floor":21,"turns":7},{"damage":6,"enemies":"Snecko","floor":22,"turns":4},{"damage":19,"enemies":"Sentry and Sphere","floor":24,"turns":7},{"damage":2,"enemies":"Snake Plant","floor":25,"turns":5},{"damage":1,"enemies":"Chosen and Byrds","floor":30,"turns":7},{"damage":7,"enemies":"Cultist and Chosen","floor":31,"turns":6},{"damage":22,"enemies":"Automaton","floor":33,"turns":6}],"seed_played":"-6962416926978628939","potions_obtained":[{"floor":1,"key":"LiquidBronze"},{"floor":6,"key":"EssenceOfSteel"},{"floor":13,"key":"SkillPotion"},{"floor":14,"key":"FearPotion"},{"floor":16,"key":"Fire Potion"},{"floor":18,"key":"Strength Potion"},{"floor":21,"key":"Ancient Potion"},{"floor":24,"key":"SpeedPotion"},{"floor":30,"key":"Swift Potion"}],"is_trial":false,"path_per_floor":["M","?","?","M","M","E","R","M","T","M","M","T","E","M","R","B",null,"M","$","M","M","M","R","M","M","T","R","?","R","M","M","R","B"],"character_chosen":"THE_SILENT","items_purchased":["Noxious Fumes","Poisoned Stab+1","PreservedInsect"],"campfire_rested":3,"item_purchase_floors":[19,19,19],"current_hp_per_floor":[70,67,67,67,67,41,41,27,27,22,22,22,11,9,30,10,70,49,49,41,9,3,24,5,3,3,24,24,24,23,16,16,0],"gold":254,"neow_bonus":"THREE_ENEMY_KILL","is_prod":false,"is_daily":false,"chose_seed":false,"campfire_upgraded":3,"win_rate":0.0,"timestamp":1569594773,"path_taken":["M","?","?","M","?","E","R","M","T","M","M","?","E","M","R","BOSS","M","$","M","M","M","R","M","M","T","R","?","R","?","M","R","BOSS"],"build_version":"2019-07-17","purchased_purges":1,"victory":false,"max_hp_per_floor":[70,70,70,70,70,70,70,70,70,70,70,70,70,70,70,70,70,70,70,70,70,70,70,70,70,70,70,70,70,70,70,70,70],"card_choices":[{"not_picked":["Dash","PiercingWail"],"picked":"Skewer","floor":1},{"not_picked":["Eviscerate+1","Backstab+1"],"picked":"Flying Knee+1","floor":4},{"not_picked":["Catalyst","Flying Knee+1"],"picked":"Predator+1","floor":5},{"not_picked":["Prepared","Blur"],"picked":"Leg Sweep","floor":6},{"not_picked":["Sucker Punch+1","Expertise"],"picked":"Catalyst","floor":8},{"not_picked":["Dagger Throw+1","Flying Knee+1"],"picked":"Bane+1","floor":10},{"not_picked":["Flechettes+1","Dagger Throw+1"],"picked":"Deadly Poison","floor":11},{"not_picked":["Reflex","Flechettes+1"],"picked":"Bane+1","floor":13},{"not_picked":["Endless Agony+1","Quick Slash+1"],"picked":"Dagger Spray+1","floor":14},{"not_picked":["Phantasmal Killer","A Thousand Cuts"],"picked":"Envenom","floor":16},{"not_picked":["Dash+1","Acrobatics"],"picked":"Outmaneuver","floor":18},{"not_picked":["Deflect","Dagger Throw+1"],"picked":"Terror","floor":20},{"not_picked":["Choke+1","Prepared+1"],"picked":"Leg Sweep","floor":21},{"not_picked":["Eviscerate+1","Expertise","Choke+1"],"picked":"SKIP","floor":22},{"not_picked":["Escape Plan","Wraith Form v2"],"picked":"Backflip+1","floor":24},{"not_picked":["Tactician+1","Distraction+1"],"picked":"Footwork","floor":25},{"not_picked":["Tactician+1","Backflip"],"picked":"Sucker Punch+1","floor":30},{"not_picked":["Bane+1","Masterful Stab+1","Skewer+1"],"picked":"SKIP","floor":31}],"player_experience":24210,"relics_obtained":[{"floor":6,"key":"Vajra"},{"floor":9,"key":"Oddly Smooth Stone"},{"floor":12,"key":"Happy Flower"},{"floor":13,"key":"StoneCalendar"},{"floor":26,"key":"Darkstone Periapt"}],"event_choices":[{"damage_healed":0,"gold_gain":0,"player_choice":"Success","damage_taken":3,"relics_obtained":["Molten Egg 2"],"max_hp_gain":0,"max_hp_loss":0,"event_name":"Scrap Ooze","floor":2,"gold_loss":0},{"damage_healed":0,"gold_gain":0,"player_choice":"Cursed","damage_taken":0,"max_hp_gain":0,"max_hp_loss":0,"event_name":"Wheel of Change","floor":3,"gold_loss":0,"cards_obtained":["Decay"]},{"damage_healed":0,"gold_gain":0,"player_choice":"2 cards matched","damage_taken":0,"max_hp_gain":0,"max_hp_loss":0,"event_name":"Match and Keep!","floor":28,"gold_loss":0,"cards_obtained":["Neutralize","Panacea"]}],"is_beta":false,"boss_relics":[{"not_picked":["Astrolabe","Runic Dome"],"picked":"Runic Pyramid"}],"items_purged_floors":[19],"is_endless":false,"potions_floor_spawned":[1,6,13,14,16,18,21,24,30],"killed_by":"Automaton","ascension_level":0}