{"gold_per_floor":[113,125,125,138,149,183,183,210,233,245,277,302,338,369,381,393],"floor_reached":16,"playtime":1382,"items_purged":[],"score":228,"play_id":"624da69c-60b7-4f12-ae0c-532c02951cca","local_time":"20190820175923","is_ascension_mode":true,"campfire_choices":[{"floor":7,"key":"REST"},{"floor":10,"key":"REST"},{"data":"Rage","floor":15,"key":"SMITH"}],"neow_cost":"NONE","seed_source_timestamp":707421956943942,"circlet_count":0,"master_deck":["AscendersBane","Strike_R","Strike_R+1","Strike_R","Strike_R","Strike_R+1","Defend_R","Defend_R+1","Defend_R","Defend_R","Bash","Intimidate","Cleave","Thunderclap","Flame Barrier","Hemokinesis+1","Cleave","Flame Barrier","Metallicize","Rage+1"],"relics":["Burning Blood","Magic Flower","Whetstone","MawBank","Odd Mushroom"],"potions_floor_usage":[6,8,16],"damage_taken":[{"damage":9,"enemies":"Jaw Worm","floor":1,"turns":5},{"damage":0,"enemies":"2 Louse","floor":2,"turns":2},{"damage":2,"enemies":"Small Slimes","floor":4,"turns":3},{"damage":6,"enemies":"Looter","floor":5,"turns":3},{"damage":27,"enemies":"3 Sentries","floor":6,"turns":9},{"damage":27,"enemies":"Gremlin Nob","floor":8,"turns":4},{"damage":0,"enemies":"Gremlin Gang","floor":11,"turns":1},{"damage":10,"enemies":"Exordium Thugs","floor":12,"turns":4},{"damage":12,"enemies":"The Mushroom Lair","floor":13,"turns":4},{"damage":5,"enemies":"Red Slaver","floor":14,"turns":4},{"damage":82,"enemies":"Slime Boss","floor":16,"turns":12}],"seed_played":"5654037470801137109","potions_obtained":[{"floor":4,"key":"Swift Potion"},{"floor":6,"key":"PowerPotion"},{"floor":13,"key":"Ancient Potion"},{"floor":14,"key":"LiquidBronze"}],"is_trial":false,"path_per_floor":["M","M","?","M","M","E","R","E","T","R","M","M","?","M","R","B"],"character_chosen":"IRONCLAD","items_purchased":[],"campfire_rested":2,"item_purchase_floors":[],"current_hp_per_floor":[72,78,53,57,57,36,60,42,42,66,75,74,71,75,75,0],"gold":393,"neow_bonus":"TEN_PERCENT_HP_BONUS","is_prod":false,"is_daily":false,"chose_seed":false,"campfire_upgraded":1,"win_rate":0,"timestamp":1566338363,"path_taken":["M","M","?","M","M","E","R","E","T","R","M","M","?","M","R","BOSS"],"build_version":"2019-01-23","purchased_purges":0,"victory":false,"max_hp_per_floor":[82,82,82,82,82,82,82,82,82,82,82,82,82,82,82,82],"card_choices":[{"not_picked":["Havoc","Perfected Strike"],"picked":"Intimidate","floor":1},{"not_picked":["Shrug It Off","Sword Boomerang"],"picked":"Cleave","floor":2},{"not_picked":["Bloodletting","Perfected Strike"],"picked":"Thunderclap","floor":4},{"not_picked":["True Grit","Heavy Blade"],"picked":"Flame Barrier","floor":5},{"not_picked":["Burning Pact","Corruption"],"picked":"Hemokinesis","floor":6},{"not_picked":["Twin Strike","Hemokinesis"],"picked":"Cleave","floor":8},{"not_picked":["Evolve","Sword Boomerang"],"picked":"Flame Barrier","floor":11},{"not_picked":["Anger","Havoc","Sever Soul"],"picked":"SKIP","floor":12},{"not_picked":["Sever Soul","Rage"],"picked":"Metallicize","floor":13},{"not_picked":["Cleave","Pommel Strike"],"picked":"Rage","floor":14}],"player_experience":2829493,"relics_obtained":[{"floor":6,"key":"Magic Flower"},{"floor":8,"key":"Whetstone"},{"floor":9,"key":"MawBank"},{"floor":13,"key":"Odd Mushroom"}],"event_choices":[{"damage_healed":0,"gold_gain":0,"player_choice":"Entered Light","damage_taken":25,"max_hp_gain":0,"max_hp_loss":0,"event_name":"Shining Light","floor":3,"gold_loss":0,"cards_upgraded":["Strike_R","Defend_R"]},{"damage_healed":0,"gold_gain":0,"player_choice":"Fought Mushrooms","damage_taken":0,"max_hp_gain":0,"max_hp_loss":0,"event_name":"Mushrooms","floor":13,"gold_loss":0}],"is_beta":false,"boss_relics":[],"items_purged_floors":[],"is_endless":false,"potions_floor_spawned":[4,6,13,14],"killed_by":"Slime Boss","ascension_level":20}