{"gold_per_floor":[115,128,128,146,146,177,28,46,72,72,17,27,27,59,59,133,133,152,152,152,1,16,16,16],"floor_reached":24,"playtime":1090,"items_purged":["Decay"],"score":428,"play_id":"d339d5ce-3afb-4a2e-9ac7-79062a6be6c1","local_time":"20190817233906","is_ascension_mode":true,"campfire_choices":[{"floor":15,"key":"REST"},{"floor":23,"key":"REST"}],"neow_cost":"NONE","seed_source_timestamp":671947641194046,"circlet_count":0,"master_deck":["AscendersBane","Strike_R","Strike_R","Strike_R","Strike_R","Strike_R","Defend_R","Defend_R","Defend_R","Defend_R","Bash","Armaments","Flame Barrier","Thunderclap","Wild Strike","Demon Form","Iron Wave","Thunderclap","Flame Barrier","Limit Break","Hemokinesis+1","Shockwave","Metallicize","Inflame+1"],"relics":["Burning Blood","NeowsBlessing","MawBank","Dream Catcher","Juzu Bracelet","Fusion Hammer","Nilry\u0027s Codex"],"potions_floor_usage":[6,10,14,14,16],"damage_taken":[{"damage":0,"enemies":"Cultist","floor":1,"turns":1},{"damage":0,"enemies":"Small Slimes","floor":2,"turns":1},{"damage":0,"enemies":"Jaw Worm","floor":4,"turns":1},{"damage":35,"enemies":"Gremlin Nob","floor":6,"turns":4},{"damage":11,"enemies":"Looter","floor":8,"turns":2},{"damage":0,"enemies":"Lagavulin","floor":10,"turns":3},{"damage":3,"enemies":"3 Louse","floor":12,"turns":4},{"damage":35,"enemies":"Gremlin Nob","floor":14,"turns":5},{"damage":30,"enemies":"The Guardian","floor":16,"turns":10},{"damage":20,"enemies":"3 Byrds","floor":18,"turns":4},{"damage":24,"enemies":"Spheric Guardian","floor":22,"turns":5},{"damage":33,"enemies":"Snake Plant","floor":24,"turns":2}],"seed_played":"2467475004649127464","potions_obtained":[{"floor":3,"key":"SmokeBomb"},{"floor":3,"key":"PowerPotion"},{"floor":6,"key":"Energy Potion"},{"floor":14,"key":"PowerPotion"}],"is_trial":false,"path_per_floor":["M","M","?","M","$","E","$","M","T","E","$","M","?","E","R","B",null,"M","?","?","$","M","R","M"],"character_chosen":"IRONCLAD","items_purchased":["Demon Form","Block Potion","Shockwave"],"campfire_rested":2,"item_purchase_floors":[7,11,21],"current_hp_per_floor":[74,75,75,75,75,46,46,41,41,47,47,50,50,21,43,19,61,47,26,26,26,8,30,0],"gold":16,"neow_bonus":"THREE_ENEMY_KILL","is_prod":false,"is_daily":false,"chose_seed":false,"campfire_upgraded":0,"win_rate":0,"timestamp":1566099546,"path_taken":["M","?","?","?","?","E","$","M","T","E","$","M","?","E","R","BOSS","M","?","?","$","M","R","M"],"build_version":"2019-01-23","purchased_purges":1,"victory":false,"max_hp_per_floor":[75,75,75,75,75,75,75,75,75,75,75,75,75,75,75,75,75,75,75,75,75,75,75,75],"card_choices":[{"not_picked":["Perfected Strike","Flex"],"picked":"Armaments","floor":1},{"not_picked":["Flex","Pommel Strike"],"picked":"Flame Barrier","floor":2},{"not_picked":["Ghostly Armor","Twin Strike"],"picked":"Thunderclap","floor":4},{"not_picked":["Twin Strike","Perfected Strike"],"picked":"Wild Strike","floor":6},{"not_picked":["Rage","Pommel Strike"],"picked":"Iron Wave","floor":8},{"not_picked":["Flex","Infernal Blade"],"picked":"Thunderclap","floor":12},{"not_picked":["Infernal Blade","Clash","Thunderclap"],"picked":"SKIP","floor":14},{"not_picked":["Dark Embrace","Twin Strike"],"picked":"Flame Barrier","floor":15},{"not_picked":["Double Tap","Berserk"],"picked":"Limit Break","floor":16},{"not_picked":["Wild Strike","Body Slam"],"picked":"Hemokinesis+1","floor":18},{"not_picked":["Heavy Blade","Feel No Pain+1"],"picked":"Metallicize","floor":22},{"not_picked":["Anger","Wild Strike"],"picked":"Inflame+1","floor":23}],"player_experience":2820086,"relics_obtained":[{"floor":6,"key":"MawBank"},{"floor":9,"key":"Dream Catcher"},{"floor":14,"key":"Juzu Bracelet"},{"floor":19,"key":"Nilry\u0027s Codex"}],"event_choices":[{"damage_healed":0,"gold_gain":0,"player_choice":"Got Potions","damage_taken":0,"max_hp_gain":0,"max_hp_loss":0,"event_name":"Lab","floor":3,"gold_loss":0},{"damage_healed":0,"gold_gain":0,"player_choice":"Ignored","damage_taken":0,"max_hp_gain":0,"max_hp_loss":0,"event_name":"Shining Light","floor":13,"gold_loss":0},{"damage_healed":0,"gold_gain":0,"player_choice":"Obtained Book","damage_taken":21,"max_hp_gain":0,"max_hp_loss":0,"event_name":"Cursed Tome","floor":19,"gold_loss":0},{"damage_healed":0,"gold_gain":0,"player_choice":"Smashed Altar","damage_taken":0,"max_hp_gain":0,"max_hp_loss":0,"event_name":"Forgotten Altar","floor":20,"gold_loss":0,"cards_obtained":["Decay"]}],"is_beta":false,"boss_relics":[{"not_picked":["Tiny House","Black Star"],"picked":"Fusion Hammer"}],"items_purged_floors":[21],"is_endless":false,"potions_floor_spawned":[6,14],"killed_by":"Snake Plant","ascension_level":20}