{"gold_per_floor":[117,117,67,67,86,147,147,174,201,233,233,233,263,263,263,361,361,371,371,371,382,382,412,430,430,430,430,520,95,115,129,129,231,231,249,249,266,266,266,266,298,298,323,47,73,84,113,131,131,131],"floor_reached":51,"playtime":4098,"items_purged":[],"score":1040,"play_id":"abb70fc1-d6c3-47e3-b087-7652d5130aa7","local_time":"20180811184028","is_ascension_mode":true,"campfire_choices":[{"data":"Armaments","floor":7.0,"key":"SMITH"},{"floor":12.0,"key":"REST"},{"data":"Bludgeon","floor":15,"key":"SMITH"},{"data":"True Grit","floor":25,"key":"SMITH"},{"data":"True Grit","floor":27,"key":"SMITH"},{"floor":32,"key":"REST"},{"data":"Berserk","floor":40,"key":"SMITH"},{"floor":42,"key":"REST"},{"floor":49,"key":"REST"}],"neow_cost":"NONE","seed_source_timestamp":0,"circlet_count":0,"master_deck":["Strike_R","Strike_R","Strike_R","Strike_R","Defend_R+1","Defend_R","Defend_R+1","Bash","Armaments+1","Clothesline","Berserk+1","Clash","Bludgeon+1","Spot Weakness","Demon Form","Clothesline+1","True Grit+1","True Grit+1","Double Tap","Immolate+1","Sentinel","Pommel Strike+1","Fiend Fire+1","Iron Wave+1","Sever Soul+1","Sword Boomerang+1","Madness","Madness","Battle Trance+1","Pommel Strike+1","Reckless Charge+1","Rage+1","Dual Wield+1","Power Through+1","Uppercut+1"],"special_seed":0,"relics":["Burning Blood","NeowsBlessing","FaceOfCleric","Omamori","Tiny Chest","War Paint","Art of War","Meat on the Bone","Darkstone Periapt","Singing Bowl","Sozu","Magic Flower","Self Forming Clay","Necronomicon","Molten Egg 2","Letter Opener","Medical Kit","Velvet Choker","Pear","Centennial Puzzle","Happy Flower","Ice Cream","Ginger"],"potions_floor_usage":[33],"damage_taken":[{"damage":0.0,"enemies":"Cultist","floor":1.0,"turns":1.0},{"damage":0.0,"enemies":"Small Slimes","floor":5.0,"turns":1.0},{"damage":0.0,"enemies":"Lagavulin","floor":6.0,"turns":1.0},{"damage":37.0,"enemies":"3 Sentries","floor":8.0,"turns":7.0},{"damage":41.0,"enemies":"Gremlin Nob","floor":10.0,"turns":6.0},{"damage":25,"enemies":"Lagavulin","floor":13,"turns":5},{"damage":15,"enemies":"The Guardian","floor":16,"turns":9},{"damage":3,"enemies":"Chosen","floor":18,"turns":3},{"damage":6,"enemies":"Shell Parasite","floor":21,"turns":3},{"damage":13,"enemies":"Book of Stabbing","floor":23,"turns":3},{"damage":0,"enemies":"Snake Plant","floor":24,"turns":1},{"damage":7,"enemies":"Cultist and Chosen","floor":30,"turns":3},{"damage":0,"enemies":"Snecko","floor":31,"turns":2},{"damage":78,"enemies":"Collector","floor":33,"turns":8},{"damage":8,"enemies":"3 Shapes","floor":35,"turns":7},{"damage":0,"enemies":"Flame Bruiser 1 Orb","floor":37,"turns":3},{"damage":48,"enemies":"Giant Head","floor":41,"turns":7},{"damage":50,"enemies":"2 Orb Walkers","floor":45,"turns":5},{"damage":26,"enemies":"Maw","floor":46,"turns":6},{"damage":9,"enemies":"Giant Head","floor":47,"turns":4},{"damage":13,"enemies":"Spire Growth","floor":48,"turns":3},{"damage":42,"enemies":"Donu and Deca","floor":50,"turns":6}],"seed_played":"-2174272189843045023","potions_obtained":[{"floor":5.0,"key":"AttackPotion"},{"floor":6.0,"key":"Weak Potion"},{"floor":13,"key":"Weak Potion"}],"is_trial":false,"path_per_floor":["M","?","?","?","M","E","R","E","T","E","T","R","E","?","R","B",null,"M","T","T","M","?","E","M","R","T","R","?","$","M","M","R","B",null,"M","?","M","?","?","R","E","R","T","$","E","M","E","M","R","B"],"character_chosen":"IRONCLAD","items_purchased":["Double Tap","Medical Kit","Immolate+1","Happy Flower","Pommel Strike+1","Reckless Charge+1"],"campfire_rested":4,"item_purchase_floors":[29,29,29,44,44,44],"current_hp_per_floor":[80,80,80,73,80,82,82,52,52,18,18,43,37,58,58,50,77,81,81,81,88,72,70,81,81,81,81,63,63,67,78,94,45,83,86,86,97,85,85,85,76,108,108,108,69,72,74,72,105,74],"gold":131,"neow_bonus":"THREE_ENEMY_KILL","is_prod":false,"is_daily":false,"chose_seed":false,"campfire_upgraded":5,"win_rate":0,"timestamp":1534027228,"path_taken":["M","?","?","?","?","E","R","E","T","E","?","R","E","?","R","BOSS","M","?","?","?","?","E","M","R","T","R","?","$","M","M","R","BOSS","M","?","?","?","?","R","E","R","T","$","E","?","E","M","R","BOSS"],"build_version":"2018-08-09","purchased_purges":0,"victory":true,"max_hp_per_floor":[80,80,80,80,81,82,82,83,83,84,84,84,85,85,85,86,86,87,87,87,90,90,91,92,92,92,92,92,92,93,94,94,95,95,96,96,97,97,97,97,108,108,108,108,109,110,111,112,112,113],"card_choices":[{"not_picked":["Body Slam","Pummel"],"picked":"Armaments","floor":1.0},{"not_picked":["Sword Boomerang","True Grit"],"picked":"Clothesline","floor":5.0},{"not_picked":["Twin Strike","Shrug It Off"],"picked":"Berserk","floor":6.0},{"not_picked":["Evolve","Sword Boomerang"],"picked":"Clash","floor":8.0},{"not_picked":["Burning Pact","Havoc"],"picked":"Bludgeon","floor":10.0},{"not_picked":["Heavy Blade","Clash"],"picked":"Spot Weakness","floor":13},{"not_picked":["Limit Break","Fiend Fire"],"picked":"Demon Form","floor":16},{"not_picked":["Wild Strike","Cleave"],"picked":"Clothesline+1","floor":18},{"not_picked":["Armaments","Havoc","Cleave"],"picked":"Singing Bowl","floor":21},{"not_picked":["Juggernaut","Sever Soul"],"picked":"True Grit","floor":23},{"not_picked":["Pummel+1","Entrench"],"picked":"True Grit","floor":24},{"not_picked":["Warcry","Shrug It Off"],"picked":"Sentinel","floor":30},{"not_picked":["Flex","Body Slam+1"],"picked":"Pommel Strike+1","floor":31},{"not_picked":["Dark Embrace","Feed+1"],"picked":"Fiend Fire+1","floor":33},{"not_picked":["Perfected Strike+1","True Grit+1"],"picked":"Iron Wave+1","floor":35},{"not_picked":["Cleave+1","Flame Barrier"],"picked":"Sword Boomerang+1","floor":37},{"not_picked":["Sever Soul+1","Intimidate"],"picked":"Battle Trance+1","floor":41},{"not_picked":["Evolve","Shrug It Off"],"picked":"Rage+1","floor":45},{"not_picked":["Carnage+1","Thunderclap+1"],"picked":"Dual Wield+1","floor":46},{"not_picked":["Cleave+1","Thunderclap+1"],"picked":"Power Through+1","floor":47},{"not_picked":["Wild Strike+1","Havoc"],"picked":"Uppercut+1","floor":48}],"player_experience":1504805,"relics_obtained":[{"floor":6.0,"key":"Tiny Chest"},{"floor":8.0,"key":"War Paint"},{"floor":9.0,"key":"Art of War"},{"floor":10.0,"key":"Meat on the Bone"},{"floor":11.0,"key":"Darkstone Periapt"},{"floor":13,"key":"Singing Bowl"},{"floor":19,"key":"Magic Flower"},{"floor":20,"key":"Self Forming Clay"},{"floor":22,"key":"Necronomicon"},{"floor":23,"key":"Molten Egg 2"},{"floor":26,"key":"Letter Opener"},{"floor":41,"key":"Pear"},{"floor":43,"key":"Centennial Puzzle"},{"floor":45,"key":"Ice Cream"},{"floor":47,"key":"Ginger"}],"event_choices":[{"event_name":"FaceTrader","player_choice":"Trade","floor":2.0,"damage_taken":0.0},{"event_name":"The Cleric","player_choice":"Card Removal","floor":3.0,"damage_taken":0.0},{"event_name":"Scrap Ooze","player_choice":"success","floor":4.0,"damage_taken":7.0},{"event_name":"Mushrooms","player_choice":"Healed and dodged fight","floor":14,"damage_taken":0},{"event_name":"Cursed Tome","player_choice":"Obtained Book","floor":22,"damage_taken":0},{"event_name":"Knowing Skull","player_choice":"GOLD ","floor":28,"damage_taken":0},{"event_name":"Transmorgrifier","player_choice":"Transform","floor":36,"damage_taken":0},{"event_name":"Winding Halls","player_choice":"Embrace Madness","floor":38,"damage_taken":0},{"event_name":"Tomb of Lord Red Mask","player_choice":"Ignored","floor":39,"damage_taken":0}],"is_beta":false,"boss_relics":[{"not_picked":["Snecko Eye","Runic Cube"],"picked":"Sozu"},{"not_picked":["Pandora\u0027s Box","Lizard Tail"],"picked":"Velvet Choker"}],"items_purged_floors":[],"is_endless":false,"potions_floor_spawned":[5,6,13,23,24,33,37,46,48],"ascension_level":5}