{"gold_per_floor":[115,128,146,146,71,71,97,97,167,167,199,229,65,77,77,154,154,168,2,2,2,13,13,47,47,47,64,64,92,115,115,115,115],"floor_reached":33,"playtime":3442,"items_purged":["Defend_R"],"score":520,"play_id":"98bd8ed4-37a4-4a04-9dba-293bfe7536bb","local_time":"20190403222140","is_ascension_mode":true,"campfire_choices":[{"data":"True Grit","floor":6.0,"key":"SMITH"},{"data":"Clothesline","floor":8.0,"key":"SMITH"},{"data":"Seeing Red","floor":10.0,"key":"SMITH"},{"data":"Armaments","floor":15.0,"key":"SMITH"},{"floor":23.0,"key":"REST"},{"floor":32,"key":"REST"}],"neow_cost":"TEN_PERCENT_HP_LOSS","seed_source_timestamp":1986800338218825,"circlet_count":0,"master_deck":["AscendersBane","Strike_R","Strike_R","Defend_R","Defend_R","Defend_R","Bash","True Grit+1","Seeing Red+1","Shrug It Off","Pommel Strike","Cleave","Power Through","Clothesline+1","Armaments+1","Iron Wave","Pommel Strike","Anger","Iron Wave","Dark Embrace","Whirlwind+1","Metallicize","RitualDagger","Demon Form","Anger","Combust","Armaments+1","Spot Weakness","Rupture","Flame Barrier"],"special_seed":0,"relics":["Burning Blood","Prayer Wheel","Juzu Bracelet","Darkstone Periapt","Oddly Smooth Stone","Fusion Hammer","Omamori","Boot","Mercury Hourglass","Self Forming Clay","Ancient Tea Set"],"potions_floor_usage":[29,33,33],"damage_taken":[{"damage":0.0,"enemies":"Small Slimes","floor":1.0,"turns":3.0},{"damage":3.0,"enemies":"2 Louse","floor":2.0,"turns":4.0},{"damage":1.0,"enemies":"Jaw Worm","floor":3.0,"turns":4.0},{"damage":17.0,"enemies":"3 Sentries","floor":7.0,"turns":6.0},{"damage":10.0,"enemies":"Lagavulin","floor":11.0,"turns":6.0},{"damage":0.0,"enemies":"3 Louse","floor":14.0,"turns":3.0},{"damage":39.0,"enemies":"The Guardian","floor":16.0,"turns":16.0},{"damage":4.0,"enemies":"Shell Parasite","floor":18.0,"turns":7.0},{"damage":8.0,"enemies":"Spheric Guardian","floor":22.0,"turns":3.0},{"damage":18,"enemies":"Slavers","floor":24,"turns":3},{"damage":12,"enemies":"Shelled Parasite and Fungi","floor":27,"turns":5},{"damage":25,"enemies":"Gremlin Leader","floor":29,"turns":6},{"damage":65,"enemies":"Collector","floor":33,"turns":9}],"seed_played":"-3970519377234371020","potions_obtained":[{"floor":1.0,"key":"PowerPotion"},{"floor":3.0,"key":"Explosive Potion"},{"floor":16.0,"key":"Regen Potion"},{"floor":24,"key":"AttackPotion"},{"floor":29,"key":"Energy Potion"}],"is_trial":false,"path_per_floor":["M","M","M","?","?","R","E","R","T","R","E","?","$","M","R","B",null,"M","$","?","?","M","R","E","?","T","M","?","E","T","?","R","B"],"character_chosen":"IRONCLAD","items_purchased":["Iron Wave","Pommel Strike","Omamori"],"campfire_rested":2,"item_purchase_floors":[13,13,19],"current_hp_per_floor":[68,68,68,68,68,68,57,57,57,57,53,53,53,59,59,26,58,60,60,60,54,52,68,56,56,56,50,50,31,31,31,51,0],"gold":115,"neow_bonus":"ONE_RARE_RELIC","is_prod":false,"is_daily":false,"chose_seed":false,"campfire_upgraded":4,"win_rate":0,"timestamp":1554344500,"path_taken":["M","M","M","?","?","R","E","R","T","R","E","?","$","M","R","BOSS","M","$","?","?","M","R","E","?","T","M","?","E","?","?","R","BOSS"],"build_version":"2019-01-23","purchased_purges":1,"victory":false,"max_hp_per_floor":[68,68,68,68,68,68,68,68,68,68,68,68,68,68,68,68,68,68,68,68,68,68,68,68,68,68,68,68,68,68,68,68,68],"card_choices":[{"not_picked":["Rupture","Sword Boomerang"],"picked":"True Grit","floor":1.0},{"not_picked":["Inflame","Sword Boomerang"],"picked":"Seeing Red","floor":1.0},{"not_picked":["Pummel","Twin Strike"],"picked":"Shrug It Off","floor":2.0},{"not_picked":["Sever Soul","Ghostly Armor"],"picked":"Pommel Strike","floor":2.0},{"not_picked":["Battle Trance","Pommel Strike"],"picked":"Cleave","floor":3.0},{"not_picked":["Havoc","Feel No Pain"],"picked":"Power Through","floor":3.0},{"not_picked":["Thunderclap","Hemokinesis"],"picked":"Clothesline","floor":7.0},{"not_picked":["Wild Strike","Dark Embrace"],"picked":"Armaments","floor":11.0},{"not_picked":["Twin Strike","Inflame"],"picked":"Anger","floor":14.0},{"not_picked":["Heavy Blade","True Grit"],"picked":"Iron Wave","floor":14.0},{"not_picked":["Feed","Exhume"],"picked":"Dark Embrace","floor":16.0},{"not_picked":["Clothesline+1","Armaments"],"picked":"Whirlwind+1","floor":18.0},{"not_picked":["Cleave+1","Havoc"],"picked":"Metallicize","floor":18.0},{"not_picked":["Flame Barrier","Perfected Strike"],"picked":"Demon Form","floor":22.0},{"not_picked":["Wild Strike","Twin Strike"],"picked":"Anger","floor":22.0},{"not_picked":["Heavy Blade","Headbutt"],"picked":"Combust","floor":24},{"not_picked":["Uppercut","Infernal Blade"],"picked":"Spot Weakness","floor":27},{"not_picked":["Sever Soul","Perfected Strike"],"picked":"Rupture","floor":27},{"not_picked":["Demon Form","Cleave"],"picked":"Flame Barrier","floor":29}],"player_experience":2447808,"relics_obtained":[{"floor":7.0,"key":"Juzu Bracelet"},{"floor":9.0,"key":"Darkstone Periapt"},{"floor":11.0,"key":"Oddly Smooth Stone"},{"floor":24,"key":"Boot"},{"floor":26,"key":"Mercury Hourglass"},{"floor":29,"key":"Self Forming Clay"},{"floor":30,"key":"Ancient Tea Set"}],"event_choices":[{"damage_healed":0.0,"max_hp_gain":0.0,"max_hp_loss":0.0,"gold_gain":0.0,"event_name":"Liars Game","player_choice":"Ignored","floor":4.0,"gold_loss":0.0,"damage_taken":0.0},{"cards_removed":["Strike_R"],"damage_healed":0.0,"max_hp_gain":0.0,"max_hp_loss":0.0,"gold_gain":0.0,"event_name":"The Cleric","player_choice":"Card Removal","floor":5.0,"gold_loss":75.0,"damage_taken":0.0},{"damage_healed":0.0,"max_hp_gain":0.0,"max_hp_loss":0.0,"gold_gain":30.0,"event_name":"Dead Adventurer","player_choice":"Searched \u00272\u0027 times","floor":12.0,"gold_loss":0.0,"damage_taken":0.0},{"cards_removed":["Strike_R"],"damage_healed":0.0,"max_hp_gain":0.0,"max_hp_loss":0.0,"gold_gain":0.0,"event_name":"Back to Basics","player_choice":"Elegance","floor":20.0,"gold_loss":0.0,"damage_taken":0.0},{"damage_healed":0.0,"max_hp_gain":0.0,"max_hp_loss":0.0,"gold_gain":0.0,"event_name":"Nest","player_choice":"Joined the Cult","floor":21.0,"gold_loss":0.0,"damage_taken":6.0,"cards_obtained":["RitualDagger"]},{"damage_healed":0,"gold_gain":0,"player_choice":"Copied","damage_taken":0,"max_hp_gain":0,"max_hp_loss":0,"event_name":"Duplicator","floor":25,"gold_loss":0,"cards_obtained":["Armaments"]},{"cards_removed":["Strike_R"],"damage_healed":0,"gold_gain":0,"player_choice":"Purged","damage_taken":0,"max_hp_gain":0,"max_hp_loss":0,"event_name":"Purifier","floor":28,"gold_loss":0},{"damage_healed":0,"gold_gain":0,"player_choice":"Leave","damage_taken":0,"max_hp_gain":0,"max_hp_loss":0,"event_name":"FaceTrader","floor":31,"gold_loss":0}],"is_beta":false,"boss_relics":[{"not_picked":["Eternal Feather","Velvet Choker"],"picked":"Fusion Hammer"}],"items_purged_floors":[13],"is_endless":false,"potions_floor_spawned":[1,3,16,24,27,29],"killed_by":"Collector","ascension_level":16}