{"gold_per_floor":[113,113,132,132,102,102,117,292,292,361,6,6,81,99,99,199,249,259,9,9,20,33,33,46,46,46,46,78,78,78,88,88,193,193,210,35,50,50,50],"floor_reached":39,"playtime":2212,"items_purged":[],"score":431,"play_id":"431b6145-2f88-47b9-b98e-6f68a61b8012","local_time":"20190823100050","is_ascension_mode":true,"campfire_choices":[{"floor":6,"key":"REST"},{"floor":12,"key":"DIG"},{"floor":15,"key":"REST"},{"floor":23,"key":"REST"},{"floor":25,"key":"REST"},{"floor":30,"key":"REST"},{"floor":32,"key":"REST"}],"neow_cost":"NONE","seed_source_timestamp":514441381692074,"circlet_count":0,"master_deck":["Strike_G","Strike_G","Strike_G+1","Strike_G","Strike_G","Defend_G","Defend_G","Defend_G","Defend_G","Defend_G","Survivor","Neutralize+1","Quick Slash","Poisoned Stab","Infinite Blades+1","Flying Knee","Doubt","Well Laid Plans+1","Phantasmal Killer","Deadly Poison","Corpse Explosion","Noxious Fumes+1","Infinite Blades+1","Blade Dance","Distraction","Cloak And Dagger+1","Dagger Spray+1","Dagger Spray+1","J.A.X.","Bullet Time","Finisher","Corpse Explosion","Finisher+1","Blade Dance","Slice","Finisher","Dodge and Roll+1"],"relics":["Ring of the Snake","Shovel","Question Card","Frozen Egg 2","TwistedFunnel","Omamori","Oddly Smooth Stone","Shuriken","Mercury Hourglass","Bag of Preparation","Nloth\u0027s Gift","Fusion Hammer"],"potions_floor_usage":[21,22,24,24,24,24,24,28,33],"damage_taken":[{"damage":4,"enemies":"2 Louse","floor":1,"turns":5},{"damage":0,"enemies":"Small Slimes","floor":3,"turns":4},{"damage":0,"enemies":"Cultist","floor":7,"turns":3},{"damage":1,"enemies":"2 Fungi Beasts","floor":14,"turns":2},{"damage":44,"enemies":"Hexaghost","floor":16,"turns":9},{"damage":5,"enemies":"3 Byrds","floor":18,"turns":2},{"damage":30,"enemies":"2 Thieves","floor":21,"turns":4},{"damage":29,"enemies":"Snake Plant","floor":22,"turns":4},{"damage":0,"enemies":"Sentry and Sphere","floor":24,"turns":4},{"damage":24,"enemies":"Gremlin Leader","floor":28,"turns":5},{"damage":14,"enemies":"Snecko","floor":31,"turns":3},{"damage":59,"enemies":"Automaton","floor":33,"turns":6},{"damage":24,"enemies":"Orb Walker","floor":35,"turns":3},{"damage":32,"enemies":"3 Darklings","floor":37,"turns":3},{"damage":27,"enemies":"4 Shapes","floor":39,"turns":1}],"seed_played":"4112699804591494952","potions_obtained":[{"floor":3,"key":"Fire Potion"},{"floor":5,"key":"Ancient Potion"},{"floor":5,"key":"EntropicBrew"},{"floor":21,"key":"Regen Potion"},{"floor":24,"key":"PowerPotion"},{"floor":31,"key":"SteroidPotion"}],"is_trial":false,"path_per_floor":["M","?","M","?","?","R","M","?","T","T","$","R","?","M","R","B",null,"M","$","T","M","M","R","M","R","T","?","E","?","R","M","R","B",null,"M","$","M","?","M"],"character_chosen":"THE_SILENT","items_purchased":["TwistedFunnel","Well Laid Plans+1","Phantasmal Killer","Oddly Smooth Stone","Blade Dance","Distraction","Blade Dance","Slice","Finisher"],"campfire_rested":6,"item_purchase_floors":[11,11,11,19,19,19,36,36,36],"current_hp_per_floor":[66,48,48,34,34,55,55,55,55,55,55,55,48,47,68,24,75,70,70,70,40,20,42,42,64,64,64,40,40,62,48,70,11,75,51,51,19,19,0],"gold":50,"neow_bonus":"THREE_CARDS","is_prod":false,"is_daily":false,"chose_seed":false,"campfire_upgraded":0,"win_rate":0,"timestamp":1566565250,"path_taken":["M","?","M","?","?","R","?","?","T","?","$","R","?","M","R","BOSS","M","$","?","?","M","R","M","R","T","?","E","?","R","M","R","BOSS","M","$","M","?","M"],"build_version":"2019-07-17","purchased_purges":0,"victory":false,"max_hp_per_floor":[70,70,70,70,70,70,70,70,70,70,70,70,70,70,70,70,75,75,75,75,75,75,75,75,75,75,75,75,75,75,75,75,75,75,75,75,75,75,75],"card_choices":[{"not_picked":["Setup","Deflect"],"picked":"Quick Slash","floor":0},{"not_picked":["Sucker Punch","Dagger Throw"],"picked":"Poisoned Stab","floor":1},{"not_picked":["Poisoned Stab","Prepared"],"picked":"Infinite Blades","floor":3},{"not_picked":["Prepared","Outmaneuver"],"picked":"Flying Knee","floor":7},{"not_picked":["Masterful Stab","Prepared","Quick Slash"],"picked":"Deadly Poison","floor":14},{"not_picked":["Unload","Burst","After Image+1"],"picked":"Corpse Explosion","floor":16},{"not_picked":["Bane","Riddle With Holes","Backflip"],"picked":"Noxious Fumes+1","floor":17},{"not_picked":["Deflect+1","Blade Dance","PiercingWail"],"picked":"Infinite Blades+1","floor":18},{"not_picked":["Flying Knee","Dodge and Roll+1","Deadly Poison"],"picked":"Cloak And Dagger+1","floor":21},{"not_picked":["Acrobatics","Heel Hook","Sucker Punch"],"picked":"Dagger Spray+1","floor":22},{"not_picked":["Choke","Poisoned Stab","Outmaneuver"],"picked":"Dagger Spray+1","floor":24},{"not_picked":["Flying Knee+1","Cloak And Dagger","Blade Dance"],"picked":"Bullet Time","floor":28},{"not_picked":["Acrobatics","Escape Plan","Outmaneuver"],"picked":"Finisher","floor":31},{"not_picked":["Grand Finale","Unload","Wraith Form v2+1"],"picked":"Corpse Explosion","floor":33},{"not_picked":["Underhanded Strike+1","PiercingWail","Deadly Poison"],"picked":"Finisher+1","floor":35},{"not_picked":["Dagger Spray","Acrobatics+1","Bane"],"picked":"Dodge and Roll+1","floor":37}],"player_experience":339511,"relics_obtained":[{"floor":9,"key":"Question Card"},{"floor":10,"key":"Frozen Egg 2"},{"floor":12,"key":"Omamori"},{"floor":20,"key":"Shuriken"},{"floor":26,"key":"Mercury Hourglass"},{"floor":28,"key":"Bag of Preparation"}],"event_choices":[{"damage_healed":0,"gold_gain":0,"player_choice":"Success","damage_taken":18,"relics_obtained":["Shovel"],"max_hp_gain":0,"max_hp_loss":0,"event_name":"Scrap Ooze","floor":2,"gold_loss":0},{"damage_healed":0,"gold_gain":0,"player_choice":"Entered Light","damage_taken":14,"max_hp_gain":0,"max_hp_loss":0,"event_name":"Shining Light","floor":4,"gold_loss":0,"cards_upgraded":["Strike_G","Neutralize"]},{"damage_healed":0,"gold_gain":0,"player_choice":"Bought 2 Potions","damage_taken":0,"max_hp_gain":0,"max_hp_loss":0,"event_name":"The Woman in Blue","floor":5,"gold_loss":0},{"damage_healed":0,"gold_gain":175,"player_choice":"AGREE","damage_taken":0,"max_hp_gain":0,"max_hp_loss":0,"event_name":"Liars Game","floor":8,"gold_loss":0,"cards_obtained":["Doubt"]},{"damage_healed":0,"gold_gain":75,"player_choice":"Touch","damage_taken":7,"max_hp_gain":0,"max_hp_loss":0,"event_name":"FaceTrader","floor":13,"gold_loss":0},{"damage_healed":0,"gold_gain":0,"player_choice":"Obtain J.A.X.","damage_taken":0,"max_hp_gain":0,"max_hp_loss":0,"event_name":"Drug Dealer","floor":27,"gold_loss":0,"cards_obtained":["J.A.X."]},{"damage_healed":0,"gold_gain":0,"player_choice":"Traded Relic","damage_taken":0,"relics_obtained":["Nloth\u0027s Gift"],"max_hp_gain":0,"max_hp_loss":0,"event_name":"N\u0027loth","floor":29,"relics_lost":["Tiny House"],"gold_loss":0},{"damage_healed":0,"gold_gain":0,"player_choice":"Ignored","damage_taken":0,"max_hp_gain":0,"max_hp_loss":0,"event_name":"Mysterious Sphere","floor":38,"gold_loss":0}],"is_beta":false,"boss_relics":[{"not_picked":["Astrolabe","Ring of the Serpent"],"picked":"Tiny House"},{"not_picked":["Runic Dome","White Beast Statue"],"picked":"Fusion Hammer"}],"items_purged_floors":[],"is_endless":false,"potions_floor_spawned":[3,7,14,21,24,31],"killed_by":"4 Shapes","ascension_level":1}