{"gold_per_floor":[111,126,0,18,33,33,64,64,137,155,174,174,184,217,217,295,295,314,334,273,296,326,338],"floor_reached":23,"playtime":2428,"items_purged":[],"score":404,"play_id":"2932704b-2d4b-42f9-b334-5f99e9e65eef","local_time":"20190626161246","is_ascension_mode":true,"campfire_choices":[{"data":"Neutralize","floor":6.0,"key":"SMITH"},{"data":"Noxious Fumes","floor":8.0,"key":"SMITH"},{"data":"Bane","floor":12.0,"key":"SMITH"},{"floor":15.0,"key":"REST"}],"neow_cost":"TEN_PERCENT_HP_LOSS","seed_source_timestamp":0,"circlet_count":0,"master_deck":["AscendersBane","Defend_G+1","Defend_G","Defend_G","Defend_G","Defend_G","Strike_G","Strike_G","Strike_G","Strike_G","Strike_G","Survivor","Neutralize+1","Cloak And Dagger","Unload","Noxious Fumes+1","Poisoned Stab","Finisher","Bane+1","Skewer","Cloak And Dagger+1","Dash+1","Glass Knife+1","Flechettes+1","A Thousand Cuts","Deadly Poison","Predator+1","Footwork"],"special_seed":0,"relics":["Ring of the Snake","Pocketwatch","Mango","Molten Egg 2","War Paint","WristBlade","MawBank"],"potions_floor_usage":[21,22,23],"damage_taken":[{"damage":2.0,"enemies":"Jaw Worm","floor":1.0,"turns":4.0},{"damage":0.0,"enemies":"Cultist","floor":2.0,"turns":4.0},{"damage":2.0,"enemies":"Small Slimes","floor":4.0,"turns":3.0},{"damage":7.0,"enemies":"Red Slaver","floor":5.0,"turns":5.0},{"damage":17.0,"enemies":"3 Sentries","floor":7.0,"turns":7.0},{"damage":4.0,"enemies":"Blue Slaver","floor":10.0,"turns":4.0},{"damage":0.0,"enemies":"3 Louse","floor":11.0,"turns":2.0},{"damage":0.0,"enemies":"2 Fungi Beasts","floor":13.0,"turns":3.0},{"damage":21.0,"enemies":"Lagavulin","floor":14.0,"turns":5.0},{"damage":9.0,"enemies":"The Guardian","floor":16.0,"turns":10.0},{"damage":0.0,"enemies":"Chosen","floor":18.0,"turns":5.0},{"damage":25.0,"enemies":"Shell Parasite","floor":19.0,"turns":4.0},{"damage":8,"enemies":"Snake Plant","floor":21,"turns":4},{"damage":26,"enemies":"Centurion and Healer","floor":22,"turns":5},{"damage":7,"enemies":"Book of Stabbing","floor":23,"turns":2}],"seed_played":"4916994413816294703","potions_obtained":[{"floor":2.0,"key":"GhostInAJar"},{"floor":11.0,"key":"Regen Potion"},{"floor":14.0,"key":"Fire Potion"},{"floor":22,"key":"PowerPotion"}],"is_trial":false,"path_per_floor":["M","M","$","M","M","R","E","R","T","M","M","R","M","E","R","B",null,"M","M","?","M","M","E"],"character_chosen":"THE_SILENT","items_purchased":["Noxious Fumes","Poisoned Stab"],"campfire_rested":1,"item_purchase_floors":[3,3],"current_hp_per_floor":[57,57,57,55,48,48,45,45,45,41,41,41,41,29,51,42,66,66,41,41,33,7,0],"gold":338,"neow_bonus":"ONE_RARE_RELIC","is_prod":false,"is_daily":false,"chose_seed":false,"campfire_upgraded":3,"win_rate":0,"timestamp":1561579966,"path_taken":["M","M","$","M","M","R","E","R","T","M","M","R","M","E","R","BOSS","M","M","?","M","M","E"],"build_version":"2019-01-23","purchased_purges":0,"victory":false,"max_hp_per_floor":[60,60,60,60,60,60,74,74,74,74,74,74,74,74,74,74,74,74,74,74,74,74,74],"card_choices":[{"not_picked":["Bane","Quick Slash"],"picked":"Cloak And Dagger","floor":1.0},{"not_picked":["Dodge and Roll","Prepared"],"picked":"Unload","floor":2.0},{"not_picked":["Distraction","Backflip"],"picked":"Finisher","floor":4.0},{"not_picked":["Poisoned Stab","Underhanded Strike"],"picked":"Bane","floor":5.0},{"not_picked":["Underhanded Strike","Blade Dance"],"picked":"Skewer","floor":7.0},{"not_picked":["Endless Agony+1","Underhanded Strike+1"],"picked":"Cloak And Dagger","floor":10.0},{"not_picked":["Endless Agony+1","Acrobatics"],"picked":"Dash+1","floor":11.0},{"not_picked":["Underhanded Strike+1","Footwork"],"picked":"Glass Knife+1","floor":13.0},{"not_picked":["Flying Knee+1","Blur"],"picked":"Flechettes+1","floor":14.0},{"not_picked":["Venomology","Doppelganger"],"picked":"A Thousand Cuts","floor":16.0},{"not_picked":["Escape Plan","Deflect"],"picked":"Deadly Poison","floor":18.0},{"not_picked":["Skewer+1","Outmaneuver+1"],"picked":"Predator+1","floor":19.0},{"not_picked":["Outmaneuver+1","Deflect","Accuracy"],"picked":"SKIP","floor":21},{"not_picked":["Noxious Fumes","Underhanded Strike+1"],"picked":"Footwork","floor":22}],"player_experience":2638916,"relics_obtained":[{"floor":7.0,"key":"Mango"},{"floor":9.0,"key":"Molten Egg 2"},{"floor":14.0,"key":"War Paint"}],"event_choices":[{"damage_healed":0.0,"max_hp_gain":0.0,"max_hp_loss":0.0,"gold_gain":0.0,"event_name":"WeMeetAgain","player_choice":"Paid Gold","floor":20.0,"gold_loss":61.0,"damage_taken":0.0,"relics_obtained":["MawBank"]}],"is_beta":false,"boss_relics":[{"not_picked":["Runic Dome","Orrery"],"picked":"WristBlade"}],"items_purged_floors":[],"is_endless":false,"potions_floor_spawned":[2,11,13,14,16,18,22],"killed_by":"Book of Stabbing","ascension_level":19}