{"gold_per_floor":[114,114,133,133,83,121,121,121,121,34,72,72,91,110,110,235,235,254,254,83,102,121,159,178,178,178,178,212,231,250,288,288,413,413,432,37,37,56,278,316,335,373,448,448,467,90,109,109,109,109],"floor_reached":51,"playtime":5845,"items_purged":[],"score":905,"play_id":"f1e358d6-2fe0-42b8-bc5b-dcd69443a3d1","local_time":"20191008214514","daily_mods":["Shiny","ControlledChaos","Binary"],"is_ascension_mode":false,"campfire_choices":[{"data":"Wraith Form v2","floor":7.0,"key":"SMITH"},{"data":"Night Terror","floor":12.0,"key":"SMITH"},{"data":"Well Laid Plans","floor":15.0,"key":"SMITH"},{"data":"Bullet Time","floor":25.0,"key":"SMITH"},{"data":"Bullet Time","floor":27.0,"key":"SMITH"},{"data":"After Image","floor":32.0,"key":"SMITH"},{"floor":44,"key":"REST"},{"floor":49,"key":"REST"}],"neow_cost":"","seed_source_timestamp":0,"circlet_count":0,"master_deck":["Venomology+1","Corpse Explosion","Malaise","Phantasmal Killer","Die Die Die+1","Adrenaline","Envenom","Doppelganger","Burst","Wraith Form v2+1","Tools of the Trade","Night Terror+1","Unload","After Image+1","Bullet Time+1","Storm of Steel","Glass Knife","A Thousand Cuts","Poisoned Stab","After Image","Footwork","Prepared","Caltrops","Sucker Punch","Well Laid Plans+1","Backflip","Bullet Time+1","Secret Technique","Prepared+1","Wraith Form v2","Panache","Cloak And Dagger+1","Enlightenment","Finesse"],"special_seed":18177,"relics":["Ring of the Snake","Frozen Eye","Golden Idol","Oddly Smooth Stone","Ancient Tea Set","Meat on the Bone","Mummified Hand","Black Star","StoneCalendar","Turnip","The Courier","Red Mask","Regal Pillow","The Specimen","Fusion Hammer","Incense Burner","CultistMask","Blue Candle","Pen Nib","Happy Flower","Pantograph","Bottled Tornado","Bag of Preparation","Bronze Scales"],"potions_floor_usage":[42,42,50,50,50],"damage_taken":[{"damage":1.0,"enemies":"Small Slimes","floor":1.0,"turns":3.0},{"damage":0.0,"enemies":"2 Louse","floor":3.0,"turns":1.0},{"damage":0.0,"enemies":"3 Sentries","floor":6.0,"turns":1.0},{"damage":13.0,"enemies":"Lagavulin","floor":11.0,"turns":6.0},{"damage":0.0,"enemies":"Jaw Worm","floor":13.0,"turns":2.0},{"damage":0.0,"enemies":"Large Slime","floor":14.0,"turns":2.0},{"damage":5.0,"enemies":"The Guardian","floor":16.0,"turns":5.0},{"damage":0.0,"enemies":"Chosen","floor":18.0,"turns":4.0},{"damage":0.0,"enemies":"Spheric Guardian","floor":21.0,"turns":2.0},{"damage":0.0,"enemies":"Chosen and Byrds","floor":22.0,"turns":6.0},{"damage":0.0,"enemies":"Slavers","floor":23.0,"turns":1.0},{"damage":0.0,"enemies":"Centurion and Healer","floor":24.0,"turns":3.0},{"damage":9.0,"enemies":"Masked Bandits","floor":28.0,"turns":3.0},{"damage":5.0,"enemies":"Snake Plant","floor":29.0,"turns":3.0},{"damage":0.0,"enemies":"Sentry and Sphere","floor":30.0,"turns":4.0},{"damage":0.0,"enemies":"Gremlin Leader","floor":31.0,"turns":5.0},{"damage":4.0,"enemies":"Champ","floor":33.0,"turns":11.0},{"damage":3.0,"enemies":"Orb Walker","floor":35.0,"turns":3.0},{"damage":0.0,"enemies":"3 Darklings","floor":38.0,"turns":2.0},{"damage":0,"enemies":"Nemesis","floor":40,"turns":6},{"damage":0,"enemies":"Jaw Worm Horde","floor":41,"turns":2},{"damage":4,"enemies":"Giant Head","floor":42,"turns":7},{"damage":0,"enemies":"Maw","floor":45,"turns":7},{"damage":0,"enemies":"Spire Growth","floor":47,"turns":4},{"damage":0,"enemies":"Donu and Deca","floor":50,"turns":5}],"seed_played":"1723373554375379297","potions_obtained":[{"floor":3.0,"key":"Weak Potion"},{"floor":6.0,"key":"AttackPotion"},{"floor":16.0,"key":"Energy Potion"},{"floor":21.0,"key":"GhostInAJar"},{"floor":24.0,"key":"Weak Potion"},{"floor":31.0,"key":"GamblersBrew"},{"floor":40,"key":"PowerPotion"},{"floor":41,"key":"Swift Potion"},{"floor":45,"key":"AttackPotion"}],"is_trial":false,"path_per_floor":["M","?","M","?","?","E","R","?","T","$","E","R","M","M","R","B",null,"M","?","$","M","M","E","M","R","T","R","?","M","M","E","R","B",null,"M","$","?","M","?","E","M","E","T","R","M","$","M","?","R","B",null],"character_chosen":"THE_SILENT","items_purchased":["Footwork","Prepared","Secret Technique","Panache","Incense Burner","Bag of Preparation","Enlightenment","Finesse","Bronze Scales"],"campfire_rested":2,"item_purchase_floors":[10,10,20,36,36,46,46,46,46],"current_hp_per_floor":[69,65,65,52,52,52,52,49,49,49,36,36,36,36,36,43,65,65,65,65,65,65,65,65,65,65,65,56,51,51,51,51,47,65,62,62,62,62,62,62,62,58,58,65,65,65,65,65,65,65],"gold":109,"neow_bonus":"","is_prod":false,"is_daily":true,"chose_seed":false,"campfire_upgraded":6,"win_rate":0,"timestamp":1570542314,"path_taken":["M","?","M","?","?","E","R","?","T","$","E","R","?","M","R","BOSS","M","?","?","M","M","E","M","R","T","R","?","M","M","E","R","BOSS","M","$","?","?","?","E","M","E","T","R","M","$","M","?","R","BOSS"],"build_version":"2019-07-17","purchased_purges":0,"victory":true,"max_hp_per_floor":[70,65,65,65,65,65,65,65,65,65,65,65,65,65,65,65,65,65,65,65,65,65,65,65,65,65,65,65,65,65,65,65,65,65,65,65,65,65,65,65,65,65,65,65,65,65,65,65,65,65],"card_choices":[{"not_picked":["Deflect"],"picked":"Poisoned Stab","floor":1.0},{"not_picked":["Heel Hook","Deflect"],"picked":"SKIP","floor":3.0},{"not_picked":["Underhanded Strike"],"picked":"After Image","floor":6.0},{"not_picked":["Crippling Poison"],"picked":"Caltrops","floor":11.0},{"not_picked":["Deadly Poison"],"picked":"Sucker Punch","floor":13.0},{"not_picked":["Bouncing Flask"],"picked":"Well Laid Plans","floor":14.0},{"not_picked":["PiercingWail"],"picked":"Backflip","floor":18.0},{"not_picked":["Dagger Throw","Predator"],"picked":"SKIP","floor":21.0},{"not_picked":["Deflect","Acrobatics"],"picked":"SKIP","floor":22.0},{"not_picked":["Storm of Steel","Prepared"],"picked":"SKIP","floor":23.0},{"not_picked":["Outmaneuver","Deflect"],"picked":"SKIP","floor":24.0},{"not_picked":["Masterful Stab"],"picked":"Prepared+1","floor":29.0},{"not_picked":["Leg Sweep","Deadly Poison"],"picked":"SKIP","floor":30.0},{"not_picked":["Finisher","PiercingWail"],"picked":"SKIP","floor":31.0},{"not_picked":["Malaise"],"picked":"Wraith Form v2","floor":33.0},{"not_picked":["Bane+1","Blade Dance"],"picked":"SKIP","floor":35.0},{"not_picked":["PiercingWail+1"],"picked":"Cloak And Dagger+1","floor":38.0},{"not_picked":["Deadly Poison","Leg Sweep"],"picked":"SKIP","floor":40},{"not_picked":["Calculated Gamble+1","Bane+1"],"picked":"SKIP","floor":41},{"not_picked":["Poisoned Stab+1","Backstab+1"],"picked":"SKIP","floor":42},{"not_picked":["Flying Knee","Crippling Poison"],"picked":"SKIP","floor":45},{"not_picked":["Flying Knee","Blur+1"],"picked":"SKIP","floor":47}],"player_experience":128140,"relics_obtained":[{"floor":6.0,"key":"Oddly Smooth Stone"},{"floor":9.0,"key":"Meat on the Bone"},{"floor":11.0,"key":"Mummified Hand"},{"floor":23.0,"key":"StoneCalendar"},{"floor":23.0,"key":"Turnip"},{"floor":26.0,"key":"The Courier"},{"floor":28.0,"key":"Red Mask"},{"floor":31.0,"key":"Regal Pillow"},{"floor":31.0,"key":"The Specimen"},{"floor":40,"key":"Blue Candle"},{"floor":40,"key":"Pen Nib"},{"floor":42,"key":"Happy Flower"},{"floor":42,"key":"Pantograph"},{"floor":43,"key":"Bottled Tornado"}],"event_choices":[{"damage_healed":0.0,"max_hp_gain":0.0,"max_hp_loss":5.0,"gold_gain":0.0,"event_name":"Golden Idol","player_choice":"Lose Max HP","floor":2.0,"gold_loss":0.0,"damage_taken":0.0,"relics_obtained":["Golden Idol"]},{"damage_healed":0.0,"max_hp_gain":0.0,"max_hp_loss":0.0,"gold_gain":0.0,"event_name":"Shining Light","player_choice":"Entered Light","floor":4.0,"gold_loss":0.0,"damage_taken":13.0,"cards_upgraded":["Venomology","Die Die Die"]},{"cards_removed":["Grand Finale"],"damage_healed":0.0,"max_hp_gain":0.0,"max_hp_loss":0.0,"gold_gain":0.0,"event_name":"The Cleric","player_choice":"Card Removal","floor":5.0,"gold_loss":50.0,"damage_taken":0.0},{"damage_healed":0.0,"max_hp_gain":0.0,"max_hp_loss":0.0,"gold_gain":0.0,"event_name":"Scrap Ooze","player_choice":"Success","floor":8.0,"gold_loss":0.0,"damage_taken":3.0,"relics_obtained":["Ancient Tea Set"]},{"damage_healed":0.0,"max_hp_gain":0.0,"max_hp_loss":0.0,"gold_gain":0.0,"event_name":"Duplicator","player_choice":"Copied","floor":19.0,"gold_loss":0.0,"damage_taken":0.0,"cards_obtained":["Bullet Time"]},{"damage_healed":0.0,"max_hp_gain":0.0,"max_hp_loss":0.0,"gold_gain":0.0,"event_name":"Masked Bandits","player_choice":"Fought Bandits","floor":28.0,"gold_loss":0.0,"damage_taken":0.0},{"damage_healed":0.0,"max_hp_gain":0.0,"max_hp_loss":0.0,"gold_gain":0.0,"event_name":"FaceTrader","player_choice":"Trade","floor":37.0,"gold_loss":0.0,"damage_taken":0.0,"relics_obtained":["CultistMask"]},{"damage_healed":0,"gold_gain":222,"player_choice":"Wore Mask","damage_taken":0,"max_hp_gain":0,"max_hp_loss":0,"event_name":"Tomb of Lord Red Mask","floor":39,"gold_loss":0},{"damage_healed":0,"gold_gain":0,"player_choice":"Got Potions","damage_taken":0,"max_hp_gain":0,"max_hp_loss":0,"event_name":"Lab","floor":48,"gold_loss":0}],"is_beta":false,"boss_relics":[{"not_picked":["Eternal Feather","Philosopher\u0027s Stone"],"picked":"Black Star"},{"not_picked":["Runic Dome","Sozu"],"picked":"Fusion Hammer"}],"items_purged_floors":[],"is_endless":false,"potions_floor_spawned":[3,6,16,21,24,31,40,41,45,47],"ascension_level":0}