{"gold_per_floor":[19,19,19,0,0,0,57,57,57,71,71,82,99,110,110,209,209,221,65,84,99,24,24,51,51],"floor_reached":25,"playtime":2100,"items_purged":["Strike_G"],"score":357,"play_id":"9c6e264a-f46c-4597-a000-55671e8721fe","local_time":"20181007123741","is_ascension_mode":true,"campfire_choices":[{"data":"Neutralize","floor":6,"key":"SMITH"},{"floor":8,"key":"REST"},{"floor":15,"key":"REST"},{"floor":23,"key":"REST"}],"neow_cost":"NO_GOLD","seed_source_timestamp":401029535258703,"circlet_count":0,"master_deck":["Defend_G","Defend_G","Defend_G","Defend_G","Defend_G","Strike_G","Strike_G","Strike_G","Survivor","Neutralize+1","AscendersBane","Dagger Spray","Quick Slash","Footwork","Dash","Poisoned Stab","Blur","Cloak And Dagger","Burst","Outmaneuver","Outmaneuver","Malaise","PiercingWail","Quick Slash","Footwork","Terror","Blade Dance","Doppelganger"],"relics":["Ring of the Snake","Tiny Chest","Pen Nib","Pear","Orrery","Happy Flower","Bird Faced Urn"],"potions_floor_usage":[16,16,16,24,24,24],"damage_taken":[{"damage":11,"enemies":"Jaw Worm","floor":1,"turns":5},{"damage":43,"enemies":"Gremlin Nob","floor":7,"turns":6},{"damage":0,"enemies":"Cultist","floor":10,"turns":4},{"damage":0,"enemies":"Small Slimes","floor":12,"turns":5},{"damage":2,"enemies":"2 Fungi Beasts","floor":13,"turns":3},{"damage":0,"enemies":"Blue Slaver","floor":14,"turns":4},{"damage":21,"enemies":"Slime Boss","floor":16,"turns":12},{"damage":14,"enemies":"Shell Parasite","floor":18,"turns":13},{"damage":5,"enemies":"Chosen","floor":20,"turns":9},{"damage":16,"enemies":"Centurion and Healer","floor":21,"turns":13},{"damage":48,"enemies":"Gremlin Leader","floor":24,"turns":8},{"damage":50,"enemies":"3 Cultists","floor":25,"turns":5}],"seed_played":"3610742652944367102","potions_obtained":[{"floor":1,"key":"Swift Potion"},{"floor":7,"key":"FearPotion"},{"floor":12,"key":"SkillPotion"},{"floor":16,"key":"Strength Potion"},{"floor":18,"key":"SpeedPotion"},{"floor":21,"key":"Poison Potion"}],"is_trial":false,"path_per_floor":["M","$","?","?","?","R","E","R","T","M","T","M","M","M","R","B",null,"M","$","M","M","$","R","E"],"character_chosen":"THE_SILENT","items_purchased":["Happy Flower"],"campfire_rested":3,"item_purchase_floors":[19],"current_hp_per_floor":[66,66,66,66,66,66,23,48,48,48,58,58,56,56,84,63,86,72,72,67,51,51,79,31,0],"gold":51,"neow_bonus":"TWENTY_PERCENT_HP_BONUS","is_prod":false,"is_daily":false,"chose_seed":false,"campfire_upgraded":1,"win_rate":0,"timestamp":1538930261,"path_taken":["M","$","?","?","?","R","E","R","T","M","?","M","M","?","R","BOSS","M","$","M","?","$","R","E","?"],"build_version":"2018-10-04v2","purchased_purges":1,"victory":false,"max_hp_per_floor":[84,84,84,84,84,84,84,84,84,84,94,94,94,94,94,94,94,94,94,94,94,94,94,94,94],"card_choices":[{"not_picked":["Escape Plan","Deflect"],"picked":"Dagger Spray","floor":1},{"not_picked":["Slice","Flying Knee"],"picked":"Footwork","floor":7},{"not_picked":["Setup","Distraction"],"picked":"Dash","floor":10},{"not_picked":["Backstab","Prepared"],"picked":"Poisoned Stab","floor":12},{"not_picked":["Concentrate","Flying Knee"],"picked":"Blur","floor":13},{"not_picked":["Unload","Quick Slash"],"picked":"Cloak And Dagger","floor":14},{"not_picked":["Storm of Steel","Wraith Form v2"],"picked":"Burst","floor":16},{"not_picked":["Deflect","Dodge and Roll"],"picked":"Outmaneuver","floor":17},{"not_picked":["Cloak And Dagger","Distraction"],"picked":"Outmaneuver","floor":17},{"not_picked":["Bane","Deflect"],"picked":"Malaise","floor":17},{"not_picked":["Catalyst","Underhanded Strike"],"picked":"PiercingWail","floor":17},{"not_picked":["Distraction","Dagger Throw"],"picked":"Quick Slash","floor":17},{"not_picked":["Underhanded Strike+1","Slice"],"picked":"Footwork","floor":18},{"not_picked":["Tactician","Dash"],"picked":"Terror","floor":20},{"not_picked":["Slice","Deflect"],"picked":"Blade Dance","floor":21},{"not_picked":["Quick Slash","Cloak And Dagger"],"picked":"Doppelganger","floor":24}],"player_experience":1807873,"relics_obtained":[{"floor":7,"key":"Tiny Chest"},{"floor":9,"key":"Pen Nib"},{"floor":11,"key":"Pear"},{"floor":24,"key":"Bird Faced Urn"}],"event_choices":[{"event_name":"Transmorgrifier","player_choice":"Transform","floor":3,"damage_taken":0},{"event_name":"World of Goop","player_choice":"Left","floor":4,"damage_taken":0},{"event_name":"The Cleric","player_choice":"Leave","floor":5,"damage_taken":0}],"is_beta":false,"boss_relics":[{"not_picked":["Ring of the Serpent","Eternal Feather"],"picked":"Orrery"}],"items_purged_floors":[22],"is_endless":false,"potions_floor_spawned":[1,7,12,16,18,21],"killed_by":"3 Cultists","ascension_level":10}