{"gold_per_floor":[116,126,45,45,55,55,83,96,96,96,116,129,129,140,140,245,245,245,245,245,41,41,41,41],"floor_reached":24,"playtime":1765,"items_purged":[],"score":300,"play_id":"af631087-26aa-40d0-8edc-ce737fa15eab","local_time":"20180926223242","is_ascension_mode":true,"campfire_choices":[{"data":"Bludgeon","floor":6,"key":"SMITH"},{"floor":10,"key":"REST"},{"data":"Strike_R","floor":13,"key":"PURGE"},{"data":"Strike_R","floor":15,"key":"PURGE"},{"floor":23,"key":"REST"}],"neow_cost":"TEN_PERCENT_HP_LOSS","seed_source_timestamp":287930290848361,"circlet_count":0,"master_deck":["Strike_R","Defend_R","Defend_R","Defend_R","Defend_R","Bash","AscendersBane","Power Through","Carnage","Bludgeon+1","True Grit","Enlightenment","Rage","Headbutt","Uppercut","Demon Form","Whirlwind+1","Clash","J.A.X.","Secret Technique","Dual Wield"],"relics":["Burning Blood","Peace Pipe","Kunai","Ectoplasm"],"potions_floor_usage":[16,16,22,24,24],"damage_taken":[{"damage":0,"enemies":"Small Slimes","floor":1,"turns":3},{"damage":1,"enemies":"Cultist","floor":2,"turns":5},{"damage":7,"enemies":"Jaw Worm","floor":5,"turns":2},{"damage":29,"enemies":"Lagavulin","floor":7,"turns":5},{"damage":20,"enemies":"Exordium Thugs","floor":8,"turns":4},{"damage":10,"enemies":"Large Slime","floor":11,"turns":5},{"damage":0,"enemies":"2 Fungi Beasts","floor":12,"turns":2},{"damage":1,"enemies":"Exordium Wildlife","floor":14,"turns":3},{"damage":21,"enemies":"Hexaghost","floor":16,"turns":8},{"damage":25,"enemies":"Chosen","floor":18,"turns":5},{"damage":10,"enemies":"3 Byrds","floor":19,"turns":4},{"damage":6,"enemies":"3 Cultists","floor":22,"turns":5},{"damage":84,"enemies":"Book of Stabbing","floor":24,"turns":7}],"seed_played":"8521709863804407044","potions_obtained":[{"floor":1,"key":"Regen Potion"},{"floor":11,"key":"AttackPotion"},{"floor":12,"key":"Energy Potion"},{"floor":16,"key":"SneckoOil"},{"floor":19,"key":"Fire Potion"}],"is_trial":false,"path_per_floor":["M","M","$","?","M","R","E","M","T","R","M","M","R","M","R","B",null,"M","M","?","$","M","R"],"character_chosen":"IRONCLAD","items_purchased":["Bludgeon","Secret Technique"],"campfire_rested":2,"item_purchase_floors":[3,21],"current_hp_per_floor":[72,72,72,72,71,71,48,34,34,55,51,57,57,62,62,47,66,47,43,43,43,43,64,0],"gold":41,"neow_bonus":"REMOVE_TWO","is_prod":false,"is_daily":false,"chose_seed":false,"campfire_upgraded":1,"win_rate":0,"timestamp":1538015562,"path_taken":["M","M","$","?","M","R","E","M","T","R","M","M","R","M","R","BOSS","M","M","?","$","M","R","E"],"build_version":"2018-08-23v2","purchased_purges":0,"victory":false,"max_hp_per_floor":[72,72,72,72,72,72,72,72,72,72,72,72,72,72,72,72,72,72,72,72,72,72,72,72],"card_choices":[{"not_picked":["Fire Breathing","Havoc"],"picked":"Power Through","floor":1},{"not_picked":["Flex","Wild Strike"],"picked":"Carnage","floor":2},{"not_picked":["Fire Breathing","Perfected Strike"],"picked":"Rage","floor":5},{"not_picked":["Entrench","Wild Strike"],"picked":"Headbutt","floor":7},{"not_picked":["Perfected Strike","Twin Strike"],"picked":"Uppercut","floor":8},{"not_picked":["Limit Break","Heavy Blade","Sentinel"],"picked":"SKIP","floor":11},{"not_picked":["Burning Pact","Dropkick","Pommel Strike"],"picked":"SKIP","floor":12},{"not_picked":["Twin Strike","Sever Soul","Fire Breathing"],"picked":"SKIP","floor":14},{"not_picked":["Fiend Fire","Berserk"],"picked":"Demon Form","floor":16},{"not_picked":["Second Wind","Dropkick"],"picked":"Whirlwind+1","floor":18},{"not_picked":["Entrench","Ghostly Armor"],"picked":"Clash","floor":19},{"not_picked":["True Grit","Clothesline"],"picked":"Dual Wield","floor":22}],"player_experience":1774189,"relics_obtained":[{"floor":7,"key":"Peace Pipe"},{"floor":9,"key":"Kunai"}],"event_choices":[{"event_name":"Match and Keep!","player_choice":"2 cards matched","floor":4,"damage_taken":0},{"event_name":"Drug Dealer","player_choice":"Got JAX","floor":20,"damage_taken":0}],"is_beta":false,"boss_relics":[{"not_picked":["Black Star","Philosopher\u0027s Stone"],"picked":"Ectoplasm"}],"items_purged_floors":[],"is_endless":false,"potions_floor_spawned":[1,11,12,16,19],"killed_by":"Book of Stabbing","ascension_level":10}