{"gold_per_floor":[114,126,126,91,107,136,136,19,19,30,42,42,42,59,59,161,161,175,194,6,6,16,16,42,57,57,57,72,87,87,187,187,187],"floor_reached":33,"playtime":3215,"items_purged":[],"score":296,"play_id":"67b49702-7515-482a-b3b5-e90ceb7902d4","local_time":"20191024231957","is_ascension_mode":true,"campfire_choices":[{"data":"Crippling Poison","floor":7.0,"key":"SMITH"},{"floor":12.0,"key":"REST"},{"floor":15.0,"key":"REST"},{"floor":23.0,"key":"REST"},{"floor":27,"key":"REST"},{"floor":30,"key":"REST"},{"floor":32,"key":"REST"}],"neow_cost":"NONE","seed_source_timestamp":0,"circlet_count":0,"master_deck":["Strike_G+1","Strike_G+1","Strike_G+1","Strike_G+1","Strike_G+1","Defend_G+1","Defend_G+1","Defend_G+1","Defend_G+1","Defend_G+1","Survivor","Neutralize","Bane","Crippling Poison+1","Cloak And Dagger","Dagger Spray","Noxious Fumes+1","Backflip","Regret","Infinite Blades","Catalyst","Outmaneuver","Envenom","Blade Dance","Infinite Blades","Corpse Explosion","Cloak And Dagger","Infinite Blades","Backflip","Bane","Doubt","All Out Attack+1","Prepared"],"special_seed":0,"relics":["Cursed Key","Dodecahedron","Happy Flower","White Beast Statue","Darkstone Periapt","The Courier"],"potions_floor_usage":[28,29,33,33,33],"damage_taken":[{"damage":0.0,"enemies":"2 Louse","floor":1.0,"turns":3.0},{"damage":0.0,"enemies":"Small Slimes","floor":2.0,"turns":4.0},{"damage":0.0,"enemies":"Cultist","floor":5.0,"turns":4.0},{"damage":15.0,"enemies":"Lagavulin","floor":6.0,"turns":8.0},{"damage":23.0,"enemies":"Exordium Thugs","floor":10.0,"turns":4.0},{"damage":14.0,"enemies":"Large Slime","floor":11.0,"turns":5.0},{"damage":0.0,"enemies":"Gremlin Gang","floor":14.0,"turns":2.0},{"damage":29.0,"enemies":"Hexaghost","floor":16.0,"turns":9.0},{"damage":11.0,"enemies":"3 Byrds","floor":18.0,"turns":4.0},{"damage":12.0,"enemies":"Chosen","floor":19.0,"turns":5.0},{"damage":16.0,"enemies":"3 Cultists","floor":22.0,"turns":3.0},{"damage":17.0,"enemies":"Slavers","floor":24.0,"turns":3.0},{"damage":15,"enemies":"Snecko","floor":25,"turns":5},{"damage":20,"enemies":"Snake Plant","floor":28,"turns":4},{"damage":5,"enemies":"Cultist and Chosen","floor":29,"turns":4},{"damage":74,"enemies":"Champ","floor":33,"turns":7}],"seed_played":"-7238653339073400206","potions_obtained":[{"floor":1.0,"key":"Energy Potion"},{"floor":11.0,"key":"SpeedPotion"},{"floor":14.0,"key":"FearPotion"},{"floor":18.0,"key":"Energy Potion"},{"floor":19.0,"key":"LiquidBronze"},{"floor":22.0,"key":"Swift Potion"},{"floor":24,"key":"AttackPotion"},{"floor":25,"key":"Weak Potion"},{"floor":28,"key":"PowerPotion"},{"floor":29,"key":"SpeedPotion"}],"is_trial":false,"path_per_floor":["M","M","?","?","M","E","R","$","T","M","M","R","?","M","R","B",null,"M","M","$","?","M","R","E","M","T","R","M","M","R","?","R","B"],"character_chosen":"THE_SILENT","items_purchased":["Noxious Fumes","Backflip","Corpse Explosion","Cloak And Dagger"],"campfire_rested":6,"item_purchase_floors":[8,8,20,20],"current_hp_per_floor":[70,70,56,70,70,55,55,55,55,32,18,39,39,39,60,31,70,59,47,47,47,31,52,35,20,26,48,28,23,45,45,67,0],"gold":187,"neow_bonus":"BOSS_RELIC","is_prod":false,"is_daily":false,"chose_seed":false,"campfire_upgraded":1,"win_rate":0,"timestamp":1571951997,"path_taken":["M","M","?","?","M","E","R","$","T","M","M","R","?","M","R","BOSS","M","M","?","?","M","R","E","M","T","R","M","M","R","?","R","BOSS"],"build_version":"2019-07-17","purchased_purges":0,"victory":false,"max_hp_per_floor":[70,70,70,70,70,70,70,70,70,70,70,70,70,70,70,70,70,70,70,70,70,70,70,70,70,76,76,76,76,76,76,76,76],"card_choices":[{"not_picked":["Catalyst","Expertise"],"picked":"Bane","floor":1.0},{"not_picked":["Prepared","Calculated Gamble"],"picked":"Crippling Poison","floor":2.0},{"not_picked":["Blade Dance","Reflex"],"picked":"Cloak And Dagger","floor":5.0},{"not_picked":["Blade Dance","Poisoned Stab"],"picked":"Dagger Spray","floor":6.0},{"not_picked":["Predator","PiercingWail"],"picked":"Infinite Blades","floor":10.0},{"not_picked":["Expertise","Masterful Stab"],"picked":"Catalyst","floor":11.0},{"not_picked":["Tools of the Trade","Footwork"],"picked":"Outmaneuver","floor":14.0},{"not_picked":["Bullet Time","Tools of the Trade"],"picked":"Envenom","floor":16.0},{"not_picked":["Concentrate","PiercingWail"],"picked":"Blade Dance","floor":18.0},{"not_picked":["Slice","Sucker Punch+1"],"picked":"Infinite Blades","floor":19.0},{"not_picked":["PiercingWail","Setup"],"picked":"Infinite Blades","floor":22.0},{"not_picked":["Sucker Punch","Dodge and Roll"],"picked":"Backflip","floor":24},{"not_picked":["Dagger Throw","Prepared"],"picked":"Bane","floor":25},{"not_picked":["Blade Dance","Leg Sweep"],"picked":"All Out Attack+1","floor":28},{"not_picked":["Setup","Slice"],"picked":"Prepared","floor":29}],"player_experience":113056,"relics_obtained":[{"floor":6.0,"key":"Dodecahedron"},{"floor":9.0,"key":"Happy Flower"},{"floor":24,"key":"Darkstone Periapt"},{"floor":26,"key":"The Courier"}],"event_choices":[{"damage_healed":0.0,"max_hp_gain":0.0,"max_hp_loss":0.0,"gold_gain":0.0,"event_name":"Shining Light","player_choice":"Entered Light","floor":3.0,"gold_loss":0.0,"damage_taken":14.0,"cards_upgraded":["Defend_G","Strike_G"]},{"damage_healed":17.0,"max_hp_gain":0.0,"max_hp_loss":0.0,"gold_gain":0.0,"event_name":"The Cleric","player_choice":"Healed","floor":4.0,"gold_loss":35.0,"damage_taken":0.0},{"damage_healed":0.0,"max_hp_gain":0.0,"max_hp_loss":0.0,"gold_gain":0.0,"event_name":"Upgrade Shrine","player_choice":"Upgraded","floor":13.0,"gold_loss":0.0,"damage_taken":0.0,"cards_upgraded":["Noxious Fumes"]},{"damage_healed":0.0,"max_hp_gain":0.0,"max_hp_loss":0.0,"gold_gain":0.0,"event_name":"Back to Basics","player_choice":"Simplicity","floor":21.0,"gold_loss":0.0,"damage_taken":0.0,"cards_upgraded":["Strike_G","Strike_G","Strike_G","Strike_G","Defend_G","Defend_G","Defend_G","Defend_G"]},{"damage_healed":0,"gold_gain":100,"player_choice":"Pray","damage_taken":0,"max_hp_gain":0,"max_hp_loss":0,"event_name":"Golden Shrine","floor":31,"gold_loss":0}],"is_beta":false,"boss_relics":[{"not_picked":["Ectoplasm","Busted Crown"],"picked":"White Beast Statue"}],"items_purged_floors":[],"is_endless":false,"potions_floor_spawned":[1,11,14,18,19,22,24,25,28,29],"killed_by":"Champ","ascension_level":2}