{"gold_per_floor":[109,122,122,122,122,122,157,157,212,387,387,15,48,82,82,203,203,224,247,247,247,42,72,72,72,72,72,107,124,124,32,32,136,136,150,161,42,0,17,17,42,42,114,114,149,149,149,183,183,183],"floor_reached":51,"playtime":4867,"items_purged":["Doubt"],"score":973,"play_id":"1da60dd0-7794-43d5-93b2-afff7c265e50","local_time":"20180901123201","is_ascension_mode":true,"campfire_choices":[{"floor":6.0,"key":"REST"},{"floor":8.0,"key":"REST"},{"floor":11.0,"key":"REST"},{"data":"Bloodletting","floor":15.0,"key":"SMITH"},{"data":"Anger","floor":24.0,"key":"SMITH"},{"floor":27.0,"key":"REST"},{"floor":32.0,"key":"REST"},{"floor":40.0,"key":"REST"},{"data":"Berserk","floor":42.0,"key":"SMITH"},{"data":"Immolate","floor":47.0,"key":"SMITH"},{"floor":49.0,"key":"REST"}],"neow_cost":"NONE","seed_source_timestamp":0,"circlet_count":0,"master_deck":["Strike_R","Strike_R","Strike_R","Defend_R","Defend_R","Defend_R","Bash+1","Clothesline","Thunderclap","Anger+1","Bloodletting+1","Whirlwind","Brutality","Shockwave+1","Shrug It Off+1","Carnage+1","Armaments+1","True Grit+1","Fire Breathing","Berserk+1","Sentinel+1","Shrug It Off+1","Rage+1","Ghostly Armor+1","Flex+1","Reaper","Entrench+1","Immolate+1","Pommel Strike+1"],"special_seed":0,"relics":["Burning Blood","Gremlin Horn","Bloody Idol","Vajra","Orichalcum","Champion Belt","Regal Pillow","Odd Mushroom","Black Star","OrangePellets","Toxic Egg 2","Paper Frog","Juzu Bracelet","Dodecahedron","Meat on the Bone","Mark of Pain","Red Mask","Oddly Smooth Stone","Bag of Preparation","The Courier","Singing Bowl","Self Forming Clay","Du-Vu Doll","Thread and Needle"],"potions_floor_usage":[50],"damage_taken":[{"damage":9.0,"enemies":"Jaw Worm","floor":1.0,"turns":4.0},{"damage":6.0,"enemies":"2 Louse","floor":2.0,"turns":4.0},{"damage":37.0,"enemies":"3 Sentries","floor":7.0,"turns":6.0},{"damage":14.0,"enemies":"Lagavulin","floor":13.0,"turns":5.0},{"damage":12.0,"enemies":"The Mushroom Lair","floor":14.0,"turns":3.0},{"damage":47.0,"enemies":"Hexaghost","floor":16.0,"turns":10.0},{"damage":5.0,"enemies":"3 Byrds","floor":18.0,"turns":3.0},{"damage":14.0,"enemies":"2 Thieves","floor":19.0,"turns":4.0},{"damage":23.0,"enemies":"Gremlin Leader","floor":23.0,"turns":5.0},{"damage":29.0,"enemies":"Slavers","floor":28.0,"turns":4.0},{"damage":22.0,"enemies":"Snake Plant","floor":29.0,"turns":4.0},{"damage":48.0,"enemies":"Champ","floor":33.0,"turns":9.0},{"damage":14.0,"enemies":"3 Shapes","floor":35.0,"turns":4.0},{"damage":9.0,"enemies":"Flame Bruiser 1 Orb","floor":36.0,"turns":6.0},{"damage":59.0,"enemies":"Transient","floor":39.0,"turns":5.0},{"damage":12.0,"enemies":"Nemesis","floor":41.0,"turns":3.0},{"damage":24.0,"enemies":"2 Orb Walkers","floor":45.0,"turns":4.0},{"damage":21.0,"enemies":"Nemesis","floor":48.0,"turns":5.0},{"damage":67,"enemies":"Donu and Deca","floor":50,"turns":9}],"seed_played":"-8531945533368806935","potions_obtained":[{"floor":1.0,"key":"SteroidPotion"},{"floor":7.0,"key":"Regen Potion"},{"floor":23.0,"key":"Swift Potion"},{"floor":29.0,"key":"AttackPotion"},{"floor":33.0,"key":"BloodPotion"},{"floor":36.0,"key":"SteroidPotion"},{"floor":41.0,"key":"AttackPotion"},{"floor":48.0,"key":"Ancient Potion"}],"is_trial":false,"path_per_floor":["M","M","?","?","?","R","E","R","T","?","R","$","E","?","R","B",null,"M","M","?","?","$","E","R","?","T","R","E","M","?","$","R","B",null,"M","M","$","?","M","R","E","R","T","?","E","?","R","E","R","B"],"character_chosen":"IRONCLAD","items_purchased":["Champion Belt","OrangePellets","True Grit+1","Fire Breathing","Rage+1","Ghostly Armor+1"],"campfire_rested":7,"item_purchase_floors":[12,22,31,31,37,37],"current_hp_per_floor":[69,69,62,59,39,63,32,56,56,56,80,80,72,66,66,34,69,70,62,62,80,80,68,68,68,68,80,62,63,55,55,80,55,74,71,73,73,73,45,80,79,79,80,80,67,67,67,66,80,31],"gold":183,"neow_bonus":"REMOVE_CARD","is_prod":false,"is_daily":false,"chose_seed":false,"campfire_upgraded":4,"win_rate":0,"timestamp":1535819521,"path_taken":["M","M","?","?","?","R","E","R","T","?","R","$","E","?","R","BOSS","M","M","?","?","$","E","R","?","T","R","E","M","?","$","R","BOSS","M","M","$","?","M","R","E","R","T","?","E","?","R","E","R","BOSS"],"build_version":"2018-08-23v2","purchased_purges":1,"victory":true,"max_hp_per_floor":[80,80,80,80,80,80,80,80,80,80,80,80,80,80,80,80,80,80,80,80,80,80,80,80,80,80,80,80,80,80,80,80,80,80,80,80,80,80,80,80,80,80,80,80,80,80,80,80,80,80],"card_choices":[{"not_picked":["Bloodletting","Hemokinesis"],"picked":"Clothesline","floor":1.0},{"not_picked":["Body Slam","Wild Strike"],"picked":"Thunderclap","floor":2.0},{"not_picked":["Perfected Strike","Hemokinesis"],"picked":"Anger","floor":7.0},{"not_picked":["Perfected Strike","Power Through"],"picked":"Bloodletting","floor":13.0},{"not_picked":["Blood for Blood","Twin Strike"],"picked":"Whirlwind","floor":14.0},{"not_picked":["Dark Embrace","Exhume"],"picked":"Brutality","floor":16.0},{"not_picked":["Iron Wave+1","True Grit"],"picked":"Shockwave+1","floor":18.0},{"not_picked":["Infernal Blade","Havoc"],"picked":"Second Wind","floor":19.0},{"not_picked":["Armaments","Infernal Blade"],"picked":"Shrug It Off+1","floor":23.0},{"not_picked":["Second Wind+1","Warcry+1"],"picked":"Carnage+1","floor":28.0},{"not_picked":["Clash","Anger+1"],"picked":"Armaments+1","floor":29.0},{"not_picked":["Exhume+1","Barricade"],"picked":"Berserk","floor":33.0},{"not_picked":["Wild Strike+1","Body Slam"],"picked":"Sentinel+1","floor":35.0},{"not_picked":["Shockwave+1","Anger+1"],"picked":"Shrug It Off+1","floor":36.0},{"not_picked":["Perfected Strike","Sever Soul"],"picked":"Flex+1","floor":39.0},{"not_picked":["Iron Wave+1","Warcry+1"],"picked":"Reaper","floor":41.0},{"not_picked":["Rage+1","Perfected Strike+1"],"picked":"Entrench+1","floor":45.0},{"not_picked":["Body Slam","Whirlwind"],"picked":"Pommel Strike+1","floor":48.0}],"player_experience":1624085,"relics_obtained":[{"floor":7.0,"key":"Vajra"},{"floor":9.0,"key":"Orichalcum"},{"floor":13.0,"key":"Regal Pillow"},{"floor":14.0,"key":"Odd Mushroom"},{"floor":23.0,"key":"Toxic Egg 2"},{"floor":23.0,"key":"Paper Frog"},{"floor":26.0,"key":"Juzu Bracelet"},{"floor":28.0,"key":"Dodecahedron"},{"floor":28.0,"key":"Meat on the Bone"},{"floor":41.0,"key":"Oddly Smooth Stone"},{"floor":41.0,"key":"Bag of Preparation"},{"floor":43.0,"key":"The Courier"},{"floor":45.0,"key":"Singing Bowl"},{"floor":45.0,"key":"Self Forming Clay"},{"floor":48.0,"key":"Du-Vu Doll"},{"floor":48.0,"key":"Thread and Needle"}],"event_choices":[{"event_name":"Golden Wing","player_choice":"Card Removal","floor":3.0,"damage_taken":0.0},{"event_name":"Scrap Ooze","player_choice":"success","floor":4.0,"damage_taken":3.0},{"event_name":"Golden Idol","player_choice":"Take Damage","floor":5.0,"damage_taken":0.0},{"event_name":"Liars Game","player_choice":"agreed","floor":10.0,"damage_taken":0.0},{"event_name":"Mushrooms","player_choice":"Fought Mushrooms","floor":14.0,"damage_taken":0.0},{"event_name":"Forgotten Altar","player_choice":"Gave Idol","floor":20.0,"damage_taken":0.0},{"event_name":"Bonfire Elementals","player_choice":"UNCOMMON","floor":21.0,"damage_taken":0.0},{"event_name":"Ghosts","player_choice":"Ignored","floor":25.0,"damage_taken":0.0},{"event_name":"Wheel of Change","player_choice":"Damage","floor":30.0,"damage_taken":0.0},{"event_name":"Tomb of Lord Red Mask","player_choice":"Paid","floor":38.0,"damage_taken":0.0},{"event_name":"Upgrade Shrine","player_choice":"Upgraded","floor":44.0,"damage_taken":0.0},{"event_name":"Transmorgrifier","player_choice":"Transform","floor":46.0,"damage_taken":0.0}],"is_beta":false,"boss_relics":[{"not_picked":["Philosopher\u0027s Stone","Coffee Dripper"],"picked":"Black Star"},{"not_picked":["Astrolabe","Pandora\u0027s Box"],"picked":"Mark of Pain"}],"items_purged_floors":[12],"is_endless":false,"potions_floor_spawned":[1,7,23,29,33,36,41,48],"ascension_level":7}