{"gold_per_floor":[112,122,122,122,122,122,135,135,135,156,187,206,206,241,241,342,342,353,369,369,369,18,18,18,18,43,71,21,21,21,21,21,21],"floor_reached":33,"playtime":1982,"items_purged":[],"score":345,"play_id":"98ae4901-3ea5-406d-b255-653984e8214d","local_time":"20180805145012","is_ascension_mode":true,"campfire_choices":[{"floor":6,"key":"REST"},{"floor":8,"key":"REST"},{"floor":13,"key":"REST"},{"floor":15,"key":"DIG"},{"floor":23,"key":"REST"},{"data":"Dualcast","floor":25,"key":"SMITH"},{"floor":29,"key":"DIG"},{"floor":32,"key":"DIG"}],"neow_cost":"FIFTY_PERCENT_DAMAGE","seed_source_timestamp":136062563977088,"circlet_count":0,"master_deck":["Strike_B+1","Strike_B+1","Strike_B+1","Defend_B+1","Defend_B+1","Defend_B+1","Defend_B+1","Zap+1","Dualcast+1","Sweeping Beam","Ball Lightning","Hologram","Static Discharge","Ball Lightning","Conserve Battery","Defragment","Echo Form","Steam+1","Coolheaded+1","Go for the Eyes","Defragment","Turbo+1","Seek+1","Fusion+1","Consume+1","Beam Cell","Ghostly+1","Ghostly+1","Ghostly+1","Ghostly+1","Ghostly+1"],"relics":["Cracked Core","Meat on the Bone","StoneCalendar","Odd Mushroom","The Courier","Shovel","Toxic Egg 2","Nuclear Battery","Mummified Hand","Potion Belt","Pantograph","Omamori","Dead Branch"],"potions_floor_usage":[7,10,14,18,19],"damage_taken":[{"damage":7,"enemies":"Jaw Worm","floor":1,"turns":4},{"damage":0,"enemies":"2 Louse","floor":2,"turns":3},{"damage":9,"enemies":"Small Slimes","floor":7,"turns":2},{"damage":16,"floor":10,"turns":3},{"damage":35,"enemies":"Gremlin Nob","floor":11,"turns":4},{"damage":8,"enemies":"Blue Slaver","floor":12,"turns":2},{"damage":14,"enemies":"3 Sentries","floor":14,"turns":4},{"damage":7,"enemies":"Slime Boss","floor":16,"turns":7},{"damage":17,"enemies":"Shell Parasite","floor":18,"turns":4},{"damage":18,"enemies":"2 Thieves","floor":19,"turns":3},{"damage":25,"enemies":"Book of Stabbing","floor":27,"turns":4},{"damage":48,"enemies":"Automaton","floor":33,"turns":6}],"seed_played":"-227535231568814268","potions_obtained":[{"floor":1,"key":"SkillPotion"},{"floor":7,"key":"SkillPotion"},{"floor":12,"key":"Regen Potion"},{"floor":16,"key":"Block Potion"},{"floor":18,"key":"Fire Potion"}],"is_trial":false,"path_per_floor":["M","M","?","?","T","R","M","R","T","?","E","M","R","E","R","B",null,"M","M","?","?","$","R","$","R","T","E","?","R","?","?","R"],"character_chosen":"DEFECT","items_purchased":["Go for the Eyes","Defragment","Turbo+1","Seek+1","Fusion+1","Consume+1"],"campfire_rested":4,"item_purchase_floors":[22,22,22,22,22,22],"current_hp_per_floor":[38,38,20,20,20,46,49,75,75,59,36,40,66,64,64,57,89,72,54,54,54,54,80,80,80,80,55,55,55,44,44,44,0],"gold":21,"neow_bonus":"TWENTY_PERCENT_HP_BONUS","is_prod":false,"is_daily":false,"chose_seed":false,"campfire_upgraded":1,"win_rate":0,"timestamp":1533495012,"path_taken":["M","M","?","?","?","R","M","R","T","?","E","M","R","E","R","BOSS","M","?","?","?","$","R","$","R","T","E","?","R","?","?","R","BOSS"],"build_version":"2018-08-02","purchased_purges":0,"victory":false,"max_hp_per_floor":[89,89,89,89,89,89,89,89,89,89,89,89,89,89,89,89,89,89,89,89,89,89,89,89,89,89,89,89,89,44,44,44,44],"card_choices":[{"not_picked":["Heatsinks","Tempest"],"picked":"Sweeping Beam","floor":1},{"not_picked":["Turbo","Compile Driver"],"picked":"Ball Lightning","floor":2},{"not_picked":["Steam","Streamline"],"picked":"Hologram","floor":7},{"not_picked":["Coolheaded","Capacitor"],"picked":"Static Discharge","floor":10},{"not_picked":["Undo","Barrage"],"picked":"Ball Lightning","floor":11},{"not_picked":["Heatsinks","Hologram"],"picked":"Conserve Battery","floor":12},{"not_picked":["Turbo","Reprogram"],"picked":"Defragment","floor":14},{"not_picked":["Meteor Strike","Rainbow+1"],"picked":"Echo Form","floor":16},{"not_picked":["Melter","Barrage+1"],"picked":"Steam+1","floor":18},{"not_picked":["Compile Driver","Barrage"],"picked":"Coolheaded+1","floor":19},{"not_picked":["Rebound+1","Hello World"],"picked":"Beam Cell","floor":27}],"player_experience":1446236,"relics_obtained":[{"floor":5,"key":"Meat on the Bone"},{"floor":9,"key":"StoneCalendar"},{"floor":10,"key":"Odd Mushroom"},{"floor":11,"key":"The Courier"},{"floor":14,"key":"Shovel"},{"floor":15,"key":"Toxic Egg 2"},{"floor":26,"key":"Potion Belt"},{"floor":27,"key":"Pantograph"},{"floor":29,"key":"Omamori"},{"floor":32,"key":"Dead Branch"}],"event_choices":[{"event_name":"Shining Light","player_choice":"Entered Light","floor":3,"damage_taken":0},{"event_name":"Living Wall","player_choice":"Forget","floor":4,"damage_taken":0},{"event_name":"Mushrooms","player_choice":"Fought Mushrooms","floor":10,"damage_taken":0},{"event_name":"The Mausoleum","player_choice":"Yes","floor":20,"damage_taken":0},{"event_name":"Back to Basics","player_choice":"Simplicity","floor":21,"damage_taken":0},{"event_name":"The Joust","player_choice":"Bet on Owner","floor":28,"damage_taken":0},{"event_name":"Ghosts","player_choice":"Became a Ghost","floor":30,"damage_taken":0},{"event_name":"Addict","player_choice":"Ignored","floor":31,"damage_taken":0}],"is_beta":false,"boss_relics":[{"not_picked":["Runic Pyramid","Ectoplasm"],"picked":"Nuclear Battery"}],"items_purged_floors":[],"is_endless":false,"potions_floor_spawned":[1,7,12,16,18],"killed_by":"Automaton","ascension_level":4}