{"gold_per_floor":[113,113,129,143,158,189,364,364,364,0,32,32,32,50,50,147,147,163,7,19,19],"floor_reached":21,"playtime":1131,"items_purged":[],"score":208,"play_id":"ce1a4083-4d51-45fe-932e-b38638df78dd","local_time":"20191028102904","is_ascension_mode":true,"campfire_choices":[{"floor":8,"key":"RECALL"},{"floor":12,"key":"REST"},{"floor":15,"key":"REST"}],"neow_cost":"NONE","seed_source_timestamp":600907418736605,"circlet_count":0,"master_deck":["Bash","Intimidate+1","Thunderclap","Anger","Hemokinesis","Clothesline","Immolate","Heavy Blade","Heavy Blade","Pommel Strike","Reaper","Burning Pact","Rupture","Reckless Charge","Berserk","Clash","Brutality","Carnage","Carnage","Ghostly Armor","Perfected Strike","Power Through"],"relics":["Burning Blood","NeowsBlessing","Potion Belt","War Paint","Singing Bowl","Pandora\u0027s Box","Strawberry"],"potions_floor_usage":[6,6,16],"damage_taken":[{"damage":0,"enemies":"2 Louse","floor":1,"turns":1},{"damage":0,"enemies":"Small Slimes","floor":3,"turns":1},{"damage":0,"enemies":"Cultist","floor":4,"turns":1},{"damage":13,"enemies":"Blue Slaver","floor":5,"turns":4},{"damage":16,"enemies":"Lagavulin","floor":6,"turns":6},{"damage":25,"enemies":"3 Sentries","floor":11,"turns":5},{"damage":6,"enemies":"Looter","floor":14,"turns":3},{"damage":54,"enemies":"Slime Boss","floor":16,"turns":9},{"damage":48,"enemies":"2 Thieves","floor":18,"turns":4},{"damage":33,"enemies":"Spheric Guardian","floor":20,"turns":4},{"damage":32,"enemies":"Snecko","floor":21,"turns":4}],"seed_played":"2940881748413547883","potions_obtained":[{"floor":1,"key":"ColorlessPotion"},{"floor":5,"key":"DuplicationPotion"},{"floor":11,"key":"Weak Potion"}],"is_trial":false,"path_per_floor":["M","?","M","M","M","E","?","R","T","$","E","R","?","M","R","B",null,"M","$","M","M"],"character_chosen":"IRONCLAD","items_purchased":["Immolate","Heavy Blade","War Paint","Strawberry"],"campfire_rested":2,"item_purchase_floors":[10,10,10,19],"current_hp_per_floor":[80,80,80,80,73,63,63,63,63,63,44,68,68,68,80,32,80,38,45,18,0],"gold":19,"neow_bonus":"THREE_ENEMY_KILL","is_prod":false,"is_daily":false,"chose_seed":false,"campfire_upgraded":0,"win_rate":0,"timestamp":1572269344,"path_taken":["M","?","M","M","M","E","?","R","T","$","E","R","?","M","R","BOSS","M","$","M","M"],"build_version":"2019-10-25-V3","purchased_purges":0,"victory":false,"max_hp_per_floor":[80,80,80,80,80,80,80,80,80,80,80,80,80,80,80,80,80,80,87,87,87],"card_choices":[{"not_picked":["Feel No Pain","Body Slam"],"picked":"Intimidate","floor":1},{"not_picked":["Sever Soul","Twin Strike"],"picked":"Thunderclap","floor":3},{"not_picked":["Iron Wave","Inflame"],"picked":"Anger","floor":4},{"not_picked":["Cleave","Searing Blow"],"picked":"Hemokinesis","floor":5},{"not_picked":["Exhume","Burning Pact"],"picked":"Clothesline","floor":6},{"not_picked":["Rupture","Evolve"],"picked":"Heavy Blade","floor":11},{"not_picked":["Anger","Armaments"],"picked":"Pommel Strike","floor":14},{"not_picked":["Feed","Fiend Fire"],"picked":"Reaper","floor":16},{"not_picked":["Pummel","Clothesline"],"picked":"Perfected Strike","floor":18},{"not_picked":["Twin Strike","Pommel Strike"],"picked":"Power Through","floor":20}],"player_experience":486541,"relics_obtained":[{"floor":6,"key":"Potion Belt"},{"floor":11,"key":"Singing Bowl"}],"event_choices":[{"damage_healed":0,"gold_gain":0,"player_choice":"Ignored","damage_taken":0,"max_hp_gain":0,"max_hp_loss":0,"event_name":"Golden Wing","floor":2,"gold_loss":0},{"damage_healed":0,"gold_gain":175,"player_choice":"AGREE","damage_taken":0,"max_hp_gain":0,"max_hp_loss":0,"event_name":"Liars Game","floor":7,"gold_loss":0,"cards_obtained":["Doubt"]},{"cards_removed":["Doubt"],"damage_healed":0,"gold_gain":0,"player_choice":"Removed Curses","damage_taken":0,"max_hp_gain":0,"max_hp_loss":0,"event_name":"Fountain of Cleansing","floor":13,"gold_loss":0}],"is_beta":true,"boss_relics":[{"not_picked":["Runic Dome","Snecko Eye"],"picked":"Pandora\u0027s Box"}],"items_purged_floors":[],"is_endless":false,"potions_floor_spawned":[1,5,11],"killed_by":"Snecko","ascension_level":2}