{"gold_per_floor":[113,7,25,45,45,45,76,89,89,89,119,130,130,148,148,219,219,219,219,219,139,139,139,139,139,139,139,139,139,139,139,139,139],"floor_reached":33,"playtime":3970,"items_purged":[],"score":534,"play_id":"164c0b14-49bc-41b9-bb84-57a845e28c70","local_time":"20190501235004","is_ascension_mode":true,"campfire_choices":[{"data":"Armaments","floor":6.0,"key":"SMITH"},{"data":"Armaments","floor":10.0,"key":"SMITH"},{"data":"Spot Weakness","floor":13.0,"key":"SMITH"},{"floor":15.0,"key":"REST"},{"floor":23.0,"key":"REST"},{"floor":29.0,"key":"REST"},{"floor":32.0,"key":"REST"}],"neow_cost":"NONE","seed_source_timestamp":124074027905872,"circlet_count":0,"master_deck":["AscendersBane","Strike_R+1","Strike_R","Strike_R+1","Strike_R","Strike_R","Defend_R","Defend_R","Defend_R","Defend_R","Bash","Armaments+1","Spot Weakness+1","Sword Boomerang","Sword Boomerang","Armaments+1","Hemokinesis","Fiend Fire","Thunderclap","Limit Break","True Grit","True Grit","Spot Weakness+1","Shockwave","Power Through","Seeing Red","Sword Boomerang","Cleave+1","Metallicize","Pummel","Double Tap"],"special_seed":0,"relics":["Burning Blood","Meat on the Bone","Calipers","Prayer Wheel","Ectoplasm","Whetstone","Juzu Bracelet"],"potions_floor_usage":[33],"damage_taken":[{"damage":21.0,"enemies":"Jaw Worm","floor":1.0,"turns":7.0},{"damage":1.0,"enemies":"2 Louse","floor":3.0,"turns":4.0},{"damage":1.0,"enemies":"Cultist","floor":4.0,"turns":3.0},{"damage":30.0,"enemies":"Gremlin Nob","floor":7.0,"turns":4.0},{"damage":2.0,"enemies":"Looter","floor":8.0,"turns":3.0},{"damage":21.0,"enemies":"3 Sentries","floor":11.0,"turns":7.0},{"damage":5.0,"enemies":"Red Slaver","floor":12.0,"turns":3.0},{"damage":30.0,"enemies":"Exordium Thugs","floor":14.0,"turns":4.0},{"damage":27.0,"enemies":"Slime Boss","floor":16.0,"turns":7.0},{"damage":14.0,"enemies":"Chosen","floor":18.0,"turns":5.0},{"damage":4.0,"enemies":"2 Thieves","floor":21.0,"turns":3.0},{"damage":36.0,"enemies":"Cultist and Chosen","floor":22.0,"turns":6.0},{"damage":25.0,"enemies":"Snecko","floor":24.0,"turns":5.0},{"damage":2.0,"enemies":"Snake Plant","floor":25.0,"turns":3.0},{"damage":33.0,"enemies":"Gremlin Leader","floor":27.0,"turns":4.0},{"damage":35.0,"enemies":"Sentry and Sphere","floor":28.0,"turns":8.0},{"damage":32.0,"enemies":"Centurion and Healer","floor":30.0,"turns":6.0},{"damage":88,"enemies":"Collector","floor":33,"turns":8}],"seed_played":"-1328021410950946144","potions_obtained":[{"floor":0.0,"key":"EntropicBrew"},{"floor":0.0,"key":"Dexterity Potion"},{"floor":12.0,"key":"Weak Potion"},{"floor":16.0,"key":"SneckoOil"},{"floor":18.0,"key":"Block Potion"},{"floor":25.0,"key":"Block Potion"},{"floor":27.0,"key":"Swift Potion"},{"floor":30.0,"key":"PowerPotion"}],"is_trial":false,"path_per_floor":["M","$","M","M","?","R","E","M","T","R","E","M","R","M","R","B",null,"M","?","?","M","M","R","M","M","T","E","M","R","M","?","R","B"],"character_chosen":"IRONCLAD","items_purchased":["Spot Weakness","Sword Boomerang"],"campfire_rested":4,"item_purchase_floors":[2,2],"current_hp_per_floor":[53,53,58,63,63,63,39,55,55,55,52,53,53,41,63,54,70,62,41,41,55,37,61,54,58,58,43,26,50,36,36,60,0],"gold":139,"neow_bonus":"THREE_SMALL_POTIONS","is_prod":false,"is_daily":false,"chose_seed":false,"campfire_upgraded":3,"win_rate":0,"timestamp":1556769004,"path_taken":["M","$","M","M","?","R","E","M","T","R","E","M","R","M","R","BOSS","M","?","?","M","M","R","M","M","T","E","M","R","M","?","R","BOSS"],"build_version":"2019-01-23","purchased_purges":0,"victory":false,"max_hp_per_floor":[75,75,75,75,75,75,75,75,75,75,75,75,75,75,75,75,75,75,80,80,80,80,80,80,80,80,80,80,80,80,80,80,80],"card_choices":[{"not_picked":["Flex","Heavy Blade"],"picked":"Armaments","floor":1.0},{"not_picked":["Armaments","Sentinel","Burning Pact"],"picked":"SKIP","floor":3.0},{"not_picked":["Entrench","Flex"],"picked":"Sword Boomerang","floor":4.0},{"not_picked":["Twin Strike","Perfected Strike","Armaments"],"picked":"SKIP","floor":7.0},{"not_picked":["Twin Strike","Perfected Strike"],"picked":"Armaments","floor":7.0},{"not_picked":["Sever Soul","Havoc"],"picked":"Hemokinesis","floor":8.0},{"not_picked":["Searing Blow","Uppercut"],"picked":"Fiend Fire","floor":11.0},{"not_picked":["Armaments","Havoc","Body Slam"],"picked":"SKIP","floor":12.0},{"not_picked":["Havoc","Sentinel","Heavy Blade"],"picked":"SKIP","floor":12.0},{"not_picked":["Havoc","Body Slam"],"picked":"Thunderclap","floor":14.0},{"not_picked":["Warcry","Evolve","Berserk"],"picked":"SKIP","floor":14.0},{"not_picked":["Double Tap","Fiend Fire"],"picked":"Limit Break","floor":16.0},{"not_picked":["Sever Soul","Cleave"],"picked":"True Grit","floor":18.0},{"not_picked":["Thunderclap","Headbutt"],"picked":"True Grit","floor":18.0},{"not_picked":["Cleave","Rupture+1"],"picked":"Shockwave","floor":21.0},{"not_picked":["Armaments","Twin Strike"],"picked":"Power Through","floor":21.0},{"not_picked":["Heavy Blade","Corruption"],"picked":"Seeing Red","floor":22.0},{"not_picked":["Exhume","Shockwave"],"picked":"Sword Boomerang","floor":22.0},{"not_picked":["Entrench","Body Slam","Anger"],"picked":"SKIP","floor":24.0},{"not_picked":["Perfected Strike","Dual Wield","Clothesline"],"picked":"SKIP","floor":24.0},{"not_picked":["Flame Barrier","Hemokinesis+1","Flex"],"picked":"SKIP","floor":25.0},{"not_picked":["Bloodletting","Clothesline","Body Slam"],"picked":"SKIP","floor":25.0},{"not_picked":["Anger","Wild Strike"],"picked":"Cleave+1","floor":27.0},{"not_picked":["Flex","Twin Strike"],"picked":"Metallicize","floor":28.0},{"not_picked":["Inflame","Rupture"],"picked":"Pummel","floor":28.0},{"not_picked":["Perfected Strike","Searing Blow"],"picked":"Double Tap","floor":30.0},{"not_picked":["Carnage","Perfected Strike+1","Warcry"],"picked":"SKIP","floor":30.0}],"player_experience":2556948,"relics_obtained":[{"floor":7.0,"key":"Meat on the Bone"},{"floor":9.0,"key":"Calipers"},{"floor":11.0,"key":"Prayer Wheel"},{"floor":26.0,"key":"Whetstone"},{"floor":27.0,"key":"Juzu Bracelet"}],"event_choices":[{"damage_healed":0.0,"max_hp_gain":0.0,"max_hp_loss":0.0,"gold_gain":0.0,"event_name":"The Cleric","player_choice":"Leave","floor":5.0,"gold_loss":0.0,"damage_taken":0.0},{"damage_healed":0.0,"max_hp_gain":5.0,"max_hp_loss":0.0,"gold_gain":0.0,"event_name":"Forgotten Altar","player_choice":"Shed Blood","floor":19.0,"gold_loss":0.0,"damage_taken":26.0},{"damage_healed":0.0,"max_hp_gain":0.0,"max_hp_loss":0.0,"gold_gain":0.0,"event_name":"Duplicator","player_choice":"Copied","floor":20.0,"gold_loss":0.0,"damage_taken":0.0,"cards_obtained":["Spot Weakness"]},{"damage_healed":0.0,"max_hp_gain":0.0,"max_hp_loss":0.0,"gold_gain":0.0,"event_name":"Ghosts","player_choice":"Ignored","floor":31.0,"gold_loss":0.0,"damage_taken":0.0}],"is_beta":false,"boss_relics":[{"not_picked":["Cursed Key","Black Star"],"picked":"Ectoplasm"}],"items_purged_floors":[],"is_endless":false,"potions_floor_spawned":[3,8,12,16,18,25,27,30],"killed_by":"Collector","ascension_level":18}