{"gold_per_floor":[217,217,236,68,83,83,107,118,118,118,133,461,461,475,475,605,605,629,12,25,300,8,41,41,61,61,61,82,98,8,22,22,22],"floor_reached":33,"playtime":2089,"items_purged":[],"score":321,"play_id":"3db76d8f-a346-48e9-af9c-f5b9f16bdee9","local_time":"20190815100356","is_ascension_mode":true,"campfire_choices":[{"data":"Immolate","floor":6,"key":"SMITH"},{"data":"Heavy Blade","floor":10,"key":"SMITH"},{"data":"Flex","floor":15,"key":"SMITH"},{"floor":24,"key":"REST"},{"floor":32,"key":"REST"}],"neow_cost":"NONE","seed_source_timestamp":242400745357605,"circlet_count":0,"master_deck":["Strike_R","Strike_R","Strike_R","Strike_R","Strike_R","Defend_R","Defend_R","Defend_R","Defend_R","Bash","Anger+1","Heavy Blade+1","Wild Strike","Immolate+1","Headbutt","Thunderclap","Flex+1","Injury","Anger","Feed","Cleave","Armaments","Iron Wave+1","Regret","Iron Wave","Reckless Charge","Headbutt","Armaments+1","J.A.X.","Pommel Strike","Perfected Strike","Carnage","Heavy Blade","Berserk"],"relics":["Burning Blood","Strawberry","Oddly Smooth Stone","Self Forming Clay","Old Coin","Golden Idol","Lizard Tail","Kunai","Lantern","ClockworkSouvenir","Sling","Mercury Hourglass","Calipers"],"potions_floor_usage":[16,23,28,29,31],"damage_taken":[{"damage":18,"enemies":"Jaw Worm","floor":1,"turns":5},{"damage":3,"enemies":"2 Louse","floor":3,"turns":2},{"damage":1,"enemies":"Cultist","floor":5,"turns":3},{"damage":0,"enemies":"3 Louse","floor":8,"turns":1},{"damage":6,"enemies":"Exordium Wildlife","floor":11,"turns":2},{"damage":24,"enemies":"3 Sentries","floor":12,"turns":4},{"damage":0,"enemies":"Lots of Slimes","floor":14,"turns":1},{"damage":39,"enemies":"The Guardian","floor":16,"turns":6},{"damage":20,"enemies":"Shell Parasite","floor":18,"turns":3},{"damage":12,"enemies":"2 Thieves","floor":20,"turns":3},{"damage":18,"enemies":"Book of Stabbing","floor":23,"turns":4},{"damage":31,"enemies":"Shelled Parasite and Fungi","floor":25,"turns":4},{"damage":7,"enemies":"Snecko","floor":28,"turns":5},{"damage":36,"enemies":"Centurion and Healer","floor":29,"turns":5},{"damage":8,"enemies":"3 Cultists","floor":31,"turns":5},{"damage":129,"enemies":"Champ","floor":33,"turns":9}],"seed_played":"3220882168902871700","potions_obtained":[{"floor":1,"key":"SteroidPotion"},{"floor":3,"key":"SpeedPotion"},{"floor":18,"key":"FearPotion"},{"floor":28,"key":"Weak Potion"},{"floor":29,"key":"Explosive Potion"}],"is_trial":false,"path_per_floor":["M","?","M","$","M","R","T","M","T","R","M","E","?","M","R","B",null,"M","$","M","?","$","E","R","M","T","?","M","M","$","M","R","B"],"character_chosen":"IRONCLAD","items_purchased":["Strawberry","Wild Strike","Kunai","Lantern","ClockworkSouvenir","Armaments","Sling","Iron Wave","Reckless Charge","Carnage","Heavy Blade"],"campfire_rested":2,"item_purchase_floors":[4,4,19,19,19,19,22,22,22,30,30],"current_hp_per_floor":[68,68,71,78,83,83,83,87,87,87,87,69,69,75,75,42,87,73,73,67,67,67,55,81,56,56,56,55,25,25,26,53,0],"gold":22,"neow_bonus":"HUNDRED_GOLD","is_prod":false,"is_daily":false,"chose_seed":false,"campfire_upgraded":3,"win_rate":0,"timestamp":1565874236,"path_taken":["M","?","M","$","M","R","?","M","T","R","M","E","?","?","R","BOSS","M","$","M","?","?","E","R","M","T","?","M","?","$","M","R","BOSS"],"build_version":"2019-07-17","purchased_purges":0,"victory":false,"max_hp_per_floor":[80,80,80,87,87,87,87,87,87,87,87,87,87,87,87,87,87,87,87,87,87,87,87,87,87,87,87,87,87,87,90,90,90],"card_choices":[{"not_picked":["Intimidate","Second Wind"],"picked":"Anger","floor":1},{"not_picked":["Hemokinesis","Sword Boomerang"],"picked":"Heavy Blade","floor":3},{"not_picked":["Cleave","Iron Wave"],"picked":"Immolate","floor":5},{"not_picked":["Clash","Clothesline"],"picked":"Headbutt","floor":8},{"not_picked":["Headbutt","Metallicize"],"picked":"Thunderclap","floor":11},{"not_picked":["Pummel","Anger"],"picked":"Flex","floor":12},{"not_picked":["True Grit","Corruption"],"picked":"Anger","floor":14},{"not_picked":["Limit Break","Impervious"],"picked":"Feed","floor":16},{"not_picked":["Twin Strike+1","Wild Strike"],"picked":"Cleave","floor":18},{"not_picked":["Sword Boomerang","Havoc"],"picked":"Iron Wave+1","floor":20},{"not_picked":["Warcry","True Grit"],"picked":"Headbutt","floor":23},{"not_picked":["Shrug It Off","Offering"],"picked":"Armaments+1","floor":25},{"not_picked":["Shockwave","Sword Boomerang+1"],"picked":"Pommel Strike","floor":28},{"not_picked":["Iron Wave","Sword Boomerang"],"picked":"Perfected Strike","floor":29},{"not_picked":["Thunderclap","Cleave"],"picked":"Berserk","floor":31}],"player_experience":313273,"relics_obtained":[{"floor":7,"key":"Oddly Smooth Stone"},{"floor":9,"key":"Self Forming Clay"},{"floor":12,"key":"Old Coin"},{"floor":23,"key":"Mercury Hourglass"},{"floor":26,"key":"Calipers"}],"event_choices":[{"damage_healed":0,"gold_gain":0,"player_choice":"Grow","damage_taken":0,"max_hp_gain":0,"max_hp_loss":0,"event_name":"Living Wall","floor":2,"gold_loss":0,"cards_upgraded":["Anger"]},{"damage_healed":0,"gold_gain":0,"player_choice":"Take Wound","damage_taken":0,"relics_obtained":["Golden Idol"],"max_hp_gain":0,"max_hp_loss":0,"event_name":"Golden Idol","floor":13,"gold_loss":0,"cards_obtained":["Injury"]},{"damage_healed":0,"gold_gain":275,"player_choice":"Desecrate","damage_taken":0,"max_hp_gain":0,"max_hp_loss":0,"event_name":"Golden Shrine","floor":21,"gold_loss":0,"cards_obtained":["Regret"]},{"damage_healed":0,"gold_gain":0,"player_choice":"Obtain J.A.X.","damage_taken":0,"max_hp_gain":0,"max_hp_loss":0,"event_name":"Drug Dealer","floor":27,"gold_loss":0,"cards_obtained":["J.A.X."]}],"is_beta":false,"boss_relics":[{"not_picked":["Runic Dome","Black Blood"],"picked":"Lizard Tail"}],"items_purged_floors":[],"is_endless":false,"potions_floor_spawned":[1,3,8,18,28,29],"killed_by":"Champ","ascension_level":2}