{"gold_per_floor":[110,210,230,247,263,293,312,312,312,312,331,349,360,385,385,484,484,503,521,533,448,255,255,255,255,255,270,270,283,283,300,300,300],"floor_reached":33,"playtime":2744,"items_purged":[],"score":263,"play_id":"1ba39d2d-ceff-4dd5-bcfb-dc7d031c38e8","local_time":"20190930234552","is_ascension_mode":false,"campfire_choices":[{"data":"Perfected Strike","floor":8.0,"key":"SMITH"},{"data":"Fire Breathing","floor":10.0,"key":"SMITH"},{"data":"Double Tap","floor":15,"key":"SMITH"},{"data":"Metamorphosis","floor":23,"key":"SMITH"},{"data":"Corruption","floor":25,"key":"SMITH"},{"data":"Entrench","floor":30,"key":"SMITH"},{"data":"Intimidate","floor":32,"key":"SMITH"}],"neow_cost":"NONE","seed_source_timestamp":0,"circlet_count":0,"master_deck":["Strike_R","Strike_R","Strike_R","Strike_R","Strike_R","Defend_R","Defend_R","Defend_R","Defend_R","Bash+1","Thunderclap","Flex","Iron Wave","Perfected Strike+1","Fire Breathing+1","Clothesline","Iron Wave","Corruption+1","Double Tap+1","Cleave","Berserk","Burning Pact","Perfected Strike","Metamorphosis+1","Clumsy","Injury","Rage","Entrench+1","Intimidate+1"],"special_seed":0,"relics":["Burning Blood","Ornamental Fan","Nunchaku","Shuriken","Cursed Key","Bird Faced Urn","Letter Opener","Bottled Lightning"],"potions_floor_usage":[16,16,16,29],"damage_taken":[{"damage":1.0,"enemies":"Cultist","floor":1.0,"turns":3.0},{"damage":6.0,"enemies":"Small Slimes","floor":3.0,"turns":3.0},{"damage":14.0,"enemies":"Jaw Worm","floor":4.0,"turns":4.0},{"damage":2.0,"enemies":"3 Louse","floor":5.0,"turns":3.0},{"damage":34.0,"enemies":"3 Sentries","floor":6.0,"turns":7.0},{"damage":32.0,"enemies":"Exordium Thugs","floor":7.0,"turns":5.0},{"damage":4.0,"enemies":"Blue Slaver","floor":11.0,"turns":3.0},{"damage":0.0,"enemies":"2 Fungi Beasts","floor":12.0,"turns":3.0},{"damage":0.0,"enemies":"Large Slime","floor":13.0,"turns":4.0},{"damage":11.0,"enemies":"Lagavulin","floor":14.0,"turns":5.0},{"damage":11,"enemies":"Hexaghost","floor":16,"turns":6},{"damage":20,"enemies":"Shell Parasite","floor":18,"turns":3},{"damage":1,"enemies":"3 Byrds","floor":19,"turns":4},{"damage":17,"enemies":"Centurion and Healer","floor":20,"turns":5},{"damage":21,"enemies":"Snake Plant","floor":27,"turns":3},{"damage":8,"enemies":"3 Cultists","floor":29,"turns":5},{"damage":7,"enemies":"Cultist and Chosen","floor":31,"turns":5},{"damage":55,"enemies":"Champ","floor":33,"turns":6}],"seed_played":"-5423173258858758248","potions_obtained":[{"floor":4.0,"key":"SteroidPotion"},{"floor":6.0,"key":"SkillPotion"},{"floor":11.0,"key":"Dexterity Potion"},{"floor":12.0,"key":"LiquidBronze"},{"floor":14.0,"key":"LiquidBronze"},{"floor":20,"key":"Explosive Potion"},{"floor":31,"key":"Poison Potion"}],"is_trial":false,"path_per_floor":["M","?","M","M","M","E","M","R","T","R","M","M","M","E","R","B",null,"M","M","M","?","$","R","T","R","T","M","?","M","R","M","R","B"],"character_chosen":"IRONCLAD","items_purchased":["Metamorphosis"],"campfire_rested":0,"item_purchase_floors":[22],"current_hp_per_floor":[80,80,80,72,76,48,22,22,22,22,24,30,36,31,31,26,80,66,71,60,60,60,60,60,60,60,45,45,49,49,50,50,0],"gold":300,"neow_bonus":"UPGRADE_CARD","is_prod":false,"is_daily":false,"chose_seed":false,"campfire_upgraded":7,"win_rate":0.0,"timestamp":1569858352,"path_taken":["M","?","M","M","M","E","M","R","T","R","?","M","?","E","R","BOSS","M","M","?","?","$","R","?","R","T","M","?","?","R","M","R","BOSS"],"build_version":"2019-07-17","purchased_purges":0,"victory":false,"max_hp_per_floor":[80,80,80,80,80,80,80,80,80,80,80,80,80,80,80,80,80,80,80,80,80,80,80,80,80,80,80,80,80,80,80,80,80],"card_choices":[{"not_picked":["Rupture","True Grit"],"picked":"Thunderclap","floor":1.0},{"not_picked":["Clothesline","Body Slam"],"picked":"Flex","floor":3.0},{"not_picked":["Feel No Pain","Twin Strike"],"picked":"Iron Wave","floor":4.0},{"not_picked":["Battle Trance","Hemokinesis"],"picked":"Perfected Strike","floor":5.0},{"not_picked":["Clothesline","Rupture"],"picked":"Fire Breathing","floor":6.0},{"not_picked":["Flex","Warcry"],"picked":"Clothesline","floor":7.0},{"not_picked":["Cleave","Power Through"],"picked":"Iron Wave","floor":11.0},{"not_picked":["Warcry","Reckless Charge"],"picked":"Corruption","floor":12.0},{"not_picked":["Bloodletting","Reckless Charge"],"picked":"Double Tap","floor":13.0},{"not_picked":["Reckless Charge","Heavy Blade"],"picked":"Cleave","floor":14.0},{"not_picked":["Dark Embrace","Demon Form"],"picked":"Berserk","floor":16},{"not_picked":["Dropkick+1","Seeing Red"],"picked":"Burning Pact","floor":18},{"not_picked":["Thunderclap","Clash"],"picked":"Perfected Strike","floor":19},{"not_picked":["Corruption","Hemokinesis+1","Thunderclap"],"picked":"SKIP","floor":20},{"not_picked":["True Grit","Reckless Charge+1"],"picked":"Rage","floor":27},{"not_picked":["Flex","Headbutt","Fiend Fire"],"picked":"SKIP","floor":29},{"not_picked":["Clash+1","Thunderclap"],"picked":"Intimidate","floor":31}],"player_experience":50590,"relics_obtained":[{"floor":6.0,"key":"Ornamental Fan"},{"floor":9.0,"key":"Nunchaku"},{"floor":14.0,"key":"Shuriken"},{"floor":24,"key":"Letter Opener"},{"floor":26,"key":"Bottled Lightning"}],"event_choices":[{"damage_healed":0.0,"max_hp_gain":0.0,"max_hp_loss":0.0,"gold_gain":100.0,"event_name":"Wheel of Change","player_choice":"Gold","floor":2.0,"gold_loss":0.0,"damage_taken":0.0},{"damage_healed":0,"gold_gain":0,"player_choice":"Obtained Relic","damage_taken":0,"relics_obtained":["Bird Faced Urn"],"max_hp_gain":0,"max_hp_loss":0,"event_name":"Addict","floor":21,"gold_loss":85},{"damage_healed":0,"gold_gain":0,"player_choice":"Read","damage_taken":0,"max_hp_gain":0,"max_hp_loss":0,"event_name":"The Library","floor":28,"gold_loss":0,"cards_obtained":["Entrench"]}],"is_beta":false,"boss_relics":[{"not_picked":["Sozu","Coffee Dripper"],"picked":"Cursed Key"}],"items_purged_floors":[],"is_endless":false,"potions_floor_spawned":[4,6,11,12,14,20,31],"killed_by":"Champ","ascension_level":0}