{"gold_per_floor":[118,118,138,31,31,31,62,62,86,86,86,86,48,13,13,141,141,157,157,157,82,181,181,196,226,279,279,298,5,5,20,20,121,121,133,145,161,179,4,4,30,49,99,116,129,156,156,167,167,167],"floor_reached":51,"playtime":5240,"items_purged":["Defend_B"],"score":992,"play_id":"745a53b9-dedc-45e2-a03d-ac130acfec63","local_time":"20180915023253","is_ascension_mode":true,"campfire_choices":[{"data":"Zap","floor":6.0,"key":"SMITH"},{"floor":8.0,"key":"REST"},{"data":"Defragment","floor":11.0,"key":"SMITH"},{"data":"White Noise","floor":15.0,"key":"SMITH"},{"data":"Doom and Gloom","floor":23.0,"key":"SMITH"},{"floor":27,"key":"REST"},{"data":"Dualcast","floor":30,"key":"SMITH"},{"data":"Hologram","floor":32,"key":"SMITH"},{"floor":40,"key":"REST"},{"floor":47,"key":"REST"},{"floor":49,"key":"REST"}],"neow_cost":"NONE","seed_source_timestamp":0,"circlet_count":0,"master_deck":["Defend_B","Zap+1","Dualcast+1","Rip and Tear","Self Repair","Defragment+1","White Noise+1","Rebound","Double Energy","Hello World","Biased Cognition","Doom and Gloom+1","Coolheaded+1","Ball Lightning","Beam Cell","Cold Snap+1","Conserve Battery","Biased Cognition","Hologram+1","Electrodynamics","Rainbow+1","Steam+1","Lockon+1","Beam Cell+1","Chaos","Force Field","Force Field","Mind Blast","Auto Shields","Hologram+1","Beam Cell+1","Tempest+1","Redo+1","Defragment+1","Heatsinks+1","Force Field+1","Chill","Stack+1"],"special_seed":0,"relics":["Cracked Core","Bloody Idol","Dream Catcher","Potion Belt","Mummified Hand","Inserter","Oddly Smooth Stone","Anchor","DollysMirror","Astrolabe","Ancient Tea Set","Orichalcum","Blue Candle"],"potions_floor_usage":[25,28,33,37,44,48,48],"damage_taken":[{"damage":0.0,"enemies":"Small Slimes","floor":1.0,"turns":3.0},{"damage":2.0,"enemies":"Jaw Worm","floor":3.0,"turns":2.0},{"damage":20.0,"enemies":"Lagavulin","floor":7.0,"turns":6.0},{"damage":7.0,"enemies":"The Guardian","floor":16.0,"turns":9.0},{"damage":12.0,"enemies":"Chosen","floor":18.0,"turns":4.0},{"damage":40.0,"enemies":"2 Thieves","floor":24.0,"turns":4.0},{"damage":50,"enemies":"Slavers","floor":25,"turns":4},{"damage":0,"enemies":"Cultist and Chosen","floor":28,"turns":5},{"damage":0,"enemies":"Centurion and Healer","floor":31,"turns":5},{"damage":59,"enemies":"Automaton","floor":33,"turns":8},{"damage":4,"enemies":"Orb Walker","floor":35,"turns":3},{"damage":18,"enemies":"3 Darklings","floor":36,"turns":5},{"damage":16,"enemies":"Sphere and 2 Shapes","floor":37,"turns":3},{"damage":38,"enemies":"4 Shapes","floor":38,"turns":4},{"damage":44,"enemies":"2 Orb Walkers","floor":41,"turns":6},{"damage":10,"enemies":"3 Darklings","floor":42,"turns":4},{"damage":9,"enemies":"Transient","floor":44,"turns":5},{"damage":8,"enemies":"Sphere and 2 Shapes","floor":45,"turns":3},{"damage":22,"enemies":"Giant Head","floor":46,"turns":7},{"damage":7,"enemies":"Maw","floor":48,"turns":4},{"damage":32,"enemies":"Donu and Deca","floor":50,"turns":7}],"seed_played":"4016677390204359090","potions_obtained":[{"floor":1.0,"key":"Explosive Potion"},{"floor":3.0,"key":"Energy Potion"},{"floor":24.0,"key":"Strength Potion"},{"floor":25,"key":"Fire Potion"},{"floor":36,"key":"AttackPotion"},{"floor":41,"key":"Block Potion"},{"floor":44,"key":"Swift Potion"},{"floor":46,"key":"PowerPotion"},{"floor":48,"key":"Energy Potion"}],"is_trial":false,"path_per_floor":["M","?","M","$","?","R","E","R","T","?","R","?","$","?","R","B",null,"M","?","?","?","?","R","M","E","T","R","M","$","R","M","R","B",null,"M","M","M","M","$","R","E","M","T","M","M","E","R","M","R","B"],"character_chosen":"DEFECT","items_purchased":["Defragment","White Noise","Hello World","Conserve Battery","DollysMirror","Mind Blast","Auto Shields"],"campfire_rested":5,"item_purchase_floors":[4,4,13,29,29,39,39],"current_hp_per_floor":[68,73,71,71,51,51,38,62,62,62,62,55,55,75,75,75,79,80,80,80,80,80,80,64,26,31,55,67,67,67,79,79,39,70,78,72,61,35,35,59,20,15,20,23,27,17,41,46,70,45],"gold":167,"neow_bonus":"REMOVE_CARD","is_prod":false,"is_daily":false,"chose_seed":false,"campfire_upgraded":6,"win_rate":0,"timestamp":1536993173,"path_taken":["M","?","?","$","?","R","E","R","T","?","R","?","$","?","R","BOSS","M","?","?","?","?","R","?","E","T","R","M","$","R","M","R","BOSS","M","M","?","M","?","R","E","?","T","?","?","E","R","M","R","BOSS"],"build_version":"2018-08-23v2","purchased_purges":1,"victory":true,"max_hp_per_floor":[75,80,80,80,80,80,80,80,80,80,80,80,80,80,80,80,80,80,80,80,80,80,80,80,80,80,80,80,80,80,80,80,80,80,80,80,80,80,80,80,80,80,80,80,80,80,80,80,80,80],"card_choices":[{"not_picked":["Loop","Aggregate"],"picked":"Rip and Tear","floor":1.0},{"not_picked":["Barrage","Scrape"],"picked":"Self Repair","floor":3.0},{"not_picked":["Stack","Steam"],"picked":"Rebound","floor":7.0},{"not_picked":["Skim","Glacier"],"picked":"Double Energy","floor":8.0},{"not_picked":["All For One","Reboot"],"picked":"Biased Cognition","floor":16.0},{"not_picked":["Sweeping Beam+1","Hologram+1"],"picked":"Doom and Gloom","floor":18.0},{"not_picked":["Stack","Gash"],"picked":"Coolheaded+1","floor":24.0},{"not_picked":["Steam","Go for the Eyes"],"picked":"Ball Lightning","floor":25},{"not_picked":["Stack","Steam"],"picked":"Beam Cell","floor":27},{"not_picked":["Coolheaded","Barrage"],"picked":"Cold Snap+1","floor":28},{"not_picked":["Meteor Strike","Coolheaded"],"picked":"Hologram","floor":31},{"not_picked":["Reboot","Rainbow"],"picked":"Electrodynamics","floor":33},{"not_picked":["Capacitor","Ball Lightning"],"picked":"Beam Cell+1","floor":35},{"not_picked":["Steam+1","Rip and Tear"],"picked":"Chaos","floor":36},{"not_picked":["Ball Lightning+1","Beam Cell"],"picked":"Force Field","floor":37},{"not_picked":["Rip and Tear","Amplify"],"picked":"Force Field","floor":38},{"not_picked":["Coolheaded","Compile Driver"],"picked":"Hologram+1","floor":40},{"not_picked":["Reinforced Body","Gash"],"picked":"Beam Cell+1","floor":41},{"not_picked":["Heatsinks","Cold Snap"],"picked":"Tempest+1","floor":42},{"not_picked":["Cold Snap","Coolheaded+1"],"picked":"Redo+1","floor":44},{"not_picked":["FTL","Stack"],"picked":"Defragment+1","floor":45},{"not_picked":["Loop","Cold Snap+1"],"picked":"Heatsinks+1","floor":46},{"not_picked":["Cold Snap","Loop"],"picked":"Force Field+1","floor":47},{"not_picked":["Recycle","Doom and Gloom"],"picked":"Chill","floor":48},{"not_picked":["Gash+1","Genetic Algorithm+1"],"picked":"Stack+1","floor":49}],"player_experience":1711402,"relics_obtained":[{"floor":7.0,"key":"Dream Catcher"},{"floor":9.0,"key":"Potion Belt"},{"floor":25,"key":"Oddly Smooth Stone"},{"floor":26,"key":"Anchor"},{"floor":41,"key":"Ancient Tea Set"},{"floor":43,"key":"Orichalcum"},{"floor":46,"key":"Blue Candle"}],"event_choices":[{"event_name":"Big Fish","player_choice":"Donut","floor":2.0,"damage_taken":0.0},{"event_name":"Golden Idol","player_choice":"Take Damage","floor":5.0,"damage_taken":0.0},{"event_name":"WeMeetAgain","player_choice":"Potion","floor":10.0,"damage_taken":0.0},{"event_name":"Golden Wing","player_choice":"Card Removal","floor":12.0,"damage_taken":0.0},{"event_name":"The Cleric","player_choice":"Healed","floor":14.0,"damage_taken":0.0},{"event_name":"Forgotten Altar","player_choice":"Gave Idol","floor":19.0,"damage_taken":0.0},{"event_name":"Vampires","player_choice":"Ignored","floor":20.0,"damage_taken":0.0},{"event_name":"Beggar","player_choice":"Gave Gold","floor":21.0,"damage_taken":0.0},{"event_name":"Nest","player_choice":"Stole From Cult","floor":22.0,"damage_taken":0.0}],"is_beta":false,"boss_relics":[{"not_picked":["Calling Bell","Black Star"],"picked":"Inserter"},{"not_picked":["Empty Cage","Snecko Eye"],"picked":"Astrolabe"}],"items_purged_floors":[29],"is_endless":false,"potions_floor_spawned":[1,3,24,25,36,41,44,46,48],"ascension_level":8}