{"path_per_floor":["M","?","$","?","M","E","?","E","T","M","R","M","R","E","R","B",null,"M","M","?","?","$","R","E","R","T","R","M","R","E","M","R"],"character_chosen":"DEFECT","items_purchased":["FTL","Fusion","Lockon","Static Discharge","Master of Strategy"],"gold_per_floor":[118,118,8,8,18,43,118,153,153,163,163,180,180,205,205,306,306,325,344,344,524,20,20,50,50,50,50,69,69,104,124,124,124],"floor_reached":33,"campfire_rested":8,"playtime":2756,"item_purchase_floors":[3,22,22,22,22],"current_hp_per_floor":[75,75,75,60,58,42,31,16,16,13,35,35,57,49,71,55,75,75,58,58,34,34,56,13,35,35,57,38,61,21,9,32,0],"items_purged":["Normality","Strike_B"],"gold":124,"score":366,"play_id":"3acccd5c-2c36-4804-b15e-afa734803b36","local_time":"20180608204115","is_prod":false,"is_daily":false,"chose_seed":false,"is_ascension_mode":true,"campfire_upgraded":0,"win_rate":0.0,"timestamp":1528515675,"campfire_choices":[{"floor":11,"key":"REST"},{"floor":13,"key":"REST"},{"floor":15,"key":"REST"},{"floor":23,"key":"REST"},{"floor":25,"key":"REST"},{"floor":27,"key":"REST"},{"floor":29,"key":"REST"},{"floor":32,"key":"REST"}],"path_taken":["M","?","$","?","M","E","?","E","T","M","R","M","R","E","R","BOSS","M","M","?","?","$","R","E","R","T","R","M","R","E","M","R","BOSS"],"build_version":"2018-05-31","seed_source_timestamp":878034367335415,"purchased_purges":2,"victory":false,"master_deck":["Strike_B","Strike_B","Strike_B","Defend_B+1","Defend_B","Defend_B+1","Defend_B","Zap","Dualcast","Streamline","Doom and Gloom","FTL","Gash","Gash","Rainbow","Capacitor","Capacitor","Compile Driver","Redo","Seek","Barrage","All For One","Loop","Gash","Fusion","Lockon","Static Discharge","Master of Strategy","Force Field+1","Stack","Genetic Algorithm+1","Electrodynamics","Gash","Consume+1","Self Repair+1","Gash+1"],"max_hp_per_floor":[75,75,75,75,75,75,75,75,75,75,75,75,75,75,75,75,75,75,75,75,75,75,75,75,75,75,75,77,77,77,77,77,77],"relics":["Cracked Core","Blue Candle","Dream Catcher","Bottled Lightning","Mercury Hourglass","Unceasing Top","Philosopher\u0027s Stone","Singing Bowl","Question Card","Bottled Tornado","Ice Cream"],"card_choices":[{"not_picked":["Ball Lightning","Hologram"],"picked":"Streamline","floor":0},{"not_picked":["Compile Driver","Gash"],"picked":"Doom and Gloom","floor":1},{"not_picked":["Stack","Beam Cell"],"picked":"Gash","floor":5},{"not_picked":["Compile Driver","Coolheaded"],"picked":"Gash","floor":6},{"not_picked":["Fusion","Stack"],"picked":"Rainbow","floor":8},{"not_picked":["Compile Driver","Coolheaded"],"picked":"Capacitor","floor":10},{"not_picked":["Compile Driver","Go for the Eyes"],"picked":"Capacitor","floor":11},{"not_picked":["Ball Lightning","Storm"],"picked":"Compile Driver","floor":12},{"not_picked":["Stack","Streamline"],"picked":"Redo","floor":13},{"not_picked":["Redo","Conserve Battery"],"picked":"Seek","floor":14},{"not_picked":["Hologram","Beam Cell"],"picked":"Barrage","floor":15},{"not_picked":["Multi-Cast","Seek"],"picked":"All For One","floor":16},{"not_picked":["Steam","Barrage"],"picked":"Loop","floor":18},{"not_picked":["Beam Cell","Compile Driver"],"picked":"Gash","floor":19},{"not_picked":["Barrage","Self Repair"],"picked":"Force Field+1","floor":23},{"not_picked":["Coolheaded","Leap"],"picked":"Stack","floor":24},{"not_picked":["Barrage","Cold Snap","Compile Driver"],"picked":"Genetic Algorithm+1","floor":25},{"not_picked":["Cold Snap","Compile Driver","Genetic Algorithm+1"],"picked":"Electrodynamics","floor":27},{"not_picked":["Compile Driver+1","Stack","Go for the Eyes","Lockon+1"],"picked":"Singing Bowl","floor":28},{"not_picked":["Blizzard","Coolheaded","Hologram"],"picked":"Gash","floor":29},{"not_picked":["Beam Cell+1","Amplify","Thunder Strike"],"picked":"Consume+1","floor":30},{"not_picked":["Coolheaded","Consume","Leap"],"picked":"Self Repair+1","floor":31},{"not_picked":["Compile Driver","Hologram","Steam"],"picked":"Gash+1","floor":32}],"player_experience":568763,"potions_floor_usage":[14,16,24,33,33],"damage_taken":[{"damage":0,"enemies":"Cultist","floor":1,"turns":3},{"damage":2,"enemies":"Small Slimes","floor":5,"turns":2},{"damage":16,"enemies":"3 Sentries","floor":6,"turns":5},{"damage":15,"enemies":"Gremlin Nob","floor":8,"turns":4},{"damage":3,"enemies":"Jaw Worm","floor":10,"turns":2},{"damage":0,"enemies":"2 Fungi Beasts","floor":12,"turns":2},{"damage":8,"enemies":"3 Sentries","floor":14,"turns":3},{"damage":16,"enemies":"The Guardian","floor":16,"turns":8},{"damage":0,"enemies":"Spheric Guardian","floor":18,"turns":3},{"damage":17,"enemies":"2 Thieves","floor":19,"turns":3},{"damage":55,"enemies":"Gremlin Leader","floor":24,"turns":5},{"damage":21,"enemies":"Snake Plant","floor":28,"turns":3},{"damage":40,"enemies":"Slavers","floor":30,"turns":4},{"damage":12,"enemies":"Snecko","floor":31,"turns":3},{"damage":41,"enemies":"Automaton","floor":33,"turns":6}],"relics_obtained":[{"floor":6,"key":"Dream Catcher"},{"floor":8,"key":"Bottled Lightning"},{"floor":9,"key":"Mercury Hourglass"},{"floor":14,"key":"Unceasing Top"},{"floor":24,"key":"Question Card"},{"floor":26,"key":"Bottled Tornado"},{"floor":30,"key":"Ice Cream"}],"event_choices":[{"event_name":"Accursed Blacksmith","player_choice":"Rummage","floor":2,"damage_taken":0},{"event_name":"Shining Light","player_choice":"Entered Light","floor":4,"damage_taken":0},{"event_name":"World of Goop","player_choice":"Gather Gold","floor":7,"damage_taken":0},{"event_name":"The Mausoleum","player_choice":"Yes","floor":20,"damage_taken":0},{"event_name":"Knowing Skull","player_choice":"GOLD GOLD ","floor":21,"damage_taken":0}],"boss_relics":[{"not_picked":["Tiny House","Lizard Tail"],"picked":"Philosopher\u0027s Stone"}],"items_purged_floors":[3,22],"potions_floor_spawned":[8,10,12,14,24,28,30],"seed_played":"4978918293750813348","killed_by":"Automaton","ascension_level":1,"potions_obtained":[{"floor":8,"key":"Regen Potion"},{"floor":10,"key":"AttackPotion"},{"floor":12,"key":"Block Potion"},{"floor":14,"key":"SneckoOil"},{"floor":24,"key":"Strength Potion"},{"floor":28,"key":"FearPotion"},{"floor":30,"key":"FearPotion"}],"is_trial":false}