{"path_per_floor":["M","?","M","M","$","R","M","M","T","T","?","M","M","M","R","B",null,"M","M","?","?","$","E","?","R","T","$","R","M","R","?","R"],"character_chosen":"THE_SILENT","items_purchased":["Unload","Deadly Poison","Master of Strategy","Noxious Fumes","Snake Skull"],"gold_per_floor":[109,109,125,139,69,69,52,70,95,141,141,157,182,200,200,326,326,344,313,313,238,21,57,57,57,357,132,132,156,156,156,156],"floor_reached":33,"campfire_rested":2,"playtime":3265,"current_hp_per_floor":[70,70,70,70,70,70,68,68,68,68,68,66,65,61,61,39,70,70,60,49,49,49,24,24,24,24,24,38,25,25,25,39],"items_purged":[],"gold":156,"play_id":"b6c6b2d8-a4ef-4911-bab4-eb4ba4d03f11","is_prod":false,"is_daily":false,"is_ascension_mode":false,"campfire_upgraded":2,"path_taken":["M","?","M","M","$","R","M","M","T","?","?","?","M","?","R","BOSS","M","M","?","?","$","E","?","R","T","$","R","M","R","?","R","BOSS"],"build_version":"2018-02-01-PROD3","purchased_purges":0,"victory":false,"master_deck":["Defend_G","Defend_G","Defend_G","Defend_G","Defend_G","Survivor","Neutralize+1","Flying Knee","Doppelganger+1","Crippling Poison","Unload","Slice","Flechettes","Bullet Time","Dash","Poisoned Stab+1","Glass Knife","Dagger Spray","Backstab","Backflip","Dodge and Roll","Malaise","Bullet Time","Quick Slash","Bite","Bite","Bite","Bite","Bite","Deadly Poison","Master of Strategy","Outmaneuver","Noxious Fumes","Caltrops+1"],"max_hp_per_floor":[70,70,70,70,70,70,70,70,70,70,70,70,70,70,70,70,70,70,70,49,49,49,49,49,49,49,49,49,49,49,49,49],"relics":["Ring of the Snake","Bronze Scales","Happy Flower","Anchor","Bloody Idol","Orrery","Girya","Old Coin","Snake Skull"],"card_choices":[{"not_picked":["Predator","Deadly Poison"],"picked":"Flying Knee"},{"not_picked":["Dagger Spray","Acrobatics"],"picked":"Doppelganger"},{"not_picked":["Acrobatics","Dagger Spray"],"picked":"Crippling Poison"},{"not_picked":["Dagger Spray","Flying Knee"],"picked":"Slice"},{"not_picked":["Dagger Spray","Endless Agony"],"picked":"Flechettes"},{"not_picked":["Quick Slash","Catalyst"],"picked":"Bullet Time"},{"not_picked":["Endless Agony","Escape Plan"],"picked":"Dash"},{"not_picked":["Deadly Poison","Slice"],"picked":"Poisoned Stab"},{"not_picked":["Phantasmal Killer","After Image"],"picked":"Glass Knife"},{"not_picked":["Flechettes","Eviscerate"],"picked":"Dagger Spray"},{"not_picked":["Eviscerate","Dagger Throw"],"picked":"Backstab"},{"not_picked":["Deadly Poison","Acrobatics"],"picked":"Backflip"},{"not_picked":["Dagger Spray","Eviscerate"],"picked":"Dodge and Roll"},{"not_picked":["Quick Slash","PiercingWail"],"picked":"Malaise"},{"not_picked":["Malaise","Quick Slash"],"picked":"Bullet Time"},{"not_picked":["Distraction","Poisoned Stab"],"picked":"Quick Slash"},{"not_picked":["Escape Plan","Flechettes"],"picked":"Outmaneuver"},{"not_picked":["Crippling Poison","Backflip"],"picked":"Caltrops"}],"player_experience":62479,"potions_floor_usage":[],"damage_taken":[{"damage":0,"enemies":"Cultist","floor":1,"turns":5},{"damage":0,"enemies":"Blue Slaver","floor":3,"turns":4},{"damage":0,"enemies":"Jaw Worm","floor":4,"turns":3},{"damage":2,"enemies":"Exordium Thugs","floor":7,"turns":5},{"damage":0,"enemies":"Large Slime","floor":8,"turns":6},{"damage":2,"enemies":"Looter","floor":12,"turns":3},{"damage":1,"enemies":"Lots of Slimes","floor":13,"turns":3},{"damage":4,"enemies":"Red Slaver","floor":14,"turns":4},{"damage":22,"enemies":"Hexaghost","floor":16,"turns":9},{"damage":0,"enemies":"Shell Parasite","floor":18,"turns":4},{"damage":10,"enemies":"2 Thieves","floor":19,"turns":5},{"damage":31,"enemies":"Slavers","floor":23,"turns":4},{"damage":19,"enemies":"Snecko","floor":29,"turns":5},{"damage":50,"enemies":"Collector","floor":33,"turns":3}],"event_choices":[{"event_name":"Accursed Blacksmith","player_choice":"Forge","floor":2,"damage_taken":0},{"event_name":"Golden Idol","player_choice":"Take Wound","floor":11,"damage_taken":0},{"event_name":"Vampires","player_choice":"Became a vampire","floor":20,"damage_taken":0},{"event_name":"Beggar","player_choice":"Gave Gold","floor":21,"damage_taken":0},{"event_name":"Addict","player_choice":"Ignored","floor":24,"damage_taken":0},{"event_name":"Forgotten Altar","player_choice":"Gave Idol","floor":31,"damage_taken":0}],"boss_relics":[{"not_picked":["Tiny House","Astrolabe"],"picked":"Orrery"}],"potions_floor_spawned":[1,4,7,12,23,29],"seed_played":"50506356984111996","killed_by":"Collector","ascension_level":0,"is_trial":false}