{"path_per_floor":["M","?","$","M","?","E","R","E","T","E","R","M","R","M","R","B",null,"M","$","?","M","?","E","R","E","T","R","?","E","?","M","R","B",null,"M","?","$","M","T","R","M","R","T"],"character_chosen":"DEFECT","items_purchased":["Conserve Battery","Static Discharge","Storm","Apotheosis","Bottled Tornado"],"gold_per_floor":[112,187,57,71,71,102,102,128,151,181,181,191,191,209,209,312,312,327,219,219,229,329,361,361,394,424,424,339,364,287,303,303,404,404,422,422,74,84,108,108,122,122,122,122],"floor_reached":44,"campfire_rested":8,"playtime":5533,"item_purchase_floors":[3,3,19,37,37],"current_hp_per_floor":[71,60,60,55,55,35,57,45,45,27,49,49,71,70,70,39,75,69,69,69,51,51,13,35,24,24,46,46,23,23,11,33,24,75,54,54,54,26,26,48,31,53,53,0],"items_purged":["Strike_B"],"gold":122,"score":529,"play_id":"68cbe668-03ab-491d-8148-6deb2e3cc22f","local_time":"20180609153728","is_prod":false,"is_daily":false,"chose_seed":false,"is_ascension_mode":true,"campfire_upgraded":1,"win_rate":0.0,"timestamp":1528583848,"campfire_choices":[{"floor":7,"key":"REST"},{"floor":11,"key":"REST"},{"floor":13,"key":"REST"},{"data":"Static Discharge","floor":15,"key":"SMITH"},{"floor":24,"key":"REST"},{"floor":27,"key":"REST"},{"floor":32,"key":"REST"},{"floor":40,"key":"REST"},{"floor":42,"key":"REST"}],"path_taken":["M","?","?","M","?","E","R","E","T","E","R","?","R","M","R","BOSS","M","$","?","M","?","E","R","E","T","R","?","E","?","M","R","BOSS","M","?","$","M","?","R","M","R","T","E"],"build_version":"2018-05-31","seed_source_timestamp":890998509834327,"purchased_purges":1,"victory":false,"master_deck":["Strike_B+1","Strike_B+1","Defend_B","Defend_B","Defend_B","Defend_B","Zap","Dualcast","Fission","Undo","Conserve Battery","Static Discharge+1","BootSequence","Double Energy","Conserve Battery","Ball Lightning","Doom and Gloom","Melter","Electrodynamics","Hologram+1","Storm","Reinforced Body","Creative AI","Force Field","Conserve Battery+1","Fusion","J.A.X.","Glacier","Steam","Buffer","Tempest","Apotheosis","Hologram","Reprogram+1","Redo+1"],"max_hp_per_floor":[75,75,75,75,75,75,75,75,75,75,75,75,75,75,75,75,75,75,75,75,75,75,75,75,75,75,75,75,75,75,75,75,75,75,75,75,75,75,75,75,75,75,75,75],"relics":["Cracked Core","Art of War","Bag of Preparation","Potion Belt","Whetstone","Philosopher\u0027s Stone","Juzu Bracelet","The Courier","Tiny Chest","Dream Catcher","Lantern","Velvet Choker","Bottled Tornado","Oddly Smooth Stone","Darkstone Periapt"],"card_choices":[{"not_picked":["Self Repair","Steam Power"],"picked":"Undo","floor":1},{"not_picked":["Consume","Redo"],"picked":"BootSequence","floor":4},{"not_picked":["Sweeping Beam","Capacitor"],"picked":"Double Energy","floor":6},{"not_picked":["Biased Cognition","BootSequence"],"picked":"Conserve Battery","floor":8},{"not_picked":["Go for the Eyes","Stack"],"picked":"Ball Lightning","floor":10},{"not_picked":["Sweeping Beam","Conserve Battery"],"picked":"Doom and Gloom","floor":12},{"not_picked":["Hologram","Genetic Algorithm"],"picked":"Melter","floor":14},{"not_picked":["All For One","Amplify"],"picked":"Electrodynamics","floor":16},{"not_picked":["Steam","Lockon"],"picked":"Hologram+1","floor":18},{"not_picked":["Go for the Eyes","Beam Cell","Sweeping Beam"],"picked":"SKIP","floor":21},{"not_picked":["Reboot","Gash"],"picked":"Force Field","floor":23},{"not_picked":["Streamline","White Noise"],"picked":"Conserve Battery+1","floor":25},{"not_picked":["Steam Power","Barrage"],"picked":"Fusion","floor":29},{"not_picked":["Darkness","Cold Snap+1"],"picked":"Glacier","floor":31},{"not_picked":["Steam Power","Beam Cell"],"picked":"Steam","floor":32},{"not_picked":["Thunder Strike","Rainbow"],"picked":"Buffer","floor":33},{"not_picked":["FTL+1","Go for the Eyes+1"],"picked":"Tempest","floor":35},{"not_picked":["Leap","Steam"],"picked":"Hologram","floor":38},{"not_picked":["Gash","Fusion+1"],"picked":"Reprogram+1","floor":40},{"not_picked":["Ball Lightning","Blizzard","Sweeping Beam"],"picked":"SKIP","floor":41},{"not_picked":["Blizzard","Ball Lightning"],"picked":"Redo+1","floor":42}],"player_experience":571519,"potions_floor_usage":[10,10,25,33,38,44],"damage_taken":[{"damage":4,"enemies":"2 Louse","floor":1,"turns":4},{"damage":5,"enemies":"Small Slimes","floor":4,"turns":4},{"damage":20,"enemies":"3 Sentries","floor":6,"turns":9},{"damage":12,"enemies":"Lagavulin","floor":8,"turns":9},{"damage":18,"enemies":"Gremlin Nob","floor":10,"turns":6},{"damage":0,"enemies":"Cultist","floor":12,"turns":4},{"damage":1,"enemies":"3 Louse","floor":14,"turns":3},{"damage":31,"enemies":"Hexaghost","floor":16,"turns":11},{"damage":6,"enemies":"2 Thieves","floor":18,"turns":3},{"damage":18,"enemies":"Chosen","floor":21,"turns":6},{"damage":38,"enemies":"Book of Stabbing","floor":23,"turns":6},{"damage":11,"enemies":"Slavers","floor":25,"turns":3},{"damage":23,"enemies":"Book of Stabbing","floor":29,"turns":5},{"damage":12,"enemies":"Snake Plant","floor":31,"turns":5},{"damage":9,"enemies":"Automaton","floor":33,"turns":9},{"damage":21,"enemies":"3 Shapes","floor":35,"turns":6},{"damage":28,"enemies":"3 Darklings","floor":38,"turns":5},{"damage":17,"enemies":"Maw","floor":41,"turns":9},{"damage":58,"enemies":"Giant Head","floor":44,"turns":10}],"relics_obtained":[{"floor":6,"key":"Art of War"},{"floor":8,"key":"Bag of Preparation"},{"floor":9,"key":"Potion Belt"},{"floor":10,"key":"Whetstone"},{"floor":23,"key":"Juzu Bracelet"},{"floor":25,"key":"The Courier"},{"floor":26,"key":"Tiny Chest"},{"floor":29,"key":"Lantern"},{"floor":39,"key":"Oddly Smooth Stone"},{"floor":43,"key":"Darkstone Periapt"}],"event_choices":[{"event_name":"World of Goop","player_choice":"Gather Gold","floor":2,"damage_taken":0},{"event_name":"Liars Game","player_choice":"disagreed","floor":5,"damage_taken":0},{"event_name":"Match and Keep!","player_choice":"2 cards matched","floor":20,"damage_taken":0},{"event_name":"Golden Shrine","player_choice":"Pray","floor":22,"damage_taken":0},{"event_name":"Addict","player_choice":"Obtained Relic","floor":28,"damage_taken":0},{"event_name":"Drug Dealer","player_choice":"Got JAXXED","floor":30,"damage_taken":0},{"event_name":"SecretPortal","player_choice":"Rejected Portal.","floor":36,"damage_taken":0}],"boss_relics":[{"not_picked":["Orrery","Astrolabe"],"picked":"Philosopher\u0027s Stone"},{"not_picked":["Runic Dome","Tiny House"],"picked":"Velvet Choker"}],"items_purged_floors":[19],"potions_floor_spawned":[1,8,10,23,31,33,35],"seed_played":"-6972555039485130756","killed_by":"Giant Head","ascension_level":1,"potions_obtained":[{"floor":1,"key":"Dexterity Potion"},{"floor":8,"key":"LiquidBronze"},{"floor":10,"key":"SpeedPotion"},{"floor":23,"key":"SteroidPotion"},{"floor":31,"key":"Swift Potion"},{"floor":33,"key":"Poison Potion"},{"floor":35,"key":"Explosive Potion"}],"is_trial":false}