{"gold_per_floor":[13,25,25,25,41,372,372,382,382,398,415,429,429,407,407,508,508,527,541,541],"floor_reached":20,"playtime":756,"items_purged":[],"score":221,"play_id":"afd3c4c7-d85d-48b9-bba9-5b24d4f41b2b","local_time":"20191028124556","is_ascension_mode":true,"campfire_choices":[{"floor":7,"key":"RECALL"},{"floor":13,"key":"REST"},{"data":"Spot Weakness","floor":15,"key":"SMITH"}],"neow_cost":"NO_GOLD","seed_source_timestamp":614416258960212,"circlet_count":0,"master_deck":["Strike_R","Strike_R","Strike_R","Strike_R","Strike_R","Defend_R","Defend_R","Defend_R","Defend_R","Bash","Dropkick","Spot Weakness+1","Carnage","Anger","Rupture","Perfected Strike","Wild Strike","Perfected Strike","Feed","Bloodletting","Power Through"],"relics":["Burning Blood","Old Coin","Gremlin Horn","Mark of Pain"],"potions_floor_usage":[6,8,18,18,20],"damage_taken":[{"damage":15,"enemies":"Cultist","floor":1,"turns":5},{"damage":7,"enemies":"Jaw Worm","floor":2,"turns":5},{"damage":12,"enemies":"Small Slimes","floor":5,"turns":2},{"damage":10,"enemies":"Gremlin Nob","floor":6,"turns":3},{"damage":8,"enemies":"Exordium Thugs","floor":8,"turns":4},{"damage":20,"enemies":"3 Louse","floor":10,"turns":2},{"damage":0,"enemies":"Large Slime","floor":11,"turns":3},{"damage":6,"enemies":"Blue Slaver","floor":12,"turns":3},{"damage":33,"enemies":"Slime Boss","floor":16,"turns":8},{"damage":22,"enemies":"Spheric Guardian","floor":18,"turns":4},{"damage":45,"enemies":"3 Byrds","floor":19,"turns":5},{"damage":44,"enemies":"Snake Plant","floor":20,"turns":4}],"seed_played":"6937323041003900727","potions_obtained":[{"floor":1,"key":"Fire Potion"},{"floor":5,"key":"ColorlessPotion"},{"floor":11,"key":"SpeedPotion"},{"floor":12,"key":"SkillPotion"},{"floor":18,"key":"ColorlessPotion"}],"is_trial":false,"path_per_floor":["M","M","$","T","M","E","R","M","T","M","M","M","R","?","R","B",null,"M","M","M"],"character_chosen":"IRONCLAD","items_purchased":[],"campfire_rested":1,"item_purchase_floors":[],"current_hp_per_floor":[87,86,86,86,80,76,76,74,74,60,66,66,94,94,94,67,96,80,41,0],"gold":541,"neow_bonus":"TWENTY_PERCENT_HP_BONUS","is_prod":false,"is_daily":false,"chose_seed":false,"campfire_upgraded":1,"win_rate":0,"timestamp":1572277556,"path_taken":["M","M","$","?","M","E","R","M","T","M","M","M","R","?","R","BOSS","M","M","M"],"build_version":"2019-10-25-V3","purchased_purges":0,"victory":false,"max_hp_per_floor":[96,96,96,96,96,96,96,96,96,96,96,96,96,96,96,96,96,96,96,96],"card_choices":[{"not_picked":["Bloodletting","Rampage"],"picked":"Dropkick","floor":1},{"not_picked":["Clash","Cleave"],"picked":"Spot Weakness","floor":2},{"not_picked":["Clothesline","Armaments"],"picked":"Carnage","floor":5},{"not_picked":["Warcry","Intimidate"],"picked":"Anger","floor":6},{"not_picked":["Burning Pact","Sword Boomerang"],"picked":"Rupture","floor":8},{"not_picked":["Pommel Strike","Rage"],"picked":"Perfected Strike","floor":10},{"not_picked":["Sword Boomerang","Metallicize"],"picked":"Wild Strike","floor":11},{"not_picked":["Clothesline","Warcry"],"picked":"Perfected Strike","floor":12},{"not_picked":["Fiend Fire","Berserk"],"picked":"Feed","floor":16},{"not_picked":["Perfected Strike","Infernal Blade"],"picked":"Bloodletting","floor":18},{"not_picked":["Armaments","Sword Boomerang+1"],"picked":"Power Through","floor":19}],"player_experience":489506,"relics_obtained":[{"floor":6,"key":"Old Coin"},{"floor":9,"key":"Gremlin Horn"}],"event_choices":[{"damage_healed":0,"gold_gain":0,"player_choice":"Left Gold","damage_taken":0,"max_hp_gain":0,"max_hp_loss":0,"event_name":"World of Goop","floor":14,"gold_loss":22}],"is_beta":true,"boss_relics":[{"not_picked":["Snecko Eye","Black Blood"],"picked":"Mark of Pain"}],"items_purged_floors":[],"is_endless":false,"potions_floor_spawned":[1,5,11,12,18],"killed_by":"Snake Plant","ascension_level":2}