{"gold_per_floor":[109,109,109,128,146,146,170,170,196,196,220,220,251,278,290,302],"floor_reached":16,"playtime":1334,"items_purged":[],"score":168,"play_id":"d3b2f2ad-5a57-4229-bfc0-e49cde93918b","local_time":"20181204231035","is_ascension_mode":true,"campfire_choices":[{"floor":6,"key":"RECALL"},{"data":"Neutralize","floor":8,"key":"SMITH"},{"data":"Forethought","floor":10,"key":"SMITH"},{"floor":12,"key":"REST"},{"floor":15,"key":"REST"}],"neow_cost":"NONE","seed_source_timestamp":0,"circlet_count":0,"master_deck":["AscendersBane","Defend_G","Defend_G","Defend_G","Defend_G","Defend_G","Strike_G","Strike_G","Strike_G","Strike_G","Strike_G","Survivor","Neutralize+1","Forethought+1","Footwork","Poisoned Stab","All Out Attack","Deflect","Dodge and Roll","Expertise","Dash"],"special_seed":0,"relics":["Ring of the Snake","Golden Idol","Lantern","MawBank"],"potions_floor_usage":[13,16],"damage_taken":[{"damage":1.0,"enemies":"Jaw Worm","floor":1.0,"turns":6.0},{"damage":0,"enemies":"Cultist","floor":4,"turns":5},{"damage":2,"enemies":"2 Louse","floor":5,"turns":3},{"damage":2,"enemies":"Blue Slaver","floor":7,"turns":5},{"damage":6,"enemies":"Exordium Thugs","floor":11,"turns":6},{"damage":8,"enemies":"Lagavulin","floor":13,"turns":11},{"damage":14,"enemies":"Gremlin Gang","floor":14,"turns":5},{"damage":62,"enemies":"Hexaghost","floor":16,"turns":21}],"seed_played":"1697498130314895369","potions_obtained":[{"floor":4,"key":"EssenceOfSteel"},{"floor":7,"key":"Weak Potion"},{"floor":13,"key":"Ancient Potion"}],"is_trial":false,"path_per_floor":["M","?","T","M","M","R","M","R","T","R","M","R","E","M","R","B"],"character_chosen":"THE_SILENT","items_purchased":[],"campfire_rested":2,"item_purchase_floors":[],"current_hp_per_floor":[62,45,45,45,43,43,41,41,41,41,35,56,48,34,55,0],"gold":302,"neow_bonus":"RANDOM_COLORLESS","is_prod":false,"is_daily":false,"chose_seed":false,"campfire_upgraded":2,"win_rate":0,"timestamp":1543983035,"path_taken":["M","?","?","?","M","R","M","R","T","R","M","R","E","M","R","BOSS"],"build_version":"2018-11-15","purchased_purges":0,"victory":false,"max_hp_per_floor":[70,70,70,70,70,70,70,70,70,70,70,70,70,70,70,70],"card_choices":[{"not_picked":["Backstab","Expertise"],"picked":"Footwork","floor":1.0},{"not_picked":["Catalyst","Outmaneuver"],"picked":"Poisoned Stab","floor":4},{"not_picked":["Deflect","Blade Dance"],"picked":"All Out Attack","floor":5},{"not_picked":["PiercingWail","Prepared"],"picked":"Deflect","floor":7},{"not_picked":["Concentrate","Sucker Punch"],"picked":"Dodge and Roll","floor":11},{"not_picked":["Bane","Riddle With Holes"],"picked":"Expertise","floor":13},{"not_picked":["Dagger Throw","Backstab"],"picked":"Dash","floor":14}],"player_experience":2042537,"relics_obtained":[{"floor":3.0,"key":"Lantern"},{"floor":13,"key":"MawBank"}],"event_choices":[{"damage_healed":0.0,"max_hp_gain":0.0,"max_hp_loss":0.0,"gold_gain":0.0,"event_name":"Golden Idol","player_choice":"Take Damage","floor":2.0,"gold_loss":0.0,"damage_taken":17.0,"relics_obtained":["Golden Idol"]}],"is_beta":false,"boss_relics":[],"items_purged_floors":[],"is_endless":false,"potions_floor_spawned":[4,7,11,13,14],"killed_by":"Hexaghost","ascension_level":13}