{"gold_per_floor":[11,21,21,40,55,86,102,113,165,165,178,178,178,208,208,282,282,297,297,329,25,0],"floor_reached":22,"playtime":2360,"items_purged":[],"score":392,"play_id":"a7cb1863-2df8-417c-9ee0-7cefa2c9de62","local_time":"20190809235317","is_ascension_mode":true,"campfire_choices":[{"data":"Intimidate","floor":10,"key":"SMITH"},{"data":"Burning Pact","floor":13,"key":"SMITH"},{"floor":15,"key":"REST"}],"neow_cost":"NO_GOLD","seed_source_timestamp":564774780153386,"circlet_count":0,"master_deck":["AscendersBane","Strike_R","Strike_R","Strike_R","Strike_R","Defend_R","Defend_R","Defend_R","Bash","Impervious","Burning Pact+1","Whirlwind","Carnage","Intimidate+1","Flame Barrier","Anger","Blood for Blood","Rage","Flame Barrier","Juggernaut","Shrug It Off+1","Cleave","Clothesline"],"relics":["Burning Blood","Red Skull","Dream Catcher","Pantograph","Runic Dome","Red Mask","Membership Card"],"potions_floor_usage":[6,11,14,16,22],"damage_taken":[{"damage":7,"enemies":"Cultist","floor":1,"turns":5},{"damage":0,"enemies":"2 Louse","floor":2,"turns":4},{"damage":12,"enemies":"Jaw Worm","floor":4,"turns":5},{"damage":11,"enemies":"Exordium Wildlife","floor":5,"turns":4},{"damage":29,"enemies":"Gremlin Nob","floor":6,"turns":4},{"damage":8,"enemies":"Blue Slaver","floor":7,"turns":4},{"damage":2,"enemies":"Red Slaver","floor":8,"turns":3},{"damage":2,"enemies":"Gremlin Gang","floor":11,"turns":2},{"damage":28,"enemies":"Lagavulin","floor":14,"turns":6},{"damage":62,"enemies":"Hexaghost","floor":16,"turns":9},{"damage":18,"enemies":"Spheric Guardian","floor":18,"turns":5},{"damage":46,"enemies":"Masked Bandits","floor":20,"turns":5},{"damage":16,"enemies":"2 Thieves","floor":22,"turns":1}],"seed_played":"-1394557826281765076","potions_obtained":[{"floor":3,"key":"Fire Potion"},{"floor":3,"key":"Explosive Potion"},{"floor":6,"key":"Dexterity Potion"},{"floor":14,"key":"Swift Potion"}],"is_trial":false,"path_per_floor":["M","M","?","M","M","E","M","M","T","R","M","?","R","E","R","B",null,"M","?","?","$","M"],"character_chosen":"IRONCLAD","items_purchased":["BloodPotion","Membership Card","Clothesline"],"campfire_rested":1,"item_purchase_floors":[21,21,21],"current_hp_per_floor":[67,73,73,67,62,39,37,41,41,41,45,45,45,23,45,14,60,48,48,8,8,0],"gold":0,"neow_bonus":"TRANSFORM_TWO_CARDS","is_prod":false,"is_daily":false,"chose_seed":false,"campfire_upgraded":2,"win_rate":0,"timestamp":1565409197,"path_taken":["M","M","?","M","M","E","?","M","T","R","M","?","R","E","R","BOSS","M","?","?","?","M"],"build_version":"2019-01-23","purchased_purges":0,"victory":false,"max_hp_per_floor":[75,75,75,75,75,75,75,75,75,75,75,75,75,75,75,75,75,75,75,75,75,75],"card_choices":[{"not_picked":["Heavy Blade","Cleave"],"picked":"Whirlwind","floor":1},{"not_picked":["Twin Strike","Clothesline"],"picked":"Carnage","floor":2},{"not_picked":["Wild Strike","Clothesline"],"picked":"Intimidate","floor":4},{"not_picked":["Thunderclap","Pummel"],"picked":"Flame Barrier","floor":5},{"not_picked":["Twin Strike","Headbutt"],"picked":"Anger","floor":7},{"not_picked":["Berserk","Warcry"],"picked":"Blood for Blood","floor":8},{"not_picked":["Twin Strike","Clash","Entrench"],"picked":"SKIP","floor":11},{"not_picked":["Thunderclap","Body Slam"],"picked":"Rage","floor":14},{"not_picked":["Exhume","Armaments"],"picked":"Flame Barrier","floor":15},{"not_picked":["Bludgeon","Exhume"],"picked":"Juggernaut","floor":16},{"not_picked":["Infernal Blade","Body Slam"],"picked":"Shrug It Off+1","floor":18},{"not_picked":["Hemokinesis","Corruption"],"picked":"Cleave","floor":20}],"player_experience":2772940,"relics_obtained":[{"floor":6,"key":"Red Skull"},{"floor":9,"key":"Dream Catcher"},{"floor":14,"key":"Pantograph"},{"floor":20,"key":"Red Mask"}],"event_choices":[{"damage_healed":0,"gold_gain":0,"player_choice":"Got Potions","damage_taken":0,"max_hp_gain":0,"max_hp_loss":0,"event_name":"Lab","floor":3,"gold_loss":0},{"damage_healed":0,"gold_gain":0,"player_choice":"Ignored","damage_taken":0,"max_hp_gain":0,"max_hp_loss":0,"event_name":"Liars Game","floor":12,"gold_loss":0},{"damage_healed":0,"gold_gain":0,"player_choice":"Ignored","damage_taken":0,"max_hp_gain":0,"max_hp_loss":0,"event_name":"Vampires","floor":19,"gold_loss":0},{"damage_healed":0,"gold_gain":0,"player_choice":"Fought Bandits","damage_taken":0,"max_hp_gain":0,"max_hp_loss":0,"event_name":"Masked Bandits","floor":20,"gold_loss":0}],"is_beta":false,"boss_relics":[{"not_picked":["Empty Cage","Astrolabe"],"picked":"Runic Dome"}],"items_purged_floors":[],"is_endless":false,"potions_floor_spawned":[4,5,6,7,14],"killed_by":"2 Thieves","ascension_level":20}