{"gold_per_floor":[117,127,146,321,337,337,354,354,354,206,206,206,206,225,225,324,324,324,324,23,23,23,23,23,23,23,23,23,23,23,23,23,23],"floor_reached":33,"playtime":2480,"items_purged":["Doubt"],"score":383,"play_id":"f4024db3-d086-4b62-aee5-33d2c20c82b5","local_time":"20181010200904","is_ascension_mode":true,"campfire_choices":[{"data":"Zap","floor":6,"key":"SMITH"},{"floor":8,"key":"REST"},{"floor":13,"key":"REST"},{"data":"Chaos","floor":15,"key":"SMITH"},{"data":"Defragment","floor":23,"key":"SMITH"},{"floor":25,"key":"REST"},{"data":"Dualcast","floor":28,"key":"SMITH"},{"floor":32,"key":"REST"}],"neow_cost":"NONE","seed_source_timestamp":17729915227929,"circlet_count":0,"master_deck":["Strike_B","Strike_B","Strike_B","Defend_B","Defend_B","Defend_B","Zap+1","Dualcast+1","AscendersBane","Machine Learning","Ball Lightning","Conserve Battery","Chill","Chaos+1","Rebound","Sweeping Beam","Conserve Battery+1","Fission+1","Defragment+1","Ball Lightning","Defragment+1","Flash of Steel","Secret Weapon+1","Conserve Battery+1","Redo+1","Streamline+1","Amplify+1","Scrape+1","Gash"],"relics":["Cracked Core","Shuriken","Singing Bowl","Toxic Egg 2","Ectoplasm","Vajra","Old Coin"],"potions_floor_usage":[5,16,16,24,27],"damage_taken":[{"damage":5,"enemies":"Cultist","floor":1,"turns":4},{"damage":7,"enemies":"2 Louse","floor":2,"turns":2},{"damage":2,"enemies":"Jaw Worm","floor":3,"turns":3},{"damage":9,"enemies":"Lots of Slimes","floor":5,"turns":3},{"damage":11,"enemies":"Blue Slaver","floor":7,"turns":4},{"damage":1,"enemies":"3 Louse","floor":14,"turns":3},{"damage":10,"enemies":"Hexaghost","floor":16,"turns":9},{"damage":0,"enemies":"Spheric Guardian","floor":18,"turns":3},{"damage":11,"enemies":"Shell Parasite","floor":21,"turns":4},{"damage":23,"enemies":"Gremlin Leader","floor":24,"turns":5},{"damage":12,"enemies":"Chosen and Byrds","floor":27,"turns":6},{"damage":0,"enemies":"Shelled Parasite and Fungi","floor":30,"turns":4},{"damage":72,"enemies":"Champ","floor":33,"turns":7}],"seed_played":"9149602641618800410","potions_obtained":[{"floor":2,"key":"AttackPotion"},{"floor":7,"key":"SpeedPotion"},{"floor":14,"key":"LiquidBronze"},{"floor":21,"key":"SkillPotion"},{"floor":24,"key":"Block Potion"}],"is_trial":false,"path_per_floor":["M","M","M","?","M","R","M","R","T","$","T","?","R","M","R","B",null,"M","?","$","M","?","R","E","R","T","M","R","$","M","?","R"],"character_chosen":"DEFECT","items_purchased":["Rebound","Sweeping Beam","Flash of Steel","Secret Weapon+1","Conserve Battery+1"],"campfire_rested":4,"item_purchase_floors":[10,10,20,20,20],"current_hp_per_floor":[63,56,54,54,45,45,34,56,56,56,56,38,60,59,59,49,69,69,69,69,58,58,58,35,57,57,45,45,45,45,45,67,0],"gold":23,"neow_bonus":"ONE_RANDOM_RARE_CARD","is_prod":false,"is_daily":false,"chose_seed":false,"campfire_upgraded":4,"win_rate":0,"timestamp":1539216544,"path_taken":["M","?","M","?","?","R","M","R","T","$","?","?","R","M","R","BOSS","M","?","$","M","?","R","E","R","T","M","R","$","?","?","R","BOSS"],"build_version":"2018-10-04v2","purchased_purges":1,"victory":false,"max_hp_per_floor":[75,75,75,75,75,75,75,75,75,75,75,75,75,75,75,75,75,75,75,75,75,75,75,75,75,75,75,75,75,75,75,75,75],"card_choices":[{"not_picked":["Barrage","Beam Cell"],"picked":"Ball Lightning","floor":1},{"not_picked":["Redo","Barrage"],"picked":"Conserve Battery","floor":2},{"not_picked":["Storm","Heatsinks","Aggregate"],"picked":"SKIP","floor":3},{"not_picked":["Turbo","Streamline"],"picked":"Chill","floor":5},{"not_picked":["Steam","Rebound"],"picked":"Chaos","floor":7},{"not_picked":["Fission+1","Steam+1"],"picked":"Conserve Battery+1","floor":14},{"not_picked":["Hyperbeam","Meteor Strike"],"picked":"Fission+1","floor":16},{"not_picked":["Auto Shields+1","Cold Snap"],"picked":"Defragment+1","floor":18},{"not_picked":["Beam Cell","Gash"],"picked":"Redo+1","floor":21},{"not_picked":["Double Energy+1","Gash"],"picked":"Streamline+1","floor":24},{"not_picked":["Turbo+1","Beam Cell"],"picked":"Amplify+1","floor":27},{"not_picked":["Tempest+1","Rebound"],"picked":"Scrape+1","floor":30}],"player_experience":1832076,"relics_obtained":[{"floor":9,"key":"Shuriken"},{"floor":11,"key":"Singing Bowl"},{"floor":24,"key":"Vajra"},{"floor":26,"key":"Old Coin"}],"event_choices":[{"event_name":"Liars Game","player_choice":"agreed","floor":4,"damage_taken":0},{"event_name":"Scrap Ooze","player_choice":"success","floor":12,"damage_taken":18},{"event_name":"Drug Dealer","player_choice":"Became Test Subject","floor":19,"damage_taken":0},{"event_name":"Vampires","player_choice":"Ignored","floor":22,"damage_taken":0},{"event_name":"Match and Keep!","player_choice":"1 cards matched","floor":31,"damage_taken":0}],"is_beta":false,"boss_relics":[{"not_picked":["Busted Crown","Black Star"],"picked":"Ectoplasm"}],"items_purged_floors":[10],"is_endless":false,"potions_floor_spawned":[2,7,14,21,24],"killed_by":"Champ","ascension_level":10}