{"gold_per_floor":[119,131,151,163,0,0,15,15,15,15,15,50,69,85,85,189,189,207,218,233,245,262,262,262],"floor_reached":24,"playtime":1648,"items_purged":[],"score":229,"play_id":"73ca38e1-0d1d-4c17-8dae-fa53172a3d74","local_time":"20190703180116","is_ascension_mode":false,"campfire_choices":[{"floor":6,"key":"REST"},{"floor":8,"key":"REST"},{"floor":11,"key":"REST"},{"floor":15,"key":"REST"},{"floor":23,"key":"REST"}],"neow_cost":"NONE","seed_source_timestamp":793401411983832,"circlet_count":0,"master_deck":["Strike_B","Strike_B","Strike_B","Strike_B","Defend_B","Defend_B","Defend_B","Defend_B","Zap","Dualcast","Blind","Streamline","Ball Lightning","Rebound","Melter","Streamline","Conserve Battery","Rainbow","Streamline","Undo","Capacitor","Streamline","Multi-Cast","Streamline+1","Steam+1","Ball Lightning","Auto Shields","Seek"],"relics":["Cracked Core","Shuriken","Bottled Lightning","Nuclear Battery"],"potions_floor_usage":[18,21,21,21,22],"damage_taken":[{"damage":3,"enemies":"Jaw Worm","floor":1,"turns":4},{"damage":0,"enemies":"Cultist","floor":2,"turns":3},{"damage":12,"enemies":"Small Slimes","floor":3,"turns":3},{"damage":14,"enemies":"Exordium Thugs","floor":4,"turns":3},{"damage":37,"enemies":"Gremlin Gang","floor":7,"turns":4},{"damage":19,"enemies":"3 Sentries","floor":12,"turns":7},{"damage":0,"enemies":"Large Slime","floor":13,"turns":4},{"damage":15,"enemies":"Exordium Thugs","floor":14,"turns":5},{"damage":29,"enemies":"Hexaghost","floor":16,"turns":8},{"damage":11,"enemies":"3 Byrds","floor":18,"turns":4},{"damage":20,"enemies":"Shell Parasite","floor":19,"turns":4},{"damage":13,"enemies":"Chosen and Byrds","floor":20,"turns":7},{"damage":20,"enemies":"Centurion and Healer","floor":21,"turns":4},{"damage":0,"enemies":"Sentry and Sphere","floor":22,"turns":3},{"damage":41,"enemies":"Chosen and Byrds","floor":24,"turns":6}],"seed_played":"2126778669906207793","potions_obtained":[{"floor":3,"key":"SkillPotion"},{"floor":7,"key":"Ancient Potion"},{"floor":12,"key":"Swift Potion"},{"floor":18,"key":"SteroidPotion"},{"floor":20,"key":"EssenceOfSteel"},{"floor":21,"key":"FocusPotion"}],"is_trial":false,"path_per_floor":["M","M","M","M","$","R","M","R","T","?","R","E","M","M","R","B",null,"M","M","M","M","M","R","M"],"character_chosen":"DEFECT","items_purchased":["Streamline","Conserve Battery","Rainbow"],"campfire_rested":5,"item_purchase_floors":[5,5,5],"current_hp_per_floor":[72,72,60,46,46,68,31,53,53,53,75,56,56,41,63,34,75,64,44,31,11,11,33,0],"gold":262,"neow_bonus":"RANDOM_COLORLESS","is_prod":false,"is_daily":false,"chose_seed":false,"campfire_upgraded":0,"win_rate":0.0,"timestamp":1562187676,"path_taken":["M","M","M","M","$","R","M","R","T","?","R","E","M","M","R","BOSS","M","M","M","M","M","R","M"],"build_version":"2019-07-01","purchased_purges":0,"victory":false,"max_hp_per_floor":[75,75,75,75,75,75,75,75,75,75,75,75,75,75,75,75,75,75,75,75,75,75,75,75],"card_choices":[{"not_picked":["Gash","Hologram"],"picked":"Streamline","floor":1},{"not_picked":["Barrage","Coolheaded"],"picked":"Ball Lightning","floor":2},{"not_picked":["Hologram","Undo"],"picked":"Rebound","floor":3},{"not_picked":["Leap","Compile Driver"],"picked":"Melter","floor":4},{"not_picked":["Rebound","Lockon"],"picked":"Streamline","floor":7},{"not_picked":["Steam Power","Scrape"],"picked":"Undo","floor":12},{"not_picked":["Meteor Strike","Sweeping Beam"],"picked":"Capacitor","floor":13},{"not_picked":["Recycle","Cold Snap"],"picked":"Streamline","floor":14},{"not_picked":["Fission","Reboot"],"picked":"Multi-Cast","floor":16},{"not_picked":["Turbo","Leap+1"],"picked":"Streamline+1","floor":18},{"not_picked":["Go for the Eyes","Barrage"],"picked":"Steam+1","floor":19},{"not_picked":["Barrage","Heatsinks"],"picked":"Ball Lightning","floor":20},{"not_picked":["Hologram","Darkness"],"picked":"Auto Shields","floor":21},{"not_picked":["Gash+1","Hologram"],"picked":"Seek","floor":22}],"player_experience":79125,"relics_obtained":[{"floor":9,"key":"Shuriken"},{"floor":12,"key":"Bottled Lightning"}],"event_choices":[{"damage_healed":0,"gold_gain":0,"player_choice":"Leave","damage_taken":0,"max_hp_gain":0,"max_hp_loss":0,"event_name":"FaceTrader","floor":10,"gold_loss":0}],"is_beta":false,"boss_relics":[{"not_picked":["Empty Cage","Sozu"],"picked":"Nuclear Battery"}],"items_purged_floors":[],"is_endless":false,"potions_floor_spawned":[3,7,12,13,16,18,20,21],"killed_by":"Chosen and Byrds","ascension_level":0}