{"gold_per_floor":[115,85,85,95,112,112,112,112,136,164,182,182,214,232,232,334,334,353,370,172,186,63,63,91,91,91,19,19,19,39,54,54,150,150,169,128,0,12,60,60,93,93,117,146,48,68,79,93,93,93],"floor_reached":51,"playtime":5887,"items_purged":["Defend_B","Defend_B","Defend_B"],"score":769,"play_id":"26ba9d8a-735d-4fc9-906f-e0363da1c42c","local_time":"20180629111635","is_ascension_mode":true,"campfire_choices":[{"floor":6,"key":"REST"},{"data":"Dualcast","floor":8,"key":"SMITH"},{"floor":12,"key":"REST"},{"floor":15,"key":"REST"},{"floor":23,"key":"REST"},{"floor":25,"key":"REST"},{"floor":29,"key":"DIG"},{"data":"Buffer","floor":32,"key":"SMITH"},{"floor":40,"key":"DIG"},{"floor":42,"key":"DIG"},{"floor":49,"key":"REST"}],"neow_cost":"FIFTY_PERCENT_DAMAGE","seed_source_timestamp":1689820917689068,"circlet_count":0,"master_deck":["Strike_B+1","Zap","Dualcast+1","Melter+1","Compile Driver","Redo","BootSequence","Reprogram","Darkness","Tempest","Meteor Strike","Conserve Battery","Electrodynamics","Conserve Battery","Defragment+1","Buffer+1","Ball Lightning","Redo+1","Hologram","Steam","Chaos","Conserve Battery","Fusion","Ball Lightning+1","Echo Form","Undo+1","Tempest","Beam Cell+1","Steam+1","Redo","Dark Shackles","Meteor Strike","Redo+1","Redo+1","Compile Driver"],"relics":["Cracked Core","Pen Nib","Whetstone","Centennial Puzzle","Shovel","Philosopher\u0027s Stone","Dream Catcher","Smiling Mask","Oddly Smooth Stone","Fusion Hammer","Red Mask","Du-Vu Doll","Singing Bowl","Torii","Orichalcum","Bag of Marbles","Bronze Scales"],"potions_floor_usage":[13,16,16,16,21,21,30,33,33,33,38,41,48,48],"damage_taken":[{"damage":1,"enemies":"Jaw Worm","floor":1,"turns":3},{"damage":0,"enemies":"Cultist","floor":4,"turns":2},{"damage":0,"enemies":"Small Slimes","floor":5,"turns":2},{"damage":13,"enemies":"Gremlin Nob","floor":10,"turns":3},{"damage":5,"enemies":"3 Louse","floor":11,"turns":3},{"damage":11,"enemies":"3 Sentries","floor":13,"turns":5},{"damage":0,"enemies":"Large Slime","floor":14,"turns":2},{"damage":33,"enemies":"Hexaghost","floor":16,"turns":8},{"damage":14,"enemies":"2 Thieves","floor":18,"turns":3},{"damage":6,"enemies":"Shell Parasite","floor":19,"turns":4},{"damage":22,"enemies":"Snake Plant","floor":21,"turns":3},{"damage":21,"enemies":"Gremlin Leader","floor":24,"turns":4},{"damage":0,"enemies":"Cultist and Chosen","floor":30,"turns":5},{"damage":0,"enemies":"Chosen and Byrds","floor":31,"turns":3},{"damage":51,"enemies":"Champ","floor":33,"turns":9},{"damage":1,"enemies":"Orb Walker","floor":35,"turns":3},{"damage":4,"enemies":"3 Shapes","floor":38,"turns":3},{"damage":0,"floor":39,"turns":4},{"damage":8,"enemies":"Giant Head","floor":41,"turns":9},{"damage":8,"enemies":"Nemesis","floor":44,"turns":5},{"damage":0,"enemies":"Sphere and 2 Shapes","floor":46,"turns":3},{"damage":0,"enemies":"4 Shapes","floor":47,"turns":2},{"damage":7,"enemies":"Maw","floor":48,"turns":7},{"damage":54,"enemies":"Donu and Deca","floor":50,"turns":7}],"seed_played":"5820872777639323000","potions_obtained":[{"floor":2,"key":"Swift Potion"},{"floor":2,"key":"SpeedPotion"},{"floor":4,"key":"AttackPotion"},{"floor":10,"key":"Weak Potion"},{"floor":14,"key":"EssenceOfSteel"},{"floor":16,"key":"SpeedPotion"},{"floor":18,"key":"SkillPotion"},{"floor":24,"key":"EntropicBrew"},{"floor":33,"key":"SkillPotion"},{"floor":38,"key":"SpeedPotion"},{"floor":41,"key":"Swift Potion"},{"floor":47,"key":"Dexterity Potion"}],"is_trial":false,"path_per_floor":["M","?","?","M","M","R","?","R","T","E","M","R","E","M","R","B",null,"M","M","$","M","$","R","E","R","T","$","?","R","M","M","R","B",null,"M","$","?","M","?","R","E","R","T","E","$","M","M","M","R","B"],"character_chosen":"DEFECT","items_purchased":["Buffer","Ball Lightning","Hologram","Conserve Battery","Tempest","Dark Shackles"],"campfire_rested":6,"item_purchase_floors":[20,20,22,27,36,45],"current_hp_per_floor":[37,37,30,30,30,52,45,45,45,32,27,49,38,38,60,27,75,61,55,55,33,33,55,34,56,56,56,56,56,56,56,56,5,75,74,74,74,70,70,70,62,62,62,56,56,56,56,49,72,18],"gold":93,"neow_bonus":"TRANSFORM_TWO_CARDS","is_prod":false,"is_daily":false,"chose_seed":false,"campfire_upgraded":2,"win_rate":0.0,"timestamp":1530285395,"path_taken":["M","?","?","?","M","R","?","R","T","E","M","R","E","M","R","BOSS","M","?","$","M","$","R","E","R","T","$","?","R","M","M","R","BOSS","M","$","?","?","?","R","E","R","T","E","?","M","M","M","R","BOSS"],"build_version":"2018-06-21v2","purchased_purges":3,"victory":true,"max_hp_per_floor":[75,75,75,75,75,75,75,75,75,75,75,75,75,75,75,75,75,75,75,75,75,75,75,75,75,75,75,75,75,75,75,75,75,75,75,75,75,75,75,75,75,75,75,77,77,77,77,77,77,77],"card_choices":[{"not_picked":["Turbo","Defragment"],"picked":"Redo","floor":1},{"not_picked":["Barrage","Reinforced Body"],"picked":"BootSequence","floor":4},{"not_picked":["Loop","White Noise"],"picked":"Reprogram","floor":5},{"not_picked":["Conserve Battery","Sweeping Beam"],"picked":"Darkness","floor":10},{"not_picked":["Hologram","Loop"],"picked":"Tempest","floor":11},{"not_picked":["Rebound","Cold Snap"],"picked":"Meteor Strike","floor":13},{"not_picked":["Redo","Compile Driver"],"picked":"Conserve Battery","floor":14},{"not_picked":["Thunder Strike","Biased Cognition"],"picked":"Electrodynamics","floor":16},{"not_picked":["Coolheaded+1","Hologram"],"picked":"Conserve Battery","floor":18},{"not_picked":["Scrape","Auto Shields"],"picked":"Defragment+1","floor":19},{"not_picked":["Undo","Hologram"],"picked":"Redo+1","floor":21},{"not_picked":["Leap","Coolheaded+1"],"picked":"Steam","floor":24},{"not_picked":["Barrage","Genetic Algorithm"],"picked":"Chaos","floor":25},{"not_picked":["Gash","Reprogram"],"picked":"Fusion","floor":30},{"not_picked":["Go for the Eyes","Hologram"],"picked":"Ball Lightning+1","floor":31},{"not_picked":["Buffer","Meteor Strike"],"picked":"Echo Form","floor":33},{"not_picked":["Cold Snap","Ball Lightning"],"picked":"Undo+1","floor":35},{"not_picked":["Darkness","Ball Lightning"],"picked":"Beam Cell+1","floor":38},{"not_picked":["Hello World+1","Streamline"],"picked":"Steam+1","floor":39},{"not_picked":["Conserve Battery","Turbo"],"picked":"Redo","floor":41},{"not_picked":["Reprogram+1","Defragment","Rip and Tear"],"picked":"Singing Bowl","floor":44},{"not_picked":["Auto Shields","Steam Power"],"picked":"Meteor Strike","floor":46},{"not_picked":["Go for the Eyes","Conserve Battery"],"picked":"Redo+1","floor":47},{"not_picked":["Conserve Battery+1","Gash+1"],"picked":"Redo+1","floor":48},{"not_picked":["FTL+1","Melter+1"],"picked":"Compile Driver","floor":49}],"player_experience":1235095,"relics_obtained":[{"floor":9,"key":"Whetstone"},{"floor":10,"key":"Centennial Puzzle"},{"floor":13,"key":"Shovel"},{"floor":24,"key":"Dream Catcher"},{"floor":26,"key":"Smiling Mask"},{"floor":29,"key":"Oddly Smooth Stone"},{"floor":39,"key":"Du-Vu Doll"},{"floor":40,"key":"Singing Bowl"},{"floor":41,"key":"Torii"},{"floor":42,"key":"Orichalcum"},{"floor":43,"key":"Bag of Marbles"},{"floor":44,"key":"Bronze Scales"}],"event_choices":[{"event_name":"The Woman in Blue","player_choice":"Bought 2 Potions","floor":2,"damage_taken":0},{"event_name":"Scrap Ooze","player_choice":"success","floor":3,"damage_taken":7},{"event_name":"Golden Wing","player_choice":"Card Removal","floor":7,"damage_taken":0},{"event_name":"Back to Basics","player_choice":"Elegance","floor":28,"damage_taken":0},{"event_name":"Tomb of Lord Red Mask","player_choice":"Paid","floor":37,"damage_taken":0},{"event_name":"Mysterious Sphere","player_choice":"Fight","floor":39,"damage_taken":0}],"boss_relics":[{"not_picked":["Black Star","Lizard Tail"],"picked":"Philosopher\u0027s Stone"},{"not_picked":["Coffee Dripper","Orrery"],"picked":"Fusion Hammer"}],"items_purged_floors":[20,22,27],"is_endless":false,"potions_floor_spawned":[4,10,11,14,16,18,24,33,38,41,47],"ascension_level":1}