{"gold_per_floor":[112,131,23,41,59,59,78,78,78,78,91,106,106,6,6,109,109,127,127,127,2,20,20,20,48,48,0,0,10,10,21,21,120,120,130,130,17,36,56,33,44,58,58,0,18,18,18,29,29,29],"floor_reached":50,"playtime":2629,"items_purged":[],"score":481,"play_id":"df1d600f-3a73-4a72-b487-716363edb4f0","local_time":"20190726162541","is_ascension_mode":false,"campfire_choices":[{"data":"Chill","floor":6,"key":"SMITH"},{"data":"Streamline","floor":8,"key":"SMITH"},{"data":"Dualcast","floor":10,"key":"SMITH"},{"floor":15,"key":"REST"},{"floor":23,"key":"REST"},{"floor":28,"key":"REST"},{"floor":30,"key":"REST"},{"floor":32,"key":"REST"},{"floor":49,"key":"REST"}],"neow_cost":"NONE","seed_source_timestamp":108799377897179,"circlet_count":0,"master_deck":["Strike_B","Defend_B","Defend_B","Defend_B","Defend_B","Zap+1","Dualcast+1","Streamline+1","Chill+1","FTL","Ball Lightning","Undo","Steam","Sunder+1","Loop","Leap","Conserve Battery","Thunder Strike+1","FTL+1","RitualDagger+1","Turbo","Lockon+1","Storm","Echo Form","Sweeping Beam+1","Genetic Algorithm","Electrodynamics","Biased Cognition+1","Heatsinks+1","Buffer+1","Turbo+1","Static Discharge","Doom and Gloom+1","Steam+1","Go for the Eyes+1","Leap","Hyperbeam+1","White Noise+1","Glacier+1","Rebound+1"],"relics":["Cracked Core","Molten Egg 2","Runic Pyramid","Centennial Puzzle","Darkstone Periapt","Strawberry","Astrolabe","Bottled Flame","Red Mask"],"potions_floor_usage":[16,16,16,33,48,48,50],"damage_taken":[{"damage":0,"enemies":"Cultist","floor":1,"turns":3},{"damage":1,"enemies":"Jaw Worm","floor":2,"turns":3},{"damage":3,"enemies":"Small Slimes","floor":4,"turns":2},{"damage":5,"enemies":"Blue Slaver","floor":5,"turns":2},{"damage":0,"enemies":"3 Louse","floor":7,"turns":4},{"damage":4,"enemies":"Exordium Thugs","floor":11,"turns":4},{"damage":0,"enemies":"Blue Slaver","floor":12,"turns":2},{"damage":20,"enemies":"Hexaghost","floor":16,"turns":8},{"damage":3,"enemies":"Spheric Guardian","floor":18,"turns":5},{"damage":6,"enemies":"Shell Parasite","floor":22,"turns":5},{"damage":20,"enemies":"Book of Stabbing","floor":25,"turns":6},{"damage":15,"enemies":"Chosen and Byrds","floor":29,"turns":5},{"damage":17,"enemies":"Shelled Parasite and Fungi","floor":31,"turns":5},{"damage":58,"enemies":"Collector","floor":33,"turns":13},{"damage":0,"enemies":"3 Shapes","floor":35,"turns":3},{"damage":3,"enemies":"Orb Walker","floor":38,"turns":4},{"damage":9,"enemies":"Spire Growth","floor":39,"turns":6},{"damage":8,"enemies":"Transient","floor":41,"turns":5},{"damage":0,"enemies":"4 Shapes","floor":42,"turns":4},{"damage":0,"enemies":"Sphere and 2 Shapes","floor":45,"turns":1},{"damage":1,"enemies":"Jaw Worm Horde","floor":48,"turns":4},{"damage":89,"enemies":"Time Eater","floor":50,"turns":11}],"seed_played":"439555384704321501","potions_obtained":[{"floor":5,"key":"FocusPotion"},{"floor":7,"key":"Block Potion"},{"floor":11,"key":"SpeedPotion"},{"floor":31,"key":"Energy Potion"},{"floor":33,"key":"Swift Potion"},{"floor":42,"key":"Regen Potion"},{"floor":45,"key":"Fire Potion"},{"floor":48,"key":"Strength Potion"}],"is_trial":false,"path_per_floor":["M","M","$","M","M","R","M","R","T","R","M","M","?","$","R","B",null,"M","?","?","$","M","R","T","E","T","?","R","M","R","M","R","B",null,"M","?","$","M","M","$","M","M","T","?","M","?","$","M","R","B"],"character_chosen":"DEFECT","items_purchased":["Chill","FTL","Leap","Conserve Battery","Turbo","Lockon+1","Static Discharge","Doom and Gloom+1","Leap"],"campfire_rested":6,"item_purchase_floors":[3,3,14,14,21,21,37,37,40],"current_hp_per_floor":[75,74,74,71,66,66,66,66,66,66,62,62,55,55,75,55,75,72,66,66,66,60,75,75,55,62,62,82,67,82,65,82,24,82,82,82,82,79,70,70,62,62,62,62,62,62,62,73,82,0],"gold":29,"neow_bonus":"UPGRADE_CARD","is_prod":false,"is_daily":false,"chose_seed":false,"campfire_upgraded":3,"win_rate":0.0,"timestamp":1564169141,"path_taken":["M","?","$","?","M","R","M","R","T","R","M","M","?","$","R","BOSS","M","?","?","$","M","R","?","E","T","?","R","M","R","M","R","BOSS","M","?","$","M","M","$","M","M","T","?","M","?","?","M","R","BOSS"],"build_version":"2019-07-17","purchased_purges":0,"victory":false,"max_hp_per_floor":[75,75,75,75,75,75,75,75,75,75,75,75,75,75,75,75,75,75,75,75,75,75,75,75,75,82,82,82,82,82,82,82,82,82,82,82,82,82,82,82,82,82,82,82,82,82,82,82,82,82],"card_choices":[{"not_picked":["Compile Driver","Gash"],"picked":"Streamline","floor":1},{"not_picked":["Force Field","Sweeping Beam"],"picked":"Steam","floor":2},{"not_picked":["Compile Driver","Rebound"],"picked":"Ball Lightning","floor":4},{"not_picked":["Rebound","Steam"],"picked":"Undo","floor":5},{"not_picked":["Force Field","Hologram"],"picked":"Steam","floor":7},{"not_picked":["Turbo","Stack"],"picked":"Sunder+1","floor":11},{"not_picked":["Fission","Reinforced Body"],"picked":"Loop","floor":12},{"not_picked":["Biased Cognition","Rainbow"],"picked":"Thunder Strike+1","floor":16},{"not_picked":["Blizzard+1","Coolheaded+1"],"picked":"FTL+1","floor":18},{"not_picked":["Chill","Barrage+1"],"picked":"Storm","floor":22},{"not_picked":["Cold Snap+1","Hologram"],"picked":"Echo Form","floor":25},{"not_picked":["Hello World","Loop"],"picked":"Sweeping Beam+1","floor":29},{"not_picked":["Redo","Consume"],"picked":"Genetic Algorithm","floor":31},{"not_picked":["Multi-Cast","All For One+1"],"picked":"Electrodynamics","floor":33},{"not_picked":["Hologram+1","Streamline+1"],"picked":"Turbo+1","floor":35},{"not_picked":["Ball Lightning+1","Cold Snap+1"],"picked":"Steam+1","floor":38},{"not_picked":["Skim+1","Hello World"],"picked":"Go for the Eyes+1","floor":39},{"not_picked":["Sweeping Beam+1","Redo+1"],"picked":"Hyperbeam+1","floor":41},{"not_picked":["Hello World+1","Cold Snap+1"],"picked":"White Noise+1","floor":42},{"not_picked":["Lockon+1","Darkness"],"picked":"Glacier+1","floor":45},{"not_picked":["Go for the Eyes+1","Hologram"],"picked":"Rebound+1","floor":48}],"player_experience":234323,"relics_obtained":[{"floor":9,"key":"Molten Egg 2"},{"floor":24,"key":"Centennial Puzzle"},{"floor":25,"key":"Darkstone Periapt"},{"floor":26,"key":"Strawberry"},{"floor":43,"key":"Bottled Flame"}],"event_choices":[{"damage_healed":0,"gold_gain":0,"player_choice":"Damaged","damage_taken":7,"max_hp_gain":0,"max_hp_loss":0,"event_name":"Wheel of Change","floor":13,"gold_loss":0},{"damage_healed":0,"gold_gain":0,"player_choice":"Joined the Cult","damage_taken":6,"max_hp_gain":0,"max_hp_loss":0,"event_name":"Nest","floor":19,"gold_loss":0,"cards_obtained":["RitualDagger"]},{"damage_healed":0,"gold_gain":0,"player_choice":"Ignored","damage_taken":0,"max_hp_gain":0,"max_hp_loss":0,"event_name":"Vampires","floor":20,"gold_loss":0},{"damage_healed":0,"gold_gain":0,"player_choice":"Paid Fearfully","damage_taken":0,"max_hp_gain":0,"max_hp_loss":0,"event_name":"Masked Bandits","floor":27,"gold_loss":48},{"damage_healed":0,"gold_gain":0,"player_choice":"Ignored","damage_taken":0,"max_hp_gain":0,"max_hp_loss":0,"event_name":"Mysterious Sphere","floor":36,"gold_loss":0},{"damage_healed":0,"gold_gain":0,"player_choice":"Paid","damage_taken":0,"relics_obtained":["Red Mask"],"max_hp_gain":0,"max_hp_loss":0,"event_name":"Tomb of Lord Red Mask","floor":44,"gold_loss":58},{"cards_removed":["Steam"],"damage_healed":0,"gold_gain":0,"player_choice":"Removed Skill","damage_taken":0,"max_hp_gain":0,"max_hp_loss":0,"event_name":"Falling","floor":46,"gold_loss":0}],"is_beta":false,"boss_relics":[{"not_picked":["Runic Dome","Pandora\u0027s Box"],"picked":"Runic Pyramid"},{"not_picked":["Inserter","Fusion Hammer"],"picked":"Astrolabe"}],"items_purged_floors":[],"is_endless":false,"potions_floor_spawned":[5,7,11,31,33,42,45,48],"killed_by":"Time Eater","ascension_level":0}