{"gold_per_floor":[119,138,154,167,6,6,24,55,55,55,55,84,84,96,96,96],"floor_reached":16,"playtime":955,"items_purged":[],"score":218,"play_id":"2f41612a-21ac-46bc-a3fd-0fbd25a3a8d7","local_time":"20190705014558","is_ascension_mode":true,"campfire_choices":[{"data":"Neutralize","floor":6,"key":"SMITH"},{"data":"After Image","floor":10,"key":"SMITH"},{"floor":15,"key":"REST"}],"neow_cost":"NONE","seed_source_timestamp":92561645615377,"circlet_count":0,"master_deck":["AscendersBane","Defend_G","Defend_G","Defend_G","Defend_G","Defend_G","Strike_G","Strike_G","Strike_G","Strike_G","Strike_G","Survivor","Neutralize+1","Dagger Throw","Quick Slash","Caltrops","Flying Knee","Noxious Fumes+1","Terror","Poisoned Stab","After Image+1","Calculated Gamble","Blade Dance","Poisoned Stab"],"relics":["Ring of the Snake","Dream Catcher","Shuriken","Mummified Hand","Bag of Marbles"],"potions_floor_usage":[8,12],"damage_taken":[{"damage":3,"enemies":"Cultist","floor":1,"turns":4},{"damage":0,"enemies":"2 Louse","floor":2,"turns":3},{"damage":4,"enemies":"Jaw Worm","floor":3,"turns":4},{"damage":1,"enemies":"Looter","floor":4,"turns":4},{"damage":6,"enemies":"Blue Slaver","floor":7,"turns":5},{"damage":13,"enemies":"Lagavulin","floor":8,"turns":6},{"damage":22,"enemies":"3 Sentries","floor":12,"turns":8},{"damage":8,"enemies":"3 Louse","floor":14,"turns":3},{"damage":32,"enemies":"The Guardian","floor":16,"turns":2}],"seed_played":"3109985014310160979","potions_obtained":[{"floor":3,"key":"Dexterity Potion"},{"floor":8,"key":"LiquidBronze"}],"is_trial":false,"path_per_floor":["M","M","M","M","$","R","M","E","T","R","?","E","?","M","R","B"],"character_chosen":"THE_SILENT","items_purchased":["Noxious Fumes","Terror"],"campfire_rested":1,"item_purchase_floors":[5,5],"current_hp_per_floor":[56,56,52,51,51,51,45,32,32,32,32,10,10,2,21,0],"gold":96,"neow_bonus":"RANDOM_COMMON_RELIC","is_prod":false,"is_daily":false,"chose_seed":false,"campfire_upgraded":2,"win_rate":0,"timestamp":1562305558,"path_taken":["M","M","M","M","$","R","M","E","T","R","?","E","?","?","R","BOSS"],"build_version":"2019-01-23","purchased_purges":0,"victory":false,"max_hp_per_floor":[66,66,66,66,66,66,66,66,66,66,66,66,66,66,66,66],"card_choices":[{"not_picked":["Tactician","Blade Dance"],"picked":"Dagger Throw","floor":1},{"not_picked":["Dagger Throw","Underhanded Strike"],"picked":"Quick Slash","floor":2},{"not_picked":["Underhanded Strike","Cloak And Dagger"],"picked":"Caltrops","floor":3},{"not_picked":["Expertise","Blade Dance"],"picked":"Flying Knee","floor":4},{"not_picked":["Finisher","Blur"],"picked":"Poisoned Stab","floor":7},{"not_picked":["Footwork","Blade Dance"],"picked":"After Image","floor":8},{"not_picked":["Setup","Distraction"],"picked":"Calculated Gamble","floor":12},{"not_picked":["Backflip","Acrobatics"],"picked":"Blade Dance","floor":14},{"not_picked":["Acrobatics","Sucker Punch"],"picked":"Poisoned Stab","floor":15}],"player_experience":2673063,"relics_obtained":[{"floor":8,"key":"Shuriken"},{"floor":9,"key":"Mummified Hand"},{"floor":12,"key":"Bag of Marbles"}],"event_choices":[{"damage_healed":0,"gold_gain":0,"player_choice":"Ignored","damage_taken":0,"max_hp_gain":0,"max_hp_loss":0,"event_name":"Liars Game","floor":11,"gold_loss":0},{"damage_healed":0,"gold_gain":0,"player_choice":"Forge","damage_taken":0,"max_hp_gain":0,"max_hp_loss":0,"event_name":"Accursed Blacksmith","floor":13,"gold_loss":0,"cards_upgraded":["Noxious Fumes"]}],"is_beta":false,"boss_relics":[],"items_purged_floors":[],"is_endless":false,"potions_floor_spawned":[3,8],"killed_by":"The Guardian","ascension_level":19}