{"gold_per_floor":[114,126,142,155,165,200,200,230,230,230,243,261,215,234,234,313,313,330,349,349,29,29,29,64,64,141,141,152,152,152,165,165,165],"floor_reached":33,"playtime":4108,"items_purged":["Strike_G"],"score":558,"play_id":"f7237085-368a-4593-bd4b-5fa95c5da75c","local_time":"20191022135435","is_ascension_mode":true,"campfire_choices":[{"floor":7.0,"key":"REST"},{"floor":15.0,"key":"REST"},{"floor":23.0,"key":"REST"},{"data":"Riddle With Holes","floor":25.0,"key":"SMITH"},{"floor":27.0,"key":"REST"},{"data":"Bullet Time","floor":32.0,"key":"SMITH"}],"neow_cost":"PERCENT_DAMAGE","seed_source_timestamp":2109179995645530,"circlet_count":0,"master_deck":["AscendersBane","Defend_G","Defend_G","Defend_G","Defend_G","Defend_G","Strike_G","Strike_G","Strike_G","Strike_G","Survivor","Neutralize+1","Predator","Blur","Deadly Poison","Dash","Poisoned Stab","Envenom+1","Terror","Poisoned Stab","Footwork+1","Slice","Tools of the Trade+1","Crippling Poison+1","Well Laid Plans+1","Bullet Time+1","Leg Sweep","Riddle With Holes+1","Acrobatics","Concentrate"],"special_seed":0,"relics":["Ring of the Snake","Frozen Egg 2","Ancient Tea Set","Matryoshka","White Beast Statue","Torii","Meat on the Bone","Bag of Preparation","Tiny Chest"],"potions_floor_usage":[33,33],"damage_taken":[{"damage":0.0,"enemies":"2 Louse","floor":1.0,"turns":4.0},{"damage":1.0,"enemies":"Small Slimes","floor":2.0,"turns":3.0},{"damage":2.0,"enemies":"Cultist","floor":3.0,"turns":4.0},{"damage":1.0,"enemies":"Blue Slaver","floor":4.0,"turns":7.0},{"damage":11.0,"enemies":"Lots of Slimes","floor":5.0,"turns":5.0},{"damage":40.0,"enemies":"Gremlin Nob","floor":6.0,"turns":5.0},{"damage":3.0,"enemies":"Lagavulin","floor":8.0,"turns":7.0},{"damage":7.0,"enemies":"Large Slime","floor":11.0,"turns":5.0},{"damage":0.0,"enemies":"2 Fungi Beasts","floor":12.0,"turns":3.0},{"damage":6.0,"enemies":"Blue Slaver","floor":14.0,"turns":4.0},{"damage":12.0,"enemies":"Hexaghost","floor":16.0,"turns":8.0},{"damage":12.0,"enemies":"Spheric Guardian","floor":18.0,"turns":7.0},{"damage":22.0,"enemies":"2 Thieves","floor":19.0,"turns":5.0},{"damage":13.0,"enemies":"Gremlin Leader","floor":24.0,"turns":8.0},{"damage":19.0,"enemies":"Snake Plant","floor":28.0,"turns":5.0},{"damage":17.0,"enemies":"Shelled Parasite and Fungi","floor":31.0,"turns":6.0},{"damage":38,"enemies":"Champ","floor":33,"turns":12}],"seed_played":"-1832384762712993056","potions_obtained":[{"floor":2.0,"key":"SpeedPotion"},{"floor":3.0,"key":"Poison Potion"},{"floor":6.0,"key":"EssenceOfSteel"},{"floor":11.0,"key":"GhostInAJar"},{"floor":12.0,"key":"PowerPotion"},{"floor":18.0,"key":"SneckoOil"},{"floor":19.0,"key":"SpeedPotion"},{"floor":24.0,"key":"Ancient Potion"},{"floor":28.0,"key":"Weak Potion"},{"floor":31.0,"key":"Ancient Potion"}],"is_trial":false,"path_per_floor":["M","M","M","M","M","E","R","E","T","?","M","M","?","M","R","B",null,"M","M","?","$","?","R","E","R","T","R","M","?","?","M","R","B"],"character_chosen":"THE_SILENT","items_purchased":["Bullet Time","Leg Sweep"],"campfire_rested":4,"item_purchase_floors":[21,21],"current_hp_per_floor":[56,55,53,52,41,1,24,21,21,21,14,14,14,8,31,19,63,51,29,29,29,29,52,39,39,39,62,43,43,43,38,38,0],"gold":165,"neow_bonus":"TWENTY_PERCENT_HP_BONUS","is_prod":false,"is_daily":false,"chose_seed":false,"campfire_upgraded":2,"win_rate":0,"timestamp":1571766875,"path_taken":["M","M","M","M","M","E","R","E","T","?","M","M","?","M","R","BOSS","M","M","?","?","?","R","E","R","T","R","?","?","?","M","R","BOSS"],"build_version":"2019-01-23","purchased_purges":1,"victory":false,"max_hp_per_floor":[78,78,78,78,78,78,78,78,78,78,78,78,78,78,78,78,78,78,78,78,78,78,78,78,78,78,78,78,78,78,78,78,78],"card_choices":[{"not_picked":["Dagger Throw","Tactician"],"picked":"Predator","floor":1.0},{"not_picked":["Setup","Predator"],"picked":"Blur","floor":2.0},{"not_picked":["Poisoned Stab","Sucker Punch"],"picked":"Deadly Poison","floor":3.0},{"not_picked":["Calculated Gamble","Quick Slash"],"picked":"Dash","floor":4.0},{"not_picked":["A Thousand Cuts","Cloak And Dagger"],"picked":"Poisoned Stab","floor":5.0},{"not_picked":["Bane","Flying Knee"],"picked":"Envenom","floor":6.0},{"not_picked":["Footwork+1","Dagger Throw"],"picked":"Terror","floor":8.0},{"not_picked":["Blur","Quick Slash"],"picked":"Poisoned Stab","floor":11.0},{"not_picked":["Quick Slash","Acrobatics"],"picked":"Footwork+1","floor":12.0},{"not_picked":["Heel Hook","Outmaneuver"],"picked":"Slice","floor":14.0},{"not_picked":["Burst","Grand Finale"],"picked":"Tools of the Trade+1","floor":16.0},{"not_picked":["Backflip","Caltrops+1"],"picked":"Crippling Poison+1","floor":18.0},{"not_picked":["Accuracy+1","Escape Plan"],"picked":"Well Laid Plans+1","floor":19.0},{"not_picked":["Flechettes","Eviscerate"],"picked":"Riddle With Holes","floor":24.0},{"not_picked":["Dagger Spray","Outmaneuver"],"picked":"Acrobatics","floor":28.0},{"not_picked":["Acrobatics","Outmaneuver"],"picked":"Concentrate","floor":31.0}],"player_experience":3032970,"relics_obtained":[{"floor":6.0,"key":"Frozen Egg 2"},{"floor":8.0,"key":"Ancient Tea Set"},{"floor":9.0,"key":"Matryoshka"},{"floor":24.0,"key":"Meat on the Bone"},{"floor":26.0,"key":"Bag of Preparation"},{"floor":26.0,"key":"Tiny Chest"}],"event_choices":[{"damage_healed":0.0,"max_hp_gain":0.0,"max_hp_loss":0.0,"gold_gain":0.0,"event_name":"Liars Game","player_choice":"Ignored","floor":10.0,"gold_loss":0.0,"damage_taken":0.0},{"damage_healed":0.0,"max_hp_gain":0.0,"max_hp_loss":0.0,"gold_gain":0.0,"event_name":"World of Goop","player_choice":"Left Gold","floor":13.0,"gold_loss":46.0,"damage_taken":0.0},{"damage_healed":0.0,"max_hp_gain":0.0,"max_hp_loss":0.0,"gold_gain":0.0,"event_name":"WeMeetAgain","player_choice":"Gave Potion","floor":20.0,"gold_loss":0.0,"damage_taken":0.0,"relics_obtained":["Torii"]},{"damage_healed":0.0,"max_hp_gain":0.0,"max_hp_loss":0.0,"gold_gain":0.0,"event_name":"Accursed Blacksmith","player_choice":"Forge","floor":22.0,"gold_loss":0.0,"damage_taken":0.0,"cards_upgraded":["Neutralize"]},{"damage_healed":0.0,"max_hp_gain":0.0,"max_hp_loss":0.0,"gold_gain":0.0,"event_name":"The Mausoleum","player_choice":"Ignored","floor":29.0,"gold_loss":0.0,"damage_taken":0.0},{"damage_healed":0.0,"max_hp_gain":0.0,"max_hp_loss":0.0,"gold_gain":0.0,"event_name":"Ghosts","player_choice":"Ignored","floor":30.0,"gold_loss":0.0,"damage_taken":0.0}],"is_beta":false,"boss_relics":[{"not_picked":["Calling Bell","Ring of the Serpent"],"picked":"White Beast Statue"}],"items_purged_floors":[21],"is_endless":false,"potions_floor_spawned":[2,3,6,11,12,18,19,24,28,31],"killed_by":"Champ","ascension_level":20}