{"gold_per_floor":[109,89,107,117,128,154,3,3],"floor_reached":8,"playtime":1141,"items_purged":[],"score":99,"play_id":"4bc326f0-dcb5-45c6-b408-8b5fa1afce22","local_time":"20190217210356","is_ascension_mode":true,"campfire_choices":[],"neow_cost":"NONE","seed_source_timestamp":769037552461223,"circlet_count":0,"master_deck":["AscendersBane","Strike_B","Strike_B","Strike_B","Strike_B","Defend_B","Defend_B","Defend_B","Defend_B","Zap","Dualcast","Sunder","Compile Driver","Sunder","Hologram","Beam Cell"],"special_seed":0,"relics":["Cracked Core","NeowsBlessing","Lantern","Blood Vial"],"potions_floor_usage":[8,8],"damage_taken":[{"damage":0.0,"enemies":"2 Louse","floor":1.0,"turns":1.0},{"damage":0.0,"enemies":"Cultist","floor":3.0,"turns":1.0},{"damage":0.0,"enemies":"Small Slimes","floor":4.0,"turns":1.0},{"damage":6.0,"enemies":"Blue Slaver","floor":5.0,"turns":4.0},{"damage":32.0,"enemies":"3 Sentries","floor":6.0,"turns":7.0},{"damage":44,"enemies":"Lagavulin","floor":8,"turns":7}],"seed_played":"3500462853772184922","potions_obtained":[{"floor":1.0,"key":"PowerPotion"},{"floor":2.0,"key":"SpeedPotion"},{"floor":4.0,"key":"FearPotion"},{"floor":5.0,"key":"Block Potion"}],"is_trial":false,"path_per_floor":["M","?","M","M","M","E","$","E"],"character_chosen":"DEFECT","items_purchased":["Blood Vial"],"campfire_rested":0,"item_purchase_floors":[7],"current_hp_per_floor":[64,64,64,64,58,26,26,0],"gold":3,"neow_bonus":"THREE_ENEMY_KILL","is_prod":false,"is_daily":false,"chose_seed":false,"campfire_upgraded":0,"win_rate":0,"timestamp":1550455436,"path_taken":["M","?","?","M","?","E","?","E"],"build_version":"2019-01-23","purchased_purges":0,"victory":false,"max_hp_per_floor":[71,71,71,71,71,71,71,71],"card_choices":[{"not_picked":["Skim","Barrage"],"picked":"Sunder","floor":1.0},{"not_picked":["Loop","White Noise","Compile Driver"],"picked":"SKIP","floor":3.0},{"not_picked":["Loop","White Noise"],"picked":"Compile Driver","floor":3.0},{"not_picked":["Gash","Conserve Battery"],"picked":"Sunder","floor":4.0},{"not_picked":["Stack","Steam"],"picked":"Hologram","floor":5.0},{"not_picked":["Stack","Chaos"],"picked":"Beam Cell","floor":6.0}],"player_experience":2285715,"relics_obtained":[{"floor":6.0,"key":"Lantern"}],"event_choices":[{"damage_healed":0.0,"max_hp_gain":0.0,"max_hp_loss":0.0,"gold_gain":0.0,"event_name":"The Woman in Blue","player_choice":"Bought 1 Potion","floor":2.0,"gold_loss":0.0,"damage_taken":0.0}],"is_beta":false,"boss_relics":[],"items_purged_floors":[],"is_endless":false,"potions_floor_spawned":[1,4,5,6],"killed_by":"Lagavulin","ascension_level":14}