{"gold_per_floor":[109,120,3,22,22,22,22,22,22,22,51,70,99,112,112,191,191,205,38,58,158,173,173,173],"floor_reached":24,"playtime":1778,"items_purged":["Strike_G"],"score":548,"play_id":"ced95e91-3842-437d-9a38-0ed4d42a6a0a","local_time":"20190705173245","is_ascension_mode":true,"campfire_choices":[{"data":"Neutralize","floor":6,"key":"SMITH"},{"data":"Distraction","floor":8,"key":"SMITH"},{"data":"Deflect","floor":10,"key":"SMITH"},{"floor":15,"key":"REST"},{"data":"Noxious Fumes","floor":23,"key":"SMITH"}],"neow_cost":"PERCENT_DAMAGE","seed_source_timestamp":101876889892634,"circlet_count":0,"master_deck":["AscendersBane","Defend_G","Defend_G","Defend_G","Defend_G","Strike_G","Strike_G","Strike_G","Survivor","Neutralize+1","Tactician","Distraction+1","Masterful Stab","Dagger Throw","Dash","Deflect+1","Underhanded Strike","Poisoned Stab","Bouncing Flask","Footwork","Corpse Explosion","Dagger Throw","Burst","Noxious Fumes+1","Dagger Throw"],"relics":["Ring of the Snake","Paper Crane","Ninja Scroll","Anchor","Singing Bowl","Busted Crown","Unceasing Top","Meat on the Bone"],"potions_floor_usage":[12,21,21,24],"damage_taken":[{"damage":0,"enemies":"2 Louse","floor":1,"turns":3},{"damage":2,"enemies":"Jaw Worm","floor":2,"turns":4},{"damage":0,"enemies":"Small Slimes","floor":4,"turns":4},{"damage":0,"enemies":"3 Sentries","floor":11,"turns":2},{"damage":0,"enemies":"Gremlin Gang","floor":12,"turns":4},{"damage":22,"enemies":"Lagavulin","floor":13,"turns":6},{"damage":0,"enemies":"Looter","floor":14,"turns":2},{"damage":0,"enemies":"The Guardian","floor":16,"turns":10},{"damage":6,"enemies":"Shell Parasite","floor":18,"turns":5},{"damage":9,"enemies":"2 Thieves","floor":20,"turns":3},{"damage":0,"enemies":"Colosseum Slavers","floor":21,"turns":2},{"damage":25,"enemies":"Colosseum Nobs","floor":21,"turns":4},{"damage":14,"enemies":"Snake Plant","floor":22,"turns":4},{"damage":23,"enemies":"Shelled Parasite and Fungi","floor":24,"turns":4}],"seed_played":"1549333535836445334","potions_obtained":[{"floor":11,"key":"GhostInAJar"},{"floor":13,"key":"GhostInAJar"},{"floor":16,"key":"Weak Potion"},{"floor":22,"key":"Swift Potion"}],"is_trial":false,"path_per_floor":["M","M","$","M","?","R","T","R","T","R","E","M","E","M","R","B",null,"M","$","M","?","M","R","M"],"character_chosen":"THE_SILENT","items_purchased":["Dash","Burst","Noxious Fumes"],"campfire_rested":1,"item_purchase_floors":[3,19,19],"current_hp_per_floor":[44,42,42,42,42,42,42,42,42,42,42,42,20,20,39,39,59,53,53,46,23,21,21,0],"gold":173,"neow_bonus":"TRANSFORM_TWO_CARDS","is_prod":false,"is_daily":false,"chose_seed":false,"campfire_upgraded":4,"win_rate":0,"timestamp":1562362365,"path_taken":["M","M","$","M","?","R","?","R","T","R","E","M","E","M","R","BOSS","M","$","M","?","M","R","M"],"build_version":"2019-01-23","purchased_purges":1,"victory":false,"max_hp_per_floor":[66,66,66,66,66,66,66,66,66,66,66,66,66,66,66,66,66,66,66,68,70,70,70,70],"card_choices":[{"not_picked":["Flying Knee","Blade Dance"],"picked":"Masterful Stab","floor":1},{"not_picked":["Concentrate","Bane"],"picked":"Dagger Throw","floor":2},{"not_picked":["Accuracy","Blade Dance"],"picked":"Deflect","floor":4},{"not_picked":["Acrobatics","Bane"],"picked":"Underhanded Strike","floor":11},{"not_picked":["Outmaneuver","Finisher"],"picked":"Poisoned Stab","floor":12},{"not_picked":["Cloak And Dagger","Deadly Poison"],"picked":"Bouncing Flask","floor":13},{"not_picked":["Storm of Steel","Sucker Punch"],"picked":"Footwork","floor":14},{"not_picked":["Die Die Die","After Image"],"picked":"Corpse Explosion","floor":16},{"not_picked":[],"picked":"Dagger Throw","floor":18},{"not_picked":["Flying Knee"],"picked":"Singing Bowl","floor":20},{"not_picked":["Blade Dance"],"picked":"Singing Bowl","floor":21},{"not_picked":[],"picked":"Dagger Throw","floor":22}],"player_experience":2681572,"relics_obtained":[{"floor":7,"key":"Paper Crane"},{"floor":9,"key":"Ninja Scroll"},{"floor":11,"key":"Anchor"},{"floor":13,"key":"Singing Bowl"},{"floor":21,"key":"Unceasing Top"},{"floor":21,"key":"Meat on the Bone"}],"event_choices":[{"damage_healed":0,"gold_gain":0,"player_choice":"Ignored","damage_taken":0,"max_hp_gain":0,"max_hp_loss":0,"event_name":"Liars Game","floor":5,"gold_loss":0},{"damage_healed":0,"gold_gain":0,"player_choice":"Fight","damage_taken":0,"max_hp_gain":0,"max_hp_loss":0,"event_name":"Colosseum","floor":21,"gold_loss":0},{"damage_healed":0,"gold_gain":0,"player_choice":"Fought Nobs","damage_taken":0,"max_hp_gain":0,"max_hp_loss":0,"event_name":"Colosseum","floor":21,"gold_loss":0}],"is_beta":false,"boss_relics":[{"not_picked":["Pandora\u0027s Box","Velvet Choker"],"picked":"Busted Crown"}],"items_purged_floors":[3],"is_endless":false,"potions_floor_spawned":[11,13,16,21,22],"killed_by":"Shelled Parasite and Fungi","ascension_level":19}