{"gold_per_floor":[115,132,132,58,75,75,25,25,49,49,61,161,171,171,171,292,292,317,317,78,78,102,102,115,115,115,129,129,129,142,157,157,281,281,297,630,678,690,700,700,59,88,112,125,125,23,33,33,33,33],"floor_reached":50,"playtime":5268,"items_purged":["Consume"],"score":684,"play_id":"a53deefc-cf2a-4c24-87de-0824e3477a9c","local_time":"20180815220301","is_ascension_mode":true,"campfire_choices":[{"data":"Zap","floor":6,"key":"SMITH"},{"data":"Redo","floor":8,"key":"SMITH"},{"data":"Genetic Algorithm","floor":10,"key":"SMITH"},{"floor":15,"key":"REST"},{"floor":23,"key":"REST"},{"data":"Redo","floor":25,"key":"SMITH"},{"data":"Tempest","floor":28,"key":"SMITH"},{"floor":32,"key":"REST"},{"floor":40,"key":"REST"},{"floor":45,"key":"REST"},{"floor":49,"key":"REST"}],"neow_cost":"NONE","seed_source_timestamp":127256846808325,"circlet_count":0,"master_deck":["Zap+1","Dualcast","Genetic Algorithm+1","Turbo","Melter","Thunder Strike","Redo+1","Sweeping Beam","Gash","Echo Form","Aggregate","Skim","Coolheaded","Chill","Steam","Conserve Battery","Ball Lightning","Sunder+1","Tempest+1","Turbo","Gash","Redo+1","White Noise+1","BootSequence","Steam Power+1","Seek","Beam Cell+1","Tempest+1","Stack","Stack+1","Reinforced Body","Core Surge","Force Field+1","Leap","Scrape+1","Doom and Gloom"],"relics":["Cracked Core","Cables","Oddly Smooth Stone","Pandora\u0027s Box","Happy Flower","Boot","Enchiridion","Fusion Hammer","Torii","Pear","Regal Pillow","Letter Opener","Ancient Tea Set"],"potions_floor_usage":[16,16,24,37,42,47],"damage_taken":[{"damage":2,"enemies":"Jaw Worm","floor":1,"turns":3},{"damage":0,"enemies":"Cultist","floor":2,"turns":4},{"damage":9,"enemies":"2 Louse","floor":5,"turns":2},{"damage":14,"enemies":"Red Slaver","floor":11,"turns":2},{"damage":12,"enemies":"Large Slime","floor":13,"turns":3},{"damage":36,"enemies":"Hexaghost","floor":16,"turns":8},{"damage":17,"enemies":"Chosen","floor":18,"turns":6},{"damage":0,"enemies":"Spheric Guardian","floor":22,"turns":2},{"damage":4,"enemies":"Snecko","floor":24,"turns":4},{"damage":0,"enemies":"Snake Plant","floor":27,"turns":3},{"damage":2,"enemies":"Chosen and Byrds","floor":30,"turns":4},{"damage":6,"enemies":"Sentry and Sphere","floor":31,"turns":3},{"damage":14,"enemies":"Automaton","floor":33,"turns":5},{"damage":13,"enemies":"3 Shapes","floor":35,"turns":2},{"damage":30,"floor":37,"turns":4},{"damage":1,"enemies":"Orb Walker","floor":38,"turns":3},{"damage":10,"enemies":"4 Shapes","floor":39,"turns":5},{"damage":0,"enemies":"Giant Head","floor":42,"turns":5},{"damage":12,"enemies":"Spire Growth","floor":44,"turns":6},{"damage":13,"enemies":"3 Darklings","floor":47,"turns":2},{"damage":84,"enemies":"Awakened One","floor":50,"turns":7}],"seed_played":"-845156314153553464","potions_obtained":[{"floor":11,"key":"FearPotion"},{"floor":13,"key":"GamblersBrew"},{"floor":16,"key":"Fire Potion"},{"floor":18,"key":"GamblersBrew"},{"floor":30,"key":"Energy Potion"},{"floor":31,"key":"Energy Potion"},{"floor":37,"key":"Weak Potion"},{"floor":44,"key":"LiquidBronze"}],"is_trial":false,"path_per_floor":["M","M","?","$","M","R","?","R","T","R","M","?","M","?","R","B",null,"M","?","$","?","M","R","M","R","T","M","R","?","M","M","R","B",null,"M","?","?","M","M","R","$","E","T","M","R","$","M","?","R"],"character_chosen":"DEFECT","items_purchased":["Thunder Strike","Tempest","Happy Flower","Turbo","Pear","Regal Pillow","Heatsinks","Reinforced Body","Core Surge","Leap"],"campfire_rested":6,"item_purchase_floors":[4,20,20,20,41,41,41,41,41,46],"current_hp_per_floor":[73,73,70,70,61,61,61,61,61,61,47,47,35,35,55,19,57,40,34,34,34,34,54,50,50,50,50,50,34,32,26,46,32,60,47,47,17,16,13,33,43,43,43,31,69,69,56,56,79,0],"gold":33,"neow_bonus":"THREE_CARDS","is_prod":false,"is_daily":false,"chose_seed":false,"campfire_upgraded":5,"win_rate":0,"timestamp":1534384981,"path_taken":["M","M","?","$","M","R","?","R","T","R","M","?","?","?","R","BOSS","M","?","$","?","M","R","M","R","T","M","R","?","M","?","R","BOSS","M","?","?","?","M","R","$","E","T","?","R","?","M","?","R","BOSS"],"build_version":"2018-08-09","purchased_purges":1,"victory":false,"max_hp_per_floor":[75,75,75,75,75,75,75,75,75,75,75,75,75,69,69,69,69,69,69,69,69,69,69,69,69,69,69,69,69,69,69,69,69,69,69,69,69,69,69,69,79,79,79,79,79,79,79,79,79,79],"card_choices":[{"not_picked":["Compile Driver","BootSequence"],"picked":"Genetic Algorithm","floor":0},{"not_picked":["Barrage","Fusion"],"picked":"Turbo","floor":1},{"not_picked":["Leap","Cold Snap"],"picked":"Melter","floor":2},{"not_picked":["Turbo","Coolheaded"],"picked":"Redo","floor":5},{"not_picked":["Barrage","Streamline"],"picked":"Sweeping Beam","floor":11},{"not_picked":["BootSequence","Hologram"],"picked":"Gash","floor":13},{"not_picked":["Fission","Rainbow"],"picked":"Echo Form","floor":16},{"not_picked":["Ball Lightning+1","Hello World"],"picked":"Sunder+1","floor":18},{"not_picked":["Cold Snap","Stack"],"picked":"Redo","floor":22},{"not_picked":["Barrage","Lockon"],"picked":"Consume","floor":24},{"not_picked":["Cold Snap+1","Storm"],"picked":"White Noise+1","floor":27},{"not_picked":["Hello World","Barrage"],"picked":"BootSequence","floor":30},{"not_picked":["Gash","Storm"],"picked":"Steam Power+1","floor":31},{"not_picked":["Reboot","Hyperbeam"],"picked":"Seek","floor":33},{"not_picked":["Cold Snap","Barrage+1"],"picked":"Beam Cell+1","floor":35},{"not_picked":["Rebound","Scrape+1"],"picked":"Tempest+1","floor":37},{"not_picked":["Streamline","Rebound"],"picked":"Stack","floor":38},{"not_picked":["Redo","Barrage"],"picked":"Stack+1","floor":39},{"not_picked":["Genetic Algorithm+1","Compile Driver+1"],"picked":"Force Field+1","floor":42},{"not_picked":["Storm","Cold Snap","Tempest"],"picked":"SKIP","floor":44},{"not_picked":["FTL+1","Chill+1"],"picked":"Scrape+1","floor":47}],"player_experience":1534261,"relics_obtained":[{"floor":9,"key":"Oddly Smooth Stone"},{"floor":26,"key":"Boot"},{"floor":29,"key":"Enchiridion"},{"floor":37,"key":"Torii"},{"floor":42,"key":"Letter Opener"},{"floor":43,"key":"Ancient Tea Set"}],"event_choices":[{"event_name":"Scrap Ooze","player_choice":"success","floor":3,"damage_taken":3},{"event_name":"The Cleric","player_choice":"Card Removal","floor":7,"damage_taken":0},{"event_name":"Golden Shrine","player_choice":"Pray","floor":12,"damage_taken":0},{"event_name":"Golden Idol","player_choice":"Lose Max HP","floor":14,"damage_taken":0},{"event_name":"Knowing Skull","player_choice":"","floor":19,"damage_taken":0},{"event_name":"The Library","player_choice":"Read","floor":21,"damage_taken":0},{"event_name":"Cursed Tome","player_choice":"Obtained Book","floor":29,"damage_taken":0},{"event_name":"The Moai Head","player_choice":"Gave Idol","floor":36,"damage_taken":0},{"event_name":"Mysterious Sphere","player_choice":"Fight","floor":37,"damage_taken":0},{"event_name":"Transmorgrifier","player_choice":"Transform","floor":48,"damage_taken":0}],"is_beta":false,"boss_relics":[{"not_picked":["Lizard Tail","Ectoplasm"],"picked":"Pandora\u0027s Box"},{"not_picked":["Calling Bell","White Beast Statue"],"picked":"Fusion Hammer"}],"items_purged_floors":[46],"is_endless":false,"potions_floor_spawned":[11,13,16,18,30,31,37,39,44],"killed_by":"Awakened One","ascension_level":5}