{"gold_per_floor":[117,117,130,45,61,61,93,93,118,137,167,187,204,222,222,298,298,314,314,314,334,56,56,91,91,91,120,140,140,156,98,98,176,176,190,209,68,68,78,106,106,122,147,147],"floor_reached":44,"playtime":4732,"items_purged":[],"score":1030,"play_id":"72dc171e-0ae7-46d4-8aea-4561e708aa98","local_time":"20190831174242","is_ascension_mode":true,"campfire_choices":[{"data":"Rampage","floor":6.0,"key":"SMITH"},{"data":"Spot Weakness","floor":8.0,"key":"SMITH"},{"data":"Armaments","floor":15.0,"key":"SMITH"},{"floor":23.0,"key":"REST"},{"floor":25.0,"key":"REST"},{"data":"Heavy Blade","floor":29.0,"key":"SMITH"},{"floor":32.0,"key":"REST"},{"floor":41,"key":"REST"}],"neow_cost":"NONE","seed_source_timestamp":881355172221749,"circlet_count":0,"master_deck":["AscendersBane","Strike_R+1","Strike_R+1","Strike_R+1","Strike_R+1","Defend_R+1","Defend_R+1","Defend_R+1","Defend_R+1","Bash","Cleave","Evolve","Pommel Strike","Rampage+1","Clothesline","Spot Weakness+1","Headbutt","Heavy Blade+1","Armaments+1","Combust","Carnage","Offering","Shockwave","RitualDagger","Impervious","Pummel+1","Shrug It Off","Impervious","Spot Weakness","Rupture+1","Shrug It Off","Seeing Red","Brutality+1","Clothesline+1"],"special_seed":0,"relics":["Burning Blood","PreservedInsect","Regal Pillow","Pantograph","Odd Mushroom","Mark of Pain","Frozen Egg 2","StoneCalendar","Mercury Hourglass","Juzu Bracelet","White Beast Statue","Shuriken","Orichalcum"],"potions_floor_usage":[40,40,42,44],"damage_taken":[{"damage":0.0,"enemies":"2 Louse","floor":1.0,"turns":3.0},{"damage":12.0,"enemies":"Jaw Worm","floor":3.0,"turns":2.0},{"damage":3.0,"enemies":"Small Slimes","floor":5.0,"turns":3.0},{"damage":19.0,"enemies":"Gremlin Nob","floor":7.0,"turns":4.0},{"damage":26.0,"enemies":"Exordium Wildlife","floor":10.0,"turns":4.0},{"damage":20.0,"enemies":"Lagavulin","floor":11.0,"turns":5.0},{"damage":11.0,"enemies":"The Mushroom Lair","floor":12.0,"turns":4.0},{"damage":6.0,"enemies":"Large Slime","floor":13.0,"turns":3.0},{"damage":11.0,"enemies":"Looter","floor":14.0,"turns":3.0},{"damage":39.0,"enemies":"The Guardian","floor":16.0,"turns":9.0},{"damage":30.0,"enemies":"2 Thieves","floor":18.0,"turns":3.0},{"damage":14.0,"enemies":"3 Byrds","floor":21.0,"turns":5.0},{"damage":32.0,"enemies":"Book of Stabbing","floor":24.0,"turns":4.0},{"damage":40.0,"enemies":"Slavers","floor":27.0,"turns":3.0},{"damage":5.0,"enemies":"Snecko","floor":28.0,"turns":4.0},{"damage":28.0,"enemies":"Centurion and Healer","floor":30.0,"turns":5.0},{"damage":79.0,"enemies":"Collector","floor":33.0,"turns":9.0},{"damage":3.0,"enemies":"Orb Walker","floor":35.0,"turns":3.0},{"damage":24.0,"enemies":"3 Darklings","floor":36.0,"turns":7.0},{"damage":0.0,"enemies":"Writhing Mass","floor":38.0,"turns":1.0},{"damage":21.0,"enemies":"Transient","floor":39.0,"turns":6.0},{"damage":25,"enemies":"Nemesis","floor":40,"turns":5},{"damage":35,"enemies":"Maw","floor":42,"turns":7},{"damage":65,"enemies":"Giant Head","floor":44,"turns":5}],"seed_played":"1812437695975738887","potions_obtained":[{"floor":0.0,"key":"Fruit Juice"},{"floor":0.0,"key":"SpeedPotion"},{"floor":0.0,"key":"EssenceOfSteel"},{"floor":1.0,"key":"AttackPotion"},{"floor":11.0,"key":"Block Potion"},{"floor":13.0,"key":"FearPotion"},{"floor":14.0,"key":"Energy Potion"},{"floor":24.0,"key":"Weak Potion"},{"floor":27.0,"key":"SmokeBomb"},{"floor":35.0,"key":"SpeedPotion"},{"floor":36.0,"key":"Swift Potion"},{"floor":39.0,"key":"PowerPotion"},{"floor":40,"key":"Block Potion"},{"floor":42,"key":"Regen Potion"}],"is_trial":false,"path_per_floor":["M","?","M","$","M","R","E","R","T","M","E","?","M","M","R","B",null,"M","?","?","M","$","R","E","R","T","E","M","R","M","$","R","B",null,"M","M","$","M","M","E","R","M","T","E"],"character_chosen":"IRONCLAD","items_purchased":["Rampage","Frozen Egg 2","Shrug It Off","Rupture+1","Shrug It Off"],"campfire_rested":4,"item_purchase_floors":[4,22,31,37,37],"current_hp_per_floor":[79,79,73,73,76,76,63,63,63,43,29,24,24,19,19,11,63,39,39,33,25,25,64,38,77,77,43,44,44,22,22,61,7,62,65,47,47,53,38,19,58,29,29,0],"gold":147,"neow_bonus":"THREE_SMALL_POTIONS","is_prod":false,"is_daily":false,"chose_seed":false,"campfire_upgraded":4,"win_rate":0,"timestamp":1567287762,"path_taken":["M","?","M","$","M","R","E","R","T","M","E","?","M","M","R","BOSS","M","?","?","M","?","R","E","R","T","E","M","R","M","$","R","BOSS","M","M","$","M","M","E","R","M","T","E"],"build_version":"2019-01-23","purchased_purges":0,"victory":false,"max_hp_per_floor":[80,80,80,80,80,80,80,80,80,80,80,80,80,80,80,80,80,80,80,80,80,80,80,80,80,80,80,80,80,80,80,80,80,80,80,80,80,80,80,80,80,80,80,80],"card_choices":[{"not_picked":["Wild Strike","Bloodletting"],"picked":"Cleave","floor":1.0},{"not_picked":["Cleave","Perfected Strike"],"picked":"Pommel Strike","floor":3.0},{"not_picked":["Sever Soul","Sword Boomerang"],"picked":"Clothesline","floor":5.0},{"not_picked":["Brutality","Reckless Charge"],"picked":"Spot Weakness","floor":7.0},{"not_picked":["Metallicize","Evolve"],"picked":"Headbutt","floor":10.0},{"not_picked":["Second Wind","Cleave"],"picked":"Heavy Blade","floor":11.0},{"not_picked":["Reckless Charge","True Grit"],"picked":"Armaments","floor":12.0},{"not_picked":["Body Slam","Spot Weakness"],"picked":"Combust","floor":13.0},{"not_picked":["Thunderclap","Armaments"],"picked":"Carnage","floor":14.0},{"not_picked":["Barricade","Dark Embrace"],"picked":"Offering","floor":16.0},{"not_picked":["Hemokinesis","Wild Strike"],"picked":"Shockwave","floor":18.0},{"not_picked":["Havoc","Uppercut","Pommel Strike"],"picked":"SKIP","floor":21.0},{"not_picked":["Body Slam","Bloodletting","Feel No Pain+1"],"picked":"SKIP","floor":24.0},{"not_picked":["Clash","Shrug It Off"],"picked":"Impervious","floor":27.0},{"not_picked":["Wild Strike+1","Shrug It Off"],"picked":"Pummel+1","floor":28.0},{"not_picked":["True Grit","Blood for Blood","Iron Wave"],"picked":"SKIP","floor":30.0},{"not_picked":["Feed","Juggernaut+1"],"picked":"Impervious","floor":33.0},{"not_picked":["Headbutt","Infernal Blade+1"],"picked":"Spot Weakness","floor":35.0},{"not_picked":["Entrench","Burning Pact+1","Pummel"],"picked":"SKIP","floor":36.0},{"not_picked":["Iron Wave","Clash"],"picked":"Seeing Red","floor":39.0},{"not_picked":["Offering","Feel No Pain+1"],"picked":"Brutality+1","floor":40},{"not_picked":["Fire Breathing+1","Clash"],"picked":"Clothesline+1","floor":42}],"player_experience":2883550,"relics_obtained":[{"floor":7.0,"key":"PreservedInsect"},{"floor":9.0,"key":"Regal Pillow"},{"floor":11.0,"key":"Pantograph"},{"floor":12.0,"key":"Odd Mushroom"},{"floor":24.0,"key":"StoneCalendar"},{"floor":26.0,"key":"Mercury Hourglass"},{"floor":27.0,"key":"Juzu Bracelet"},{"floor":40,"key":"Shuriken"},{"floor":43,"key":"Orichalcum"}],"event_choices":[{"damage_healed":0.0,"max_hp_gain":0.0,"max_hp_loss":0.0,"gold_gain":0.0,"cards_transformed":["Strike_R"],"event_name":"Living Wall","player_choice":"Change","floor":2.0,"gold_loss":0.0,"damage_taken":0.0,"cards_obtained":["Evolve"]},{"damage_healed":0.0,"max_hp_gain":0.0,"max_hp_loss":0.0,"gold_gain":0.0,"event_name":"Mushrooms","player_choice":"Fought Mushrooms","floor":12.0,"gold_loss":0.0,"damage_taken":0.0},{"damage_healed":0.0,"max_hp_gain":0.0,"max_hp_loss":0.0,"gold_gain":0.0,"event_name":"Back to Basics","player_choice":"Simplicity","floor":19.0,"gold_loss":0.0,"damage_taken":0.0,"cards_upgraded":["Strike_R","Strike_R","Strike_R","Strike_R","Defend_R","Defend_R","Defend_R","Defend_R"]},{"damage_healed":0.0,"max_hp_gain":0.0,"max_hp_loss":0.0,"gold_gain":0.0,"event_name":"Nest","player_choice":"Joined the Cult","floor":20.0,"gold_loss":0.0,"damage_taken":6.0,"cards_obtained":["RitualDagger"]}],"is_beta":false,"boss_relics":[{"not_picked":["Black Blood","Cursed Key"],"picked":"Mark of Pain"},{"not_picked":["Tiny House","Eternal Feather"],"picked":"White Beast Statue"}],"items_purged_floors":[],"is_endless":false,"potions_floor_spawned":[1,11,13,14,24,27,28,35,36,38,39,40,42],"killed_by":"Giant Head","ascension_level":20}