{"gold_per_floor":[118,14,24,74,85,85,102,102,125,172,184,209,286,298,310,401,413,413,20,20,20,20,20,20,20,20,20,0,0,0,0,0,0],"floor_reached":33,"playtime":3104,"items_purged":["Strike_G"],"score":575,"play_id":"454fa057-becf-4063-89d3-8fecbe741adc","local_time":"20190625023306","is_ascension_mode":true,"campfire_choices":[{"data":"Neutralize","floor":6,"key":"SMITH"},{"data":"Cloak And Dagger","floor":8,"key":"SMITH"},{"floor":11,"key":"REST"},{"data":"Leg Sweep","floor":15,"key":"SMITH"},{"floor":23,"key":"REST"},{"floor":27,"key":"REST"},{"floor":32,"key":"REST"}],"neow_cost":"PERCENT_DAMAGE","seed_source_timestamp":0,"circlet_count":0,"master_deck":["AscendersBane","Defend_G","Defend_G","Defend_G","Defend_G","Defend_G","Strike_G","Strike_G","Strike_G","Strike_G","Survivor","Neutralize+1","Die Die Die","Deadly Poison","Leg Sweep+1","Bane","Flying Knee","Cloak And Dagger+1","PiercingWail","Choke","After Image","Sucker Punch+1","Footwork","Deflect","Poisoned Stab","PiercingWail+1","Deflect+1","Heel Hook+1","Well Laid Plans","Blur","Infinite Blades"],"special_seed":0,"relics":["Ring of the Snake","MawBank","Blood Vial","Tiny Chest","Paper Crane","Ectoplasm","PreservedInsect","Orichalcum","Shuriken","Letter Opener","NlothsMask"],"potions_floor_usage":[10,13,16,16,25,29],"damage_taken":[{"damage":0,"enemies":"Small Slimes","floor":1,"turns":2},{"damage":0,"enemies":"Cultist","floor":3,"turns":4},{"damage":0,"enemies":"Jaw Worm","floor":5,"turns":3},{"damage":1,"enemies":"3 Louse","floor":7,"turns":2},{"damage":14,"enemies":"Lagavulin","floor":10,"turns":10},{"damage":7,"enemies":"Large Slime","floor":12,"turns":5},{"damage":15,"enemies":"3 Sentries","floor":13,"turns":7},{"damage":13,"enemies":"The Guardian","floor":16,"turns":10},{"damage":5,"enemies":"Spheric Guardian","floor":18,"turns":6},{"damage":0,"enemies":"Shell Parasite","floor":20,"turns":6},{"damage":35,"enemies":"Cultist and Chosen","floor":22,"turns":8},{"damage":2,"enemies":"Centurion and Healer","floor":24,"turns":11},{"damage":17,"enemies":"Gremlin Leader","floor":25,"turns":9},{"damage":1,"enemies":"Slavers","floor":29,"turns":6},{"damage":29,"enemies":"Sentry and Sphere","floor":31,"turns":8},{"damage":52,"enemies":"Champ","floor":33,"turns":12}],"seed_played":"-3012359202910446224","potions_obtained":[{"floor":3,"key":"Ancient Potion"},{"floor":7,"key":"Poison Potion"},{"floor":12,"key":"Dexterity Potion"},{"floor":13,"key":"AttackPotion"},{"floor":18,"key":"Fire Potion"},{"floor":25,"key":"GamblersBrew"}],"is_trial":false,"path_per_floor":["M","$","M","?","M","R","M","R","T","E","R","M","E","T","R","B",null,"M","$","M","$","M","R","M","E","T","R","?","E","?","M","R","B"],"character_chosen":"THE_SILENT","items_purchased":["Leg Sweep","Bane","Footwork","Deflect","PreservedInsect","Poisoned Stab"],"campfire_rested":4,"item_purchase_floors":[2,2,19,19,19,19],"current_hp_per_floor":[44,44,44,44,44,44,43,43,43,29,48,43,30,30,30,19,54,51,51,53,53,20,39,39,24,24,43,43,44,44,17,36,0],"gold":0,"neow_bonus":"THREE_RARE_CARDS","is_prod":false,"is_daily":false,"chose_seed":false,"campfire_upgraded":3,"win_rate":0,"timestamp":1561444386,"path_taken":["M","$","M","?","?","R","?","R","T","E","R","M","E","?","R","BOSS","M","$","M","$","M","R","M","E","T","R","?","E","?","M","R","BOSS"],"build_version":"2019-01-23","purchased_purges":1,"victory":false,"max_hp_per_floor":[66,66,66,66,66,66,66,66,66,66,66,66,66,66,66,66,66,66,66,66,66,66,66,66,66,66,66,66,66,66,66,66,66],"card_choices":[{"not_picked":["Storm of Steel","Venomology"],"picked":"Die Die Die","floor":0},{"not_picked":["Blade Dance","Infinite Blades"],"picked":"Deadly Poison","floor":1},{"not_picked":["Expertise","Flying Knee","Tactician"],"picked":"SKIP","floor":3},{"not_picked":["Expertise","Tactician"],"picked":"Flying Knee","floor":3},{"not_picked":["Dagger Throw","Flying Knee"],"picked":"Cloak And Dagger","floor":5},{"not_picked":["Dagger Spray","Leg Sweep"],"picked":"PiercingWail","floor":7},{"not_picked":["Flechettes","Bullet Time","Underhanded Strike"],"picked":"SKIP","floor":10},{"not_picked":["Blade Dance","Flying Knee"],"picked":"Choke","floor":12},{"not_picked":["Night Terror","Choke","Blade Dance"],"picked":"SKIP","floor":13},{"not_picked":["Adrenaline","Phantasmal Killer"],"picked":"After Image","floor":16},{"not_picked":["Tactician","Blur"],"picked":"Sucker Punch+1","floor":18},{"not_picked":["Accuracy","Deflect"],"picked":"PiercingWail+1","floor":20},{"not_picked":["Dagger Throw","Calculated Gamble"],"picked":"Deflect+1","floor":22},{"not_picked":["Backflip+1","Sucker Punch"],"picked":"Heel Hook+1","floor":24},{"not_picked":["Night Terror","Dagger Spray"],"picked":"Well Laid Plans","floor":25},{"not_picked":["Setup","Well Laid Plans"],"picked":"Blur","floor":29},{"not_picked":["Underhanded Strike","Dodge and Roll"],"picked":"Infinite Blades","floor":31}],"player_experience":2632879,"relics_obtained":[{"floor":9,"key":"MawBank"},{"floor":10,"key":"Blood Vial"},{"floor":13,"key":"Tiny Chest"},{"floor":14,"key":"Paper Crane"},{"floor":25,"key":"Orichalcum"},{"floor":26,"key":"Shuriken"},{"floor":29,"key":"Letter Opener"}],"event_choices":[{"damage_healed":0,"gold_gain":50,"player_choice":"Pray","damage_taken":0,"max_hp_gain":0,"max_hp_loss":0,"event_name":"Golden Shrine","floor":4,"gold_loss":0},{"damage_healed":0,"gold_gain":0,"player_choice":"Paid Fearfully","damage_taken":0,"max_hp_gain":0,"max_hp_loss":0,"event_name":"Masked Bandits","floor":28,"gold_loss":20},{"damage_healed":0,"gold_gain":0,"player_choice":"Trade","damage_taken":0,"relics_obtained":["NlothsMask"],"max_hp_gain":0,"max_hp_loss":0,"event_name":"FaceTrader","floor":30,"gold_loss":0}],"is_beta":false,"boss_relics":[{"not_picked":["Snecko Eye","HoveringKite"],"picked":"Ectoplasm"}],"items_purged_floors":[19],"is_endless":false,"potions_floor_spawned":[3,7,12,13,18,25],"killed_by":"Champ","ascension_level":19}