{"path_per_floor":["M","?","?","M","M","E","R","E","T","M","R","$","$","M","R","B",null,"M","?","T","M","M"],"character_chosen":"DEFECT","items_purchased":["Gash","Gash"],"gold_per_floor":[117,117,117,135,152,182,182,209,209,226,226,102,49,67,67,167,167,179,179,179,198,209,209],"floor_reached":23,"campfire_rested":1,"playtime":1899,"item_purchase_floors":[12,13],"current_hp_per_floor":[74,74,59,59,59,48,70,65,75,75,75,75,75,74,74,55,85,80,64,64,46,36,0],"items_purged":["Strike_B"],"gold":209,"score":236,"play_id":"61eb5f71-8ad9-495b-8488-b9445edb7e1a","local_time":"20180609161206","is_prod":false,"is_daily":false,"chose_seed":false,"is_ascension_mode":true,"campfire_upgraded":2,"win_rate":0.0,"timestamp":1528585926,"campfire_choices":[{"floor":7,"key":"REST"},{"data":"Fusion","floor":11,"key":"SMITH"},{"data":"Gash","floor":15,"key":"SMITH"}],"path_taken":["M","?","?","M","M","E","R","E","T","M","R","?","$","?","R","BOSS","M","?","?","M","?","E"],"build_version":"2018-05-31","seed_source_timestamp":896724539200354,"purchased_purges":1,"victory":false,"master_deck":["Strike_B+1","Strike_B","Strike_B+1","Defend_B","Defend_B","Defend_B","Defend_B","Zap+1","Dualcast","Fusion+1","Rebound","Hello World","Sunder","Multi-Cast","Conserve Battery","Gash","Gash","Gash+1","Electrodynamics","Steam","Skim","Chaos","Scrape+1"],"max_hp_per_floor":[75,75,75,75,75,75,75,75,85,85,85,85,85,85,85,85,85,85,90,90,92,92,92],"relics":["Cracked Core","Singing Bowl","Mercury Hourglass","Pear","Inserter","Prayer Wheel"],"card_choices":[{"not_picked":["Conserve Battery","Capacitor"],"picked":"Fusion","floor":1},{"not_picked":["Cold Snap","Leap"],"picked":"Rebound","floor":4},{"not_picked":["FTL","Turbo"],"picked":"Hello World","floor":5},{"not_picked":["Ball Lightning","Thunder Strike"],"picked":"Sunder","floor":6},{"not_picked":["Leap","Steam"],"picked":"Multi-Cast","floor":8},{"not_picked":["Hologram","Coolheaded"],"picked":"Conserve Battery","floor":10},{"not_picked":["Steam","Reinforced Body"],"picked":"Gash","floor":14},{"not_picked":["Echo Form","Meteor Strike"],"picked":"Electrodynamics","floor":16},{"not_picked":["Fusion","Sweeping Beam+1"],"picked":"Steam","floor":18},{"not_picked":["Cold Snap","Blizzard","Reprogram"],"picked":"Singing Bowl","floor":21},{"not_picked":["Melter","Coolheaded"],"picked":"Skim","floor":21},{"not_picked":["Streamline","Go for the Eyes"],"picked":"Chaos","floor":22},{"not_picked":["Redo","White Noise"],"picked":"Scrape+1","floor":22}],"player_experience":577052,"potions_floor_usage":[5,6,21,21,23],"damage_taken":[{"damage":1,"enemies":"Jaw Worm","floor":1,"turns":4},{"damage":0,"enemies":"2 Louse","floor":4,"turns":3},{"damage":0,"enemies":"Small Slimes","floor":5,"turns":2},{"damage":11,"enemies":"Gremlin Nob","floor":6,"turns":3},{"damage":5,"enemies":"Lagavulin","floor":8,"turns":7},{"damage":0,"enemies":"Exordium Thugs","floor":10,"turns":3},{"damage":1,"enemies":"Exordium Wildlife","floor":14,"turns":2},{"damage":19,"enemies":"Slime Boss","floor":16,"turns":7},{"damage":5,"enemies":"Chosen","floor":18,"turns":4},{"damage":20,"enemies":"Spheric Guardian","floor":21,"turns":4},{"damage":10,"enemies":"Centurion and Healer","floor":22,"turns":5},{"damage":42,"enemies":"Slavers","floor":23,"turns":4}],"relics_obtained":[{"floor":6,"key":"Singing Bowl"},{"floor":8,"key":"Mercury Hourglass"},{"floor":9,"key":"Pear"},{"floor":20,"key":"Prayer Wheel"}],"event_choices":[{"event_name":"Liars Game","player_choice":"disagreed","floor":2,"damage_taken":0},{"event_name":"Shining Light","player_choice":"Entered Light","floor":3,"damage_taken":0},{"event_name":"Forgotten Altar","player_choice":"Shed Blood","floor":19,"damage_taken":0}],"boss_relics":[{"not_picked":["Eternal Feather","Black Star"],"picked":"Inserter"}],"items_purged_floors":[12],"potions_floor_spawned":[1,4,6,14,18],"seed_played":"4751263660649291704","killed_by":"Slavers","ascension_level":1,"potions_obtained":[{"floor":1,"key":"FearPotion"},{"floor":4,"key":"Fire Potion"},{"floor":6,"key":"Energy Potion"},{"floor":14,"key":"EssenceOfSteel"},{"floor":18,"key":"Weak Potion"}],"is_trial":false}