{"gold_per_floor":[113,60,25,25,25,54,54,84,84,119,194,194,208,228,228,304,354,370,370,370,387,20,20,45,45,68,68,80,80,105,115,115,115],"floor_reached":33,"playtime":2184,"items_purged":[],"score":611,"play_id":"e62c59b8-7fa5-4c76-856b-0507704eac6b","local_time":"20190316143958","is_ascension_mode":true,"campfire_choices":[{"data":"Zap","floor":7,"key":"SMITH"},{"floor":12,"key":"REST"},{"data":"Streamline","floor":15,"key":"SMITH"},{"data":"Hologram","floor":23,"key":"SMITH"},{"floor":25,"key":"REST"},{"floor":32,"key":"REST"}],"neow_cost":"NONE","seed_source_timestamp":1512442484322589,"circlet_count":0,"master_deck":["AscendersBane","Strike_B","Strike_B","Strike_B","Strike_B","Defend_B","Defend_B","Defend_B","Defend_B","Zap+1","Dualcast","Turbo","Cold Snap","Sweeping Beam","Compile Driver+1","Streamline+1","Stack","Rebound","Rainbow","Doom and Gloom","Go for the Eyes","Consume","RitualDagger","Hologram+1","Blind","Static Discharge+1","Conserve Battery","Defragment+1","Decay","Steam","Self Repair+1"],"relics":["Cracked Core","NeowsBlessing","Anchor","Frozen Egg 2","Bottled Flame","Centennial Puzzle","Tiny House","Oddly Smooth Stone","Darkstone Periapt","Happy Flower","Ice Cream"],"potions_floor_usage":[10,10,16,24,31,33],"damage_taken":[{"damage":0,"enemies":"Small Slimes","floor":1,"turns":1},{"damage":0,"enemies":"Lagavulin","floor":6,"turns":1},{"damage":0,"enemies":"3 Sentries","floor":8,"turns":1},{"damage":24,"enemies":"Lagavulin","floor":10,"turns":6},{"damage":2,"enemies":"Jaw Worm","floor":13,"turns":2},{"damage":0,"enemies":"2 Louse","floor":14,"turns":2},{"damage":31,"enemies":"Hexaghost","floor":16,"turns":10},{"damage":4,"enemies":"Spheric Guardian","floor":18,"turns":3},{"damage":6,"enemies":"Chosen","floor":21,"turns":6},{"damage":27,"enemies":"Slavers","floor":24,"turns":4},{"damage":11,"enemies":"Snecko","floor":28,"turns":4},{"damage":24,"enemies":"Book of Stabbing","floor":30,"turns":5},{"damage":10,"enemies":"Chosen and Byrds","floor":31,"turns":4},{"damage":47,"enemies":"Automaton","floor":33,"turns":6}],"seed_played":"3020861196998554276","potions_obtained":[{"floor":1,"key":"Poison Potion"},{"floor":6,"key":"FocusPotion"},{"floor":14,"key":"AttackPotion"},{"floor":17,"key":"FocusPotion"},{"floor":18,"key":"Ancient Potion"},{"floor":24,"key":"GamblersBrew"},{"floor":28,"key":"SteroidPotion"}],"is_trial":false,"path_per_floor":["M","$","?","?","?","E","R","E","T","E","?","R","M","M","R","B",null,"M","?","?","M","$","R","E","R","T","?","M","?","E","M","R","B"],"character_chosen":"DEFECT","items_purchased":["Cold Snap","Blind","Static Discharge+1","Oddly Smooth Stone","Conserve Battery"],"campfire_rested":3,"item_purchase_floors":[2,22,22,22,22],"current_hp_per_floor":[64,64,71,60,65,65,65,65,65,41,30,52,50,50,50,19,67,63,63,57,51,51,51,24,48,48,54,43,43,19,19,45,0],"gold":115,"neow_bonus":"THREE_ENEMY_KILL","is_prod":false,"is_daily":false,"chose_seed":false,"campfire_upgraded":3,"win_rate":0,"timestamp":1552761598,"path_taken":["M","$","?","?","?","E","R","E","T","E","?","R","M","M","R","BOSS","M","?","?","M","$","R","E","R","T","?","M","?","E","M","R","BOSS"],"build_version":"2019-01-23","purchased_purges":0,"victory":false,"max_hp_per_floor":[71,71,71,71,76,76,76,76,76,76,76,76,76,76,76,76,81,81,81,81,81,81,81,81,81,81,87,87,87,87,87,87,87],"card_choices":[{"not_picked":["Scrape","Redo"],"picked":"Turbo","floor":1},{"not_picked":["Cold Snap","Rebound"],"picked":"Sweeping Beam","floor":6},{"not_picked":["BootSequence","Coolheaded"],"picked":"Compile Driver","floor":8},{"not_picked":["Barrage","Turbo"],"picked":"Streamline","floor":10},{"not_picked":["Genetic Algorithm","Meteor Strike"],"picked":"Stack","floor":13},{"not_picked":["Barrage","Cold Snap"],"picked":"Rebound","floor":14},{"not_picked":["Reboot","Amplify"],"picked":"Rainbow","floor":16},{"not_picked":["Heatsinks+1","Stack"],"picked":"Doom and Gloom","floor":17},{"not_picked":["Compile Driver","Gash"],"picked":"Go for the Eyes","floor":18},{"not_picked":["Steam","Chaos"],"picked":"Hologram","floor":21},{"not_picked":["Heatsinks+1","Static Discharge+1"],"picked":"Defragment+1","floor":24},{"not_picked":["Auto Shields","Stack"],"picked":"Steam","floor":28},{"not_picked":["Gash","Barrage"],"picked":"Self Repair+1","floor":30},{"not_picked":["Streamline","Undo","Conserve Battery"],"picked":"SKIP","floor":31}],"player_experience":2391294,"relics_obtained":[{"floor":6,"key":"Anchor"},{"floor":8,"key":"Frozen Egg 2"},{"floor":9,"key":"Bottled Flame"},{"floor":10,"key":"Centennial Puzzle"},{"floor":24,"key":"Darkstone Periapt"},{"floor":26,"key":"Happy Flower"},{"floor":30,"key":"Ice Cream"}],"event_choices":[{"damage_healed":17,"gold_gain":0,"player_choice":"Healed","damage_taken":0,"max_hp_gain":0,"max_hp_loss":0,"event_name":"The Cleric","floor":3,"gold_loss":35},{"damage_healed":0,"gold_gain":0,"player_choice":"Fled","damage_taken":11,"max_hp_gain":0,"max_hp_loss":0,"event_name":"Scrap Ooze","floor":4,"gold_loss":0},{"damage_healed":0,"gold_gain":0,"player_choice":"Donut","damage_taken":0,"max_hp_gain":5,"max_hp_loss":0,"event_name":"Big Fish","floor":5,"gold_loss":0},{"damage_healed":0,"gold_gain":75,"player_choice":"Gather Gold","damage_taken":11,"max_hp_gain":0,"max_hp_loss":0,"event_name":"World of Goop","floor":11,"gold_loss":0},{"damage_healed":0,"gold_gain":0,"player_choice":"Read","damage_taken":0,"max_hp_gain":0,"max_hp_loss":0,"event_name":"The Library","floor":19,"gold_loss":0,"cards_obtained":["Consume"]},{"damage_healed":0,"gold_gain":0,"player_choice":"Joined the Cult","damage_taken":6,"max_hp_gain":0,"max_hp_loss":0,"event_name":"Nest","floor":20,"gold_loss":0,"cards_obtained":["RitualDagger"]},{"damage_healed":0,"gold_gain":0,"player_choice":"Smashed Altar","damage_taken":0,"max_hp_gain":0,"max_hp_loss":0,"event_name":"Forgotten Altar","floor":27,"gold_loss":0,"cards_obtained":["Decay"]},{"damage_healed":0,"gold_gain":0,"player_choice":"Ignored","damage_taken":0,"max_hp_gain":0,"max_hp_loss":0,"event_name":"Cursed Tome","floor":29,"gold_loss":0}],"is_beta":false,"boss_relics":[{"not_picked":["Coffee Dripper","Calling Bell"],"picked":"Tiny House"}],"items_purged_floors":[],"is_endless":false,"potions_floor_spawned":[1,6,8,14,18,24,28],"killed_by":"Automaton","ascension_level":15}