{"path_per_floor":["M","?","M","M","M","E","$","?","T","?","E","?","R","M","R","B",null,"M","?","$","M","?"],"character_chosen":"IRONCLAD","items_purchased":["Metallicize","Shrug It Off","Inflame","Apotheosis"],"gold_per_floor":[20,20,35,52,71,98,24,24,324,352,381,381,381,401,401,531,531,556,481,101,121,36],"floor_reached":23,"campfire_rested":1,"playtime":2385,"current_hp_per_floor":[79,63,61,66,65,55,55,55,55,47,53,33,57,61,61,36,89,57,57,57,54,54],"items_purged":["Strike_R"],"gold":36,"score":199,"play_id":"fc0ee2ce-a395-422f-8b8d-2c291bc803ef","is_prod":false,"is_daily":false,"is_ascension_mode":false,"campfire_upgraded":1,"path_taken":["M","?","M","M","?","E","$","?","T","?","E","?","R","M","R","BOSS","M","?","$","M","?","E"],"build_version":"2018-02-22-PROD2","purchased_purges":1,"victory":false,"master_deck":["Strike_R+1","Strike_R+1","Defend_R","Defend_R","Defend_R","Defend_R","Bash","Inflame","Rampage+1","Shrug It Off","Heavy Blade","Feed","Metallicize","Flex","Cleave","Clothesline","Headbutt","Limit Break","Spot Weakness","Spot Weakness","Flex","Limit Break","Armaments","Sword Boomerang+1","Shrug It Off","Inflame","Apotheosis"],"max_hp_per_floor":[80,80,80,80,80,80,80,80,80,83,83,83,83,86,86,89,89,92,92,92,92,92],"relics":["Burning Blood","Ice Cream","Prayer Wheel","Old Coin","Odd Mushroom","Bag of Preparation","Golden Idol","Orrery","Frozen Egg 2"],"card_choices":[{"not_picked":["Cleave","Pommel Strike"],"picked":"Inflame"},{"not_picked":["Flex","Disarm"],"picked":"Rampage"},{"not_picked":["Reckless Charge","Perfected Strike"],"picked":"Shrug It Off"},{"not_picked":["Warcry","Body Slam"],"picked":"Heavy Blade"},{"not_picked":["Heavy Blade","Clash"],"picked":"Feed"},{"not_picked":["Clash","Uppercut"],"picked":"Flex"},{"not_picked":["True Grit","Body Slam"],"picked":"Cleave"},{"not_picked":["Havoc","Rage"],"picked":"Clothesline"},{"not_picked":["Clash","Heavy Blade"],"picked":"Headbutt"},{"not_picked":["Immolate","Exhume"],"picked":"Limit Break"},{"not_picked":["Combust","True Grit"],"picked":"Spot Weakness"},{"not_picked":["Evolve","Perfected Strike"],"picked":"Spot Weakness"},{"not_picked":["Burning Pact","Pummel"],"picked":"Flex"},{"not_picked":["Armaments","Sentinel"],"picked":"Limit Break"},{"not_picked":["Perfected Strike","Clash"],"picked":"Armaments"},{"not_picked":["Clash","Iron Wave"],"picked":"Sword Boomerang"}],"player_experience":145518,"potions_floor_usage":[11,16,16,23,23],"damage_taken":[{"damage":7,"enemies":"2 Louse","floor":1,"turns":4},{"damage":8,"enemies":"Jaw Worm","floor":3,"turns":3},{"damage":1,"enemies":"Cultist","floor":4,"turns":4},{"damage":7,"enemies":"Blue Slaver","floor":5,"turns":3},{"damage":16,"enemies":"Gremlin Nob","floor":6,"turns":4},{"damage":17,"enemies":"The Mushroom Lair","floor":10,"turns":5},{"damage":15,"enemies":"Lagavulin","floor":11,"turns":6},{"damage":5,"enemies":"Lots of Slimes","floor":14,"turns":3},{"damage":34,"enemies":"The Guardian","floor":16,"turns":12},{"damage":41,"enemies":"3 Byrds","floor":18,"turns":6},{"damage":9,"enemies":"Chosen","floor":21,"turns":5},{"damage":63,"enemies":"Slavers","floor":23,"turns":5}],"event_choices":[{"event_name":"Shining Light","player_choice":"Entered Light","floor":2,"damage_taken":0},{"event_name":"Bonfire Elementals","player_choice":"BASIC","floor":8,"damage_taken":0},{"event_name":"Mushrooms","player_choice":"Fought Mushrooms","floor":10,"damage_taken":0},{"event_name":"Golden Idol","player_choice":"Take Damage","floor":12,"damage_taken":0},{"event_name":"Beggar","player_choice":"Gave Gold","floor":19,"damage_taken":0},{"event_name":"Addict","player_choice":"Obtained Relic","floor":22,"damage_taken":0}],"boss_relics":[{"not_picked":["Lizard Tail","Runic Pyramid"],"picked":"Orrery"}],"potions_floor_spawned":[5,6,10,11,16],"seed_played":"-9118166425620559628","killed_by":"Slavers","ascension_level":0,"is_trial":false}