{"gold_per_floor":[114,129,144,159,174,174,204,204,229,34,34,34,49,64,64,184,184,199,214,214,214,214,214,229,229,229,229,259,274,111,126,126,126],"floor_reached":33,"playtime":2727,"items_purged":[],"score":319,"play_id":"d07b20f7-6400-44d4-9c21-be35a86453fb","local_time":"20181112234458","daily_mods":["Chimera","Colorless Cards","Lethality"],"is_ascension_mode":false,"campfire_choices":[{"data":"Beam Cell","floor":6,"key":"SMITH"},{"floor":8,"key":"REST"},{"data":"Doom and Gloom","floor":12,"key":"SMITH"},{"data":"Metamorphosis","floor":15,"key":"SMITH"},{"floor":23,"key":"REST"},{"floor":25,"key":"REST"},{"floor":27,"key":"REST"},{"floor":32,"key":"REST"}],"neow_cost":"","seed_source_timestamp":0,"circlet_count":0,"master_deck":["Bash","Survivor","Zap","Strike_R","Strike_G","Strike_B","Defend_R","Defend_G","Defend_B","Gash","Beam Cell+1","Doom and Gloom+1","Turbo","Steam","Gash","Gash","Beam Cell","Metamorphosis+1","Master of Strategy","Finesse","Genetic Algorithm","Redo","Violence","Compile Driver","Chrysalis","Sweeping Beam+1","Hologram","Auto Shields","Bandage Up","Go for the Eyes+1","Stack+1"],"special_seed":17848,"relics":["Cracked Core","Calipers","Ancient Tea Set","Bag of Marbles","Dream Catcher","Ornamental Fan","Emotion Chip"],"potions_floor_usage":[4,4,13,28,33,33],"damage_taken":[{"damage":4,"enemies":"Cultist","floor":1,"turns":4},{"damage":2,"enemies":"Small Slimes","floor":2,"turns":3},{"damage":0,"enemies":"2 Louse","floor":3,"turns":2},{"damage":1,"enemies":"Large Slime","floor":4,"turns":3},{"damage":11,"enemies":"Lots of Slimes","floor":5,"turns":3},{"damage":21,"enemies":"3 Sentries","floor":7,"turns":6},{"damage":0,"enemies":"Exordium Thugs","floor":13,"turns":2},{"damage":0,"enemies":"Large Slime","floor":14,"turns":3},{"damage":0,"enemies":"Slime Boss","floor":16,"turns":4},{"damage":39,"enemies":"2 Thieves","floor":18,"turns":3},{"damage":18,"enemies":"Shell Parasite","floor":19,"turns":4},{"damage":18,"enemies":"Cultist and Chosen","floor":24,"turns":5},{"damage":30,"enemies":"Gremlin Leader","floor":28,"turns":4},{"damage":25,"enemies":"Snake Plant","floor":29,"turns":3},{"damage":3,"enemies":"3 Cultists","floor":31,"turns":4},{"damage":42,"enemies":"Collector","floor":33,"turns":5}],"seed_played":"-6844763107300469572","potions_obtained":[{"floor":1,"key":"SkillPotion"},{"floor":3,"key":"GamblersBrew"},{"floor":7,"key":"Dexterity Potion"},{"floor":11,"key":"Explosive Potion"},{"floor":11,"key":"FearPotion"},{"floor":14,"key":"LiquidBronze"},{"floor":31,"key":"SpeedPotion"}],"is_trial":false,"path_per_floor":["M","M","M","M","M","R","E","R","T","$","?","R","M","M","R","B",null,"M","M","?","?","?","R","M","R","T","R","E","M","$","M","R","B"],"character_chosen":"DEFECT","items_purchased":["Bag of Marbles","Gash","Auto Shields","Bandage Up"],"campfire_rested":5,"item_purchase_floors":[10,10,30,30],"current_hp_per_floor":[71,69,69,68,57,57,36,58,58,58,58,58,58,58,58,58,75,36,18,18,18,18,40,22,44,44,66,36,11,11,12,34,0],"gold":126,"neow_bonus":"","is_prod":false,"is_daily":true,"chose_seed":false,"campfire_upgraded":3,"win_rate":0,"timestamp":1542084298,"path_taken":["M","M","?","M","M","R","E","R","T","$","?","R","M","M","R","BOSS","M","?","?","?","?","R","M","R","T","R","E","?","?","M","R","BOSS"],"build_version":"2018-11-08","purchased_purges":0,"victory":false,"max_hp_per_floor":[75,75,75,75,75,75,75,75,75,75,75,75,75,75,75,75,75,75,75,75,75,75,75,75,75,75,75,75,75,75,75,75,75],"card_choices":[{"not_picked":["Skim","Chaos"],"picked":"Gash","floor":1},{"not_picked":["Swift Strike","Leap"],"picked":"Beam Cell","floor":2},{"not_picked":["Aggregate","Defragment"],"picked":"Doom and Gloom","floor":3},{"not_picked":["Streamline","Steam"],"picked":"Turbo","floor":4},{"not_picked":["Glacier","Mayhem"],"picked":"Steam","floor":5},{"not_picked":["Coolheaded","Stack"],"picked":"Gash","floor":7},{"not_picked":["Leap","Fusion"],"picked":"Beam Cell","floor":13},{"not_picked":["Recycle","Conserve Battery"],"picked":"Metamorphosis","floor":14},{"not_picked":["The Bomb","Amplify"],"picked":"Master of Strategy","floor":16},{"not_picked":["Sweeping Beam","Conserve Battery"],"picked":"Finesse","floor":18},{"not_picked":["Blizzard","Cold Snap"],"picked":"Genetic Algorithm","floor":19},{"not_picked":["Chaos","Stack"],"picked":"Redo","floor":23},{"not_picked":["Enlightenment+1","Barrage"],"picked":"Violence","floor":24},{"not_picked":["Redo+1","Self Repair"],"picked":"Compile Driver","floor":25},{"not_picked":["Madness+1","Stack"],"picked":"Chrysalis","floor":27},{"not_picked":["Leap","Stack"],"picked":"Sweeping Beam+1","floor":28},{"not_picked":["Consume","Steam"],"picked":"Hologram","floor":29},{"not_picked":["Stack","Skim"],"picked":"Go for the Eyes+1","floor":31},{"not_picked":["Trip","Madness"],"picked":"Stack+1","floor":32}],"player_experience":1981740,"relics_obtained":[{"floor":7,"key":"Calipers"},{"floor":9,"key":"Ancient Tea Set"},{"floor":26,"key":"Ornamental Fan"},{"floor":28,"key":"Emotion Chip"}],"event_choices":[{"damage_healed":0,"gold_gain":0,"player_choice":"Got Potions","damage_taken":0,"max_hp_gain":0,"max_hp_loss":0,"event_name":"Lab","floor":11,"gold_loss":0},{"damage_healed":0,"gold_gain":0,"player_choice":"Opened","damage_taken":0,"relics_obtained":["Dream Catcher"],"max_hp_gain":0,"max_hp_loss":0,"event_name":"The Mausoleum","floor":20,"gold_loss":0},{"damage_healed":0,"gold_gain":0,"player_choice":"Ignored","damage_taken":0,"max_hp_gain":0,"max_hp_loss":0,"event_name":"Cursed Tome","floor":21,"gold_loss":0},{"damage_healed":0,"gold_gain":0,"player_choice":"Bought 0 Potions","damage_taken":0,"max_hp_gain":0,"max_hp_loss":0,"event_name":"The Woman in Blue","floor":22,"gold_loss":0}],"is_beta":false,"boss_relics":[{"not_picked":["Runic Dome","Fusion Hammer","Snecko Eye"]}],"items_purged_floors":[],"is_endless":false,"potions_floor_spawned":[1,3,7,14,19,31],"killed_by":"Collector","ascension_level":0}