{"gold_per_floor":[117,127,146,0,17,17,45,45,114,114,114,8,34,53,53,149,149,149,149,0,0,0,0,0,0,0,0,0,0,0,0,0,0,0,0,0,0,0,0,0],"floor_reached":40,"playtime":2369,"items_purged":[],"score":495,"play_id":"97282cf6-c5f6-4bd5-8a1c-ee1a17aaa615","local_time":"20190710103117","is_ascension_mode":false,"campfire_choices":[{"floor":6,"key":"REST"},{"floor":10,"key":"REST"},{"floor":15,"key":"REST"},{"floor":23,"key":"REST"},{"floor":25,"key":"REST"},{"floor":29,"key":"REST"},{"floor":32,"key":"REST"}],"neow_cost":"NONE","seed_source_timestamp":908947940465419,"circlet_count":0,"master_deck":["Strike_G","Strike_G","Strike_G","Strike_G","Strike_G","Defend_G","Defend_G","Defend_G","Defend_G","Defend_G","Survivor","Neutralize","Finisher","Poisoned Stab+1","Quick Slash","Quick Slash","Swift Strike","Backstab","Catalyst+1","Infinite Blades","Outmaneuver","Burst","Deadly Poison","Corpse Explosion","Poisoned Stab+1","Skewer+1","Accuracy","Swift Strike","Accuracy","Bouncing Flask","Endless Agony","Deadly Poison","Neutralize","Catalyst","PiercingWail","Bullet Time+1","Leg Sweep+1","Terror+1","Terror","Backstab+1"],"relics":["Sozu","Pocketwatch","Potion Belt","Pear","Centennial Puzzle","Ectoplasm","StoneCalendar","Regal Pillow","Tiny House"],"potions_floor_usage":[],"damage_taken":[{"damage":0,"enemies":"Cultist","floor":1,"turns":5},{"damage":5,"enemies":"2 Louse","floor":2,"turns":3},{"damage":11,"enemies":"Jaw Worm","floor":3,"turns":2},{"damage":23,"enemies":"Gremlin Gang","floor":5,"turns":3},{"damage":15,"enemies":"Gremlin Nob","floor":7,"turns":4},{"damage":23,"enemies":"3 Sentries","floor":13,"turns":5},{"damage":4,"enemies":"Blue Slaver","floor":14,"turns":2},{"damage":23,"enemies":"Slime Boss","floor":16,"turns":10},{"damage":7,"enemies":"Spheric Guardian","floor":18,"turns":3},{"damage":8,"enemies":"Shell Parasite","floor":19,"turns":3},{"damage":3,"enemies":"Snecko","floor":21,"turns":4},{"damage":19,"enemies":"Centurion and Healer","floor":22,"turns":3},{"damage":47,"enemies":"Slavers","floor":24,"turns":4},{"damage":10,"enemies":"Cultist and Chosen","floor":27,"turns":4},{"damage":14,"enemies":"Chosen and Byrds","floor":30,"turns":4},{"damage":15,"enemies":"Centurion and Healer","floor":31,"turns":2},{"damage":17,"enemies":"Champ","floor":33,"turns":4},{"damage":31,"enemies":"3 Shapes","floor":35,"turns":4},{"damage":27,"enemies":"3 Darklings","floor":38,"turns":5},{"damage":8,"enemies":"Transient","floor":39,"turns":5},{"damage":69,"enemies":"Giant Head","floor":40,"turns":6}],"seed_played":"-8433508149742331568","potions_obtained":[],"is_trial":false,"path_per_floor":["M","M","M","$","M","R","E","?","T","R","?","$","E","M","R","B",null,"M","M","$","M","M","R","E","R","T","M","?","R","M","M","R","B",null,"M","?","?","M","M","E"],"character_chosen":"THE_SILENT","items_purchased":["Quick Slash","Swift Strike","Infinite Blades","Outmaneuver","Accuracy","Swift Strike"],"campfire_rested":7,"item_purchase_floors":[4,4,12,12,20,20],"current_hp_per_floor":[70,65,54,54,31,52,37,30,40,64,48,48,25,21,45,22,80,73,65,65,62,43,67,20,44,44,34,34,73,59,44,80,63,85,54,75,75,48,40,0],"gold":0,"neow_bonus":"BOSS_RELIC","is_prod":false,"is_daily":false,"chose_seed":false,"campfire_upgraded":0,"win_rate":0.0,"timestamp":1562765477,"path_taken":["M","M","M","$","M","R","E","?","T","R","?","$","E","M","R","BOSS","M","M","$","M","M","R","E","R","T","M","?","R","?","M","R","BOSS","M","?","?","M","M","E"],"build_version":"2019-07-05","purchased_purges":0,"victory":false,"max_hp_per_floor":[70,70,70,70,70,70,70,70,80,80,80,80,80,80,80,80,80,80,80,80,80,80,80,80,80,80,80,80,80,80,80,80,80,85,85,85,85,85,85,85],"card_choices":[{"not_picked":["Endless Agony","Well Laid Plans"],"picked":"Finisher","floor":1},{"not_picked":["Escape Plan","Underhanded Strike"],"picked":"Poisoned Stab","floor":2},{"not_picked":["Outmaneuver","Riddle With Holes"],"picked":"Quick Slash","floor":3},{"not_picked":["Cloak And Dagger","Well Laid Plans"],"picked":"Backstab","floor":5},{"not_picked":["Deadly Poison","Escape Plan"],"picked":"Catalyst","floor":7},{"not_picked":["Prepared","Flying Knee"],"picked":"Burst","floor":13},{"not_picked":["Poisoned Stab","Dodge and Roll"],"picked":"Deadly Poison","floor":14},{"not_picked":["A Thousand Cuts","Malaise"],"picked":"Corpse Explosion","floor":16},{"not_picked":["Prepared","Well Laid Plans+1"],"picked":"Poisoned Stab+1","floor":18},{"not_picked":["Calculated Gamble","Footwork"],"picked":"Skewer+1","floor":19},{"not_picked":["Blur","Expertise"],"picked":"Accuracy","floor":21},{"not_picked":["Dodge and Roll+1","Prepared"],"picked":"Bouncing Flask","floor":22},{"not_picked":["Bane","Sucker Punch"],"picked":"Endless Agony","floor":24},{"not_picked":["Bane","Deflect"],"picked":"Deadly Poison","floor":27},{"not_picked":["Dagger Throw","Distraction"],"picked":"Catalyst","floor":30},{"not_picked":["Dagger Spray","Deadly Poison"],"picked":"PiercingWail","floor":31},{"not_picked":["Malaise","Phantasmal Killer"],"picked":"Bullet Time","floor":33},{"not_picked":["Dagger Spray","Backflip+1"],"picked":"Leg Sweep+1","floor":34},{"not_picked":["Dagger Spray","Dodge and Roll+1"],"picked":"Terror+1","floor":35},{"not_picked":["Distraction+1","Calculated Gamble"],"picked":"Terror","floor":38},{"not_picked":["Acrobatics","Deflect"],"picked":"Backstab+1","floor":39}],"player_experience":114915,"relics_obtained":[{"floor":7,"key":"Pocketwatch"},{"floor":9,"key":"Pear"},{"floor":13,"key":"Centennial Puzzle"},{"floor":24,"key":"StoneCalendar"},{"floor":26,"key":"Regal Pillow"}],"event_choices":[{"damage_healed":0,"gold_gain":0,"player_choice":"Success","damage_taken":7,"relics_obtained":["Potion Belt"],"max_hp_gain":0,"max_hp_loss":0,"event_name":"Scrap Ooze","floor":8,"gold_loss":0},{"damage_healed":0,"gold_gain":0,"player_choice":"Entered Light","damage_taken":16,"max_hp_gain":0,"max_hp_loss":0,"event_name":"Shining Light","floor":11,"gold_loss":0,"cards_upgraded":["Catalyst","Poisoned Stab"]},{"damage_healed":0,"gold_gain":0,"player_choice":"1 cards matched","damage_taken":0,"max_hp_gain":0,"max_hp_loss":0,"event_name":"Match and Keep!","floor":28,"gold_loss":0,"cards_obtained":["Neutralize"]},{"damage_healed":21,"gold_gain":0,"player_choice":"Writhe","damage_taken":0,"max_hp_gain":0,"max_hp_loss":0,"event_name":"Winding Halls","floor":36,"gold_loss":0,"cards_obtained":["Writhe"]},{"cards_removed":["Writhe"],"damage_healed":0,"gold_gain":0,"player_choice":"Removed Curses","damage_taken":0,"max_hp_gain":0,"max_hp_loss":0,"event_name":"Fountain of Cleansing","floor":37,"gold_loss":0}],"is_beta":false,"boss_relics":[{"not_picked":["Empty Cage","Busted Crown"],"picked":"Ectoplasm"},{"not_picked":["Runic Dome","HoveringKite"],"picked":"Tiny House"}],"items_purged_floors":[],"is_endless":false,"potions_floor_spawned":[1,5,13,16,19,30,31],"killed_by":"Giant Head","ascension_level":0}