{"gold_per_floor":[110,110,124,124,149,161,153,189,227,15,51,66,66,16,16,139,139,152,67,81,81,106,106,130,130,206,65,65,190,190,190],"floor_reached":31,"playtime":1333,"items_purged":[],"score":283,"play_id":"38c1abeb-013c-43af-af6c-933f87242bc6","local_time":"20191023152430","is_ascension_mode":false,"campfire_choices":[{"data":"TalkToTheHand","floor":6,"key":"SMITH"},{"floor":13,"key":"RECALL"},{"floor":15,"key":"REST"},{"floor":23,"key":"REST"},{"floor":25,"key":"REST"}],"neow_cost":"NONE","seed_source_timestamp":191356944834548,"circlet_count":0,"master_deck":["Strike_P+1","Strike_P+1","Strike_P+1","Strike_P+1","Defend_P+1","Defend_P+1","Defend_P+1","Defend_P+1","Eruption","Vigilance","JustLucky","Injury","CutThroughFate","TalkToTheHand+1","Prostrate","LikeWater","FollowUp","Prostrate","ReachHeaven","EmptyFist","WindmillStrike","Halt","Devotion","Consecrate","WheelKick","Prostrate","InnerPeace","LikeWater","Consecrate","SashWhip","BowlingBash+1"],"relics":["PureWater","Golden Idol","MawBank","Omamori","Ancient Tea Set","Philosopher\u0027s Stone","Regal Pillow","Yang","Nilry\u0027s Codex","Prayer Wheel","Bottled Tornado","Juzu Bracelet"],"potions_floor_usage":[3,7,7,16,16,18,29],"damage_taken":[{"damage":0,"enemies":"Small Slimes","floor":1,"turns":3},{"damage":1,"enemies":"2 Louse","floor":3,"turns":2},{"damage":1,"enemies":"Jaw Worm","floor":5,"turns":4},{"damage":2,"enemies":"Exordium Thugs","floor":7,"turns":6},{"damage":0,"enemies":"Gremlin Nob","floor":11,"turns":4},{"damage":0,"enemies":"Exordium Wildlife","floor":12,"turns":4},{"damage":12,"enemies":"Slime Boss","floor":16,"turns":9},{"damage":10,"enemies":"Chosen","floor":18,"turns":6},{"damage":37,"enemies":"3 Byrds","floor":20,"turns":6},{"damage":27,"enemies":"3 Cultists","floor":22,"turns":4},{"damage":15,"enemies":"Centurion and Healer","floor":24,"turns":7},{"damage":16,"enemies":"Colosseum Slavers","floor":29,"turns":5},{"damage":47,"enemies":"Colosseum Nobs","floor":29,"turns":4},{"damage":8,"enemies":"Gremlin Leader","floor":31,"turns":1}],"seed_played":"3628297730070510962","potions_obtained":[{"floor":1,"key":"EntropicBrew"},{"floor":3,"key":"Fruit Juice"},{"floor":11,"key":"DistilledChaos"},{"floor":18,"key":"Fruit Juice"},{"floor":20,"key":"SpeedPotion"},{"floor":24,"key":"Explosive Potion"}],"is_trial":false,"path_per_floor":["M","?","M","?","M","R","M","T","T","$","E","M","R","$","R","B",null,"M","?","M","?","M","R","M","R","T","$","?","?","?","E"],"character_chosen":"WATCHER","items_purchased":["LikeWater","FollowUp","Prostrate","ReachHeaven","Halt","LikeWater","Consecrate","SashWhip"],"campfire_rested":3,"item_purchase_floors":[10,10,10,10,14,27,27,27],"current_hp_per_floor":[79,79,78,75,74,74,77,77,77,77,77,77,77,77,84,72,84,79,79,42,42,15,56,41,82,82,82,66,3,3,0],"gold":190,"neow_bonus":"TEN_PERCENT_HP_BONUS","is_prod":false,"is_daily":false,"chose_seed":false,"campfire_upgraded":1,"win_rate":0.0,"timestamp":1571855070,"path_taken":["M","?","M","?","?","R","M","?","T","?","E","M","R","?","R","BOSS","M","?","M","?","M","R","M","R","T","$","?","?","?","E"],"build_version":"2019-10-22","purchased_purges":0,"victory":false,"max_hp_per_floor":[79,79,79,79,79,79,84,84,84,84,84,84,84,84,84,84,84,89,89,89,89,89,89,89,89,89,89,89,89,89,89],"card_choices":[{"not_picked":["EmptyBody","Adaptation"],"picked":"JustLucky","floor":1},{"not_picked":["Sanctity","ClearTheMind"],"picked":"CutThroughFate","floor":3},{"not_picked":["ClearTheMind","Fasting2"],"picked":"TalkToTheHand","floor":5},{"not_picked":["Fasting2","EmptyBody"],"picked":"Prostrate","floor":7},{"not_picked":["Omniscience","SashWhip"],"picked":"EmptyFist","floor":11},{"not_picked":["PathToVictory","ForeignInfluence"],"picked":"WindmillStrike","floor":12},{"not_picked":["DevaForm","ConjureBlade"],"picked":"Devotion","floor":16},{"not_picked":["CutThroughFate","EmptyFist"],"picked":"Consecrate","floor":18},{"not_picked":["Scrawl","Crescendo"],"picked":"WheelKick","floor":20},{"not_picked":["Crescendo","EmptyFist"],"picked":"Prostrate","floor":22},{"not_picked":["Perseverance","EmptyFist"],"picked":"InnerPeace","floor":24},{"not_picked":["FollowUp","SashWhip+1"],"picked":"BowlingBash+1","floor":29}],"player_experience":470420,"relics_obtained":[{"floor":9,"key":"Omamori"},{"floor":11,"key":"Ancient Tea Set"},{"floor":26,"key":"Yang"},{"floor":28,"key":"Nilry\u0027s Codex"},{"floor":29,"key":"Prayer Wheel"},{"floor":29,"key":"Bottled Tornado"}],"event_choices":[{"damage_healed":0,"gold_gain":0,"player_choice":"Take Wound","damage_taken":0,"relics_obtained":["Golden Idol"],"max_hp_gain":0,"max_hp_loss":0,"event_name":"Golden Idol","floor":2,"gold_loss":0,"cards_obtained":["Injury"]},{"damage_healed":0,"gold_gain":0,"player_choice":"Success","damage_taken":3,"relics_obtained":["MawBank"],"max_hp_gain":0,"max_hp_loss":0,"event_name":"Scrap Ooze","floor":4,"gold_loss":0},{"damage_healed":0,"gold_gain":0,"player_choice":"Obtained Relic","damage_taken":0,"relics_obtained":["Regal Pillow"],"max_hp_gain":0,"max_hp_loss":0,"event_name":"Addict","floor":19,"gold_loss":85},{"damage_healed":0,"gold_gain":0,"player_choice":"Simplicity","damage_taken":0,"max_hp_gain":0,"max_hp_loss":0,"event_name":"Back to Basics","floor":21,"gold_loss":0,"cards_upgraded":["Strike_P","Strike_P","Strike_P","Strike_P","Defend_P","Defend_P","Defend_P","Defend_P"]},{"damage_healed":0,"gold_gain":0,"player_choice":"Obtained Book","damage_taken":16,"max_hp_gain":0,"max_hp_loss":0,"event_name":"Cursed Tome","floor":28,"gold_loss":0},{"damage_healed":0,"gold_gain":0,"player_choice":"Fight","damage_taken":0,"max_hp_gain":0,"max_hp_loss":0,"event_name":"Colosseum","floor":29,"gold_loss":0},{"damage_healed":0,"gold_gain":0,"player_choice":"Fought Nobs","damage_taken":0,"max_hp_gain":0,"max_hp_loss":0,"event_name":"Colosseum","floor":29,"gold_loss":0},{"damage_healed":0,"gold_gain":0,"player_choice":"Opened","damage_taken":0,"relics_obtained":["Juzu Bracelet"],"max_hp_gain":0,"max_hp_loss":0,"event_name":"The Mausoleum","floor":30,"gold_loss":0}],"is_beta":true,"boss_relics":[{"not_picked":["Empty Cage","Ectoplasm"],"picked":"Philosopher\u0027s Stone"}],"items_purged_floors":[],"is_endless":false,"potions_floor_spawned":[1,3,11,18,20,24,29],"killed_by":"Gremlin Leader","ascension_level":0}