{"gold_per_floor":[212,67,67,17,27,27,55,55,79,91,91,266,266,67,67,187,187,203,26,26,44,44,44,60,60,60,60,60,70,102,118,118,221,221,240,240,79,93,105,119,119,19,87,107,207,0,0,50,50,50],"floor_reached":50,"playtime":2345,"items_purged":["Strike_R","Doubt","Strike_R"],"score":481,"play_id":"6afeb4e8-ae4a-4d8b-a946-f9ee3f597e81","local_time":"20181105231831","is_ascension_mode":false,"campfire_choices":[{"data":"Pommel Strike","floor":6.0,"key":"SMITH"},{"floor":8.0,"key":"REST"},{"floor":15.0,"key":"REST"},{"data":"Armaments","floor":23.0,"key":"SMITH"},{"data":"J.A.X.","floor":28.0,"key":"SMITH"},{"floor":32.0,"key":"REST"},{"floor":41,"key":"REST"},{"floor":47,"key":"REST"},{"floor":49,"key":"REST"}],"neow_cost":"NONE","seed_source_timestamp":0,"circlet_count":0,"master_deck":["Strike_R","Strike_R","Defend_R","Defend_R","Defend_R","Bash","Iron Wave","Pommel Strike+1","True Grit","Clothesline","Twin Strike","Iron Wave","Flex","Heavy Blade","Armaments+1","Headbutt","Flex","Headbutt+1","Thunderclap","J.A.X.+1","True Grit+1","Clash+1","Headbutt+1","Cleave","Clash+1","Clash+1","Flex"],"special_seed":0,"relics":["Burning Blood","Bronze Scales","Juzu Bracelet","The Courier","Bloody Idol","Anchor","Sozu","Singing Bowl","Lantern","Busted Crown","Brimstone","Letter Opener","WingedGreaves","Red Mask","Prayer Wheel"],"potions_floor_usage":[],"damage_taken":[{"damage":5.0,"enemies":"Jaw Worm","floor":1.0,"turns":4.0},{"damage":0.0,"enemies":"Cultist","floor":5.0,"turns":3.0},{"damage":43.0,"enemies":"3 Sentries","floor":7.0,"turns":10.0},{"damage":0.0,"enemies":"2 Louse","floor":10.0,"turns":2.0},{"damage":60.0,"enemies":"The Guardian","floor":16.0,"turns":12.0},{"damage":2.0,"enemies":"2 Thieves","floor":18.0,"turns":4.0},{"damage":0.0,"enemies":"3 Byrds","floor":21.0,"turns":3.0},{"damage":10.0,"enemies":"Snake Plant","floor":24.0,"turns":4.0},{"damage":22.0,"enemies":"Snecko","floor":29.0,"turns":4.0},{"damage":23.0,"enemies":"Book of Stabbing","floor":30.0,"turns":4.0},{"damage":9.0,"enemies":"Shelled Parasite and Fungi","floor":31.0,"turns":4.0},{"damage":61.0,"enemies":"Automaton","floor":33.0,"turns":8.0},{"damage":0.0,"enemies":"Orb Walker","floor":35.0,"turns":3.0},{"damage":3.0,"enemies":"3 Shapes","floor":38.0,"turns":2.0},{"damage":34.0,"enemies":"Maw","floor":39.0,"turns":5.0},{"damage":8,"enemies":"Transient","floor":40,"turns":5},{"damage":31,"enemies":"Sphere and 2 Shapes","floor":44,"turns":4},{"damage":29,"enemies":"Mind Bloom Boss Battle","floor":45,"turns":3},{"damage":23,"enemies":"2 Orb Walkers","floor":48,"turns":3},{"damage":104,"enemies":"Time Eater","floor":50,"turns":7}],"seed_played":"-8925103321151148163","potions_obtained":[{"floor":1.0,"key":"SkillPotion"},{"floor":7.0,"key":"FearPotion"}],"is_trial":false,"path_per_floor":["M","$","?","$","M","R","E","R","T","M","T","?","?","$","R","B",null,"M","$","?","M","?","R","M","?","T","?","R","M","E","M","R","B",null,"M","?","$","M","M","M","R","$","T","M","?","?","R","?","R","B"],"character_chosen":"IRONCLAD","items_purchased":["Pommel Strike","True Grit","Clothesline","Anchor","Flex","Heavy Blade","Armaments","Headbutt","Flex","Brimstone"],"campfire_rested":6,"item_purchase_floors":[2,2,4,14,19,19,19,19,19,37],"current_hp_per_floor":[80,80,80,80,80,80,43,67,67,73,73,73,53,53,77,23,80,80,80,80,80,80,80,76,76,76,76,76,65,55,57,81,31,82,82,78,78,78,55,58,78,78,78,60,44,44,68,56,80,0],"gold":50,"neow_bonus":"HUNDRED_GOLD","is_prod":false,"is_daily":false,"chose_seed":false,"campfire_upgraded":3,"win_rate":0,"timestamp":1541477911,"path_taken":["M","$","?","$","?","R","E","R","T","M","?","?","?","$","R","BOSS","M","$","?","M","?","R","M","?","T","?","R","M","E","M","R","BOSS","M","?","$","M","M","M","R","$","T","M","?","?","R","?","R","BOSS"],"build_version":"2018-11-01","purchased_purges":3,"victory":false,"max_hp_per_floor":[80,80,80,80,80,80,80,80,80,80,80,80,80,80,80,80,80,80,80,80,80,80,80,80,80,80,80,80,80,82,82,82,82,82,82,78,78,78,78,78,78,78,78,80,82,82,82,82,82,82],"card_choices":[{"not_picked":["Metallicize","Spot Weakness"],"picked":"Iron Wave","floor":1.0},{"not_picked":["Battle Trance","Carnage"],"picked":"Twin Strike","floor":5.0},{"not_picked":["Spot Weakness","Burning Pact"],"picked":"Iron Wave","floor":7.0},{"not_picked":["Inflame","Feel No Pain","Power Through"],"picked":"SKIP","floor":10.0},{"not_picked":["Body Slam","Sever Soul","Hemokinesis"],"picked":"SKIP","floor":18.0},{"not_picked":["Combust","Anger+1"],"picked":"Headbutt+1","floor":21.0},{"not_picked":["Clash","Feel No Pain"],"picked":"Thunderclap","floor":24.0},{"not_picked":["Cleave","Battle Trance"],"picked":"True Grit+1","floor":29.0},{"not_picked":["Rage","Entrench","Intimidate"],"picked":"Singing Bowl","floor":30.0},{"not_picked":["Hemokinesis","Second Wind+1"],"picked":"Clash+1","floor":31.0},{"not_picked":[],"picked":"Headbutt+1","floor":35.0},{"not_picked":[],"picked":"Cleave","floor":38.0},{"not_picked":[],"picked":"Clash+1","floor":39.0},{"not_picked":[],"picked":"Clash+1","floor":40},{"not_picked":["Infernal Blade+1"],"picked":"Singing Bowl","floor":44},{"not_picked":["Rampage"],"picked":"Singing Bowl","floor":45},{"not_picked":[],"picked":"Flex","floor":48}],"player_experience":1928821,"relics_obtained":[{"floor":7.0,"key":"Bronze Scales"},{"floor":9.0,"key":"Juzu Bracelet"},{"floor":11.0,"key":"The Courier"},{"floor":26.0,"key":"Singing Bowl"},{"floor":30.0,"key":"Lantern"},{"floor":43,"key":"Letter Opener"},{"floor":45,"key":"WingedGreaves"},{"floor":48,"key":"Prayer Wheel"}],"event_choices":[{"cards_removed":["Defend_R"],"damage_healed":0.0,"max_hp_gain":0.0,"max_hp_loss":0.0,"gold_gain":0.0,"event_name":"Purifier","player_choice":"Purged","floor":3.0,"gold_loss":0.0,"damage_taken":0.0},{"damage_healed":0.0,"max_hp_gain":0.0,"max_hp_loss":0.0,"gold_gain":175.0,"event_name":"Liars Game","player_choice":"AGREE","floor":12.0,"gold_loss":0.0,"damage_taken":0.0,"cards_obtained":["Doubt"]},{"damage_healed":0.0,"max_hp_gain":0.0,"max_hp_loss":0.0,"gold_gain":0.0,"event_name":"Golden Idol","player_choice":"Take Damage","floor":13.0,"gold_loss":0.0,"damage_taken":20.0,"relics_obtained":["Golden Idol"]},{"cards_removed":["Strike_R"],"damage_healed":0.0,"max_hp_gain":0.0,"max_hp_loss":0.0,"gold_gain":0.0,"event_name":"Bonfire Elementals","player_choice":"Offered Basic","floor":20.0,"gold_loss":0.0,"damage_taken":0.0},{"damage_healed":0.0,"max_hp_gain":0.0,"max_hp_loss":0.0,"gold_gain":0.0,"event_name":"Forgotten Altar","player_choice":"Gave Idol","floor":25.0,"relics_lost":["Golden Idol"],"gold_loss":0.0,"damage_taken":0.0,"relics_obtained":["Bloody Idol"]},{"damage_healed":0.0,"max_hp_gain":0.0,"max_hp_loss":0.0,"gold_gain":0.0,"event_name":"Drug Dealer","player_choice":"Obtain J.A.X.","floor":27.0,"gold_loss":0.0,"damage_taken":0.0,"cards_obtained":["J.A.X."]},{"damage_healed":0.0,"max_hp_gain":0.0,"max_hp_loss":4.0,"gold_gain":0.0,"event_name":"Winding Halls","player_choice":"Max HP","floor":36.0,"gold_loss":0.0,"damage_taken":0.0},{"damage_healed":0,"gold_gain":0,"player_choice":"Fight","damage_taken":0,"max_hp_gain":0,"max_hp_loss":0,"event_name":"MindBloom","floor":45,"gold_loss":0},{"damage_healed":0,"gold_gain":0,"player_choice":"Paid","damage_taken":0,"relics_obtained":["Red Mask"],"max_hp_gain":0,"max_hp_loss":0,"event_name":"Tomb of Lord Red Mask","floor":46,"gold_loss":207},{"damage_healed":0,"gold_gain":0,"player_choice":"Fight","damage_taken":0,"max_hp_gain":0,"max_hp_loss":0,"event_name":"Mysterious Sphere","floor":48,"gold_loss":0}],"is_beta":false,"boss_relics":[{"not_picked":["Tiny House","Lizard Tail"],"picked":"Sozu"},{"not_picked":["Runic Dome","Runic Cube"],"picked":"Busted Crown"}],"items_purged_floors":[2,14,42],"is_endless":false,"potions_floor_spawned":[1,7,18,24,31,33,35,39,40,48],"killed_by":"Time Eater","ascension_level":0}