{"gold_per_floor":[210,229,246,3,3,34,46,46,46,46,56,70,70,95,95,198,198,210,210,210,227,43,43,43],"floor_reached":24,"playtime":1733,"items_purged":[],"score":347,"play_id":"fc9655a2-7ba5-4c01-998b-0701c78d29a2","local_time":"20190914232814","is_ascension_mode":true,"campfire_choices":[{"data":"BowlingBash","floor":10,"key":"SMITH"},{"data":"Judgement","floor":15,"key":"SMITH"},{"data":"Panache","floor":23,"key":"SMITH"}],"neow_cost":"NONE","seed_source_timestamp":42645323136923,"circlet_count":0,"master_deck":["AscendersBane","Strike_P","Strike_P","Strike_P","Strike_P","Defend_P","Defend_P","Defend_P","Defend_P","Eruption","Vigilance","FlyingSleeves","BowlingBash+1","Crescendo+1","MasterReality+1","Establishment","ClearTheMind","EmptyBody","FlurryOfBlows","CutThroughFate+1","Judgement+1","Protect","LessonLearned","EmptyBody","Panache+1"],"relics":["PureWater","Orrery","Eternal Feather","Bottled Lightning","TeardropLocket","VioletLotus","MutagenicStrength"],"potions_floor_usage":[6,24,24,24],"damage_taken":[{"damage":1,"enemies":"Cultist","floor":1,"turns":6},{"damage":4,"enemies":"Jaw Worm","floor":2,"turns":3},{"damage":0,"enemies":"2 Louse","floor":3,"turns":1},{"damage":7,"enemies":"Lagavulin","floor":6,"turns":5},{"damage":7,"enemies":"2 Fungi Beasts","floor":7,"turns":3},{"damage":7,"enemies":"Exordium Wildlife","floor":11,"turns":2},{"damage":0,"enemies":"Looter","floor":12,"turns":2},{"damage":0,"enemies":"Gremlin Nob","floor":14,"turns":2},{"damage":35,"enemies":"Hexaghost","floor":16,"turns":7},{"damage":0,"enemies":"2 Thieves","floor":18,"turns":1},{"damage":0,"enemies":"Spheric Guardian","floor":21,"turns":3},{"damage":65,"enemies":"Book of Stabbing","floor":24,"turns":6}],"seed_played":"-781098485790947665","potions_obtained":[{"floor":2,"key":"Energy Potion"},{"floor":3,"key":"SpeedPotion"},{"floor":7,"key":"Dexterity Potion"},{"floor":14,"key":"Ancient Potion"},{"floor":21,"key":"Block Potion"}],"is_trial":false,"path_per_floor":["M","M","M","$","?","E","M","?","T","R","M","M","?","E","R","B",null,"M","?","?","M","$","R","E"],"character_chosen":"WATCHER","items_purchased":["Orrery","EmptyBody","Explosive Potion","Panache"],"campfire_rested":0,"item_purchase_floors":[4,4,4,22],"current_hp_per_floor":[58,54,54,54,54,47,40,40,40,52,45,45,45,45,57,22,54,54,54,54,54,54,65,0],"gold":43,"neow_bonus":"HUNDRED_GOLD","is_prod":false,"is_daily":false,"chose_seed":false,"campfire_upgraded":3,"win_rate":0,"timestamp":1568460494,"path_taken":["M","?","M","$","?","E","?","?","T","R","M","M","?","E","R","BOSS","M","?","?","M","?","R","E"],"build_version":"2019-09-12","purchased_purges":0,"victory":false,"max_hp_per_floor":[65,65,65,65,65,65,65,65,65,65,65,65,65,65,65,65,65,65,65,65,65,65,65,65],"card_choices":[{"not_picked":["JustLucky","Weave","Wireheading"],"picked":"SKIP","floor":1},{"not_picked":["Sanctity","Halt"],"picked":"FlyingSleeves","floor":2},{"not_picked":["InnerPeace","Meditate"],"picked":"BowlingBash","floor":3},{"not_picked":["ThirdEye","WindmillStrike"],"picked":"Crescendo","floor":4},{"not_picked":["StepAndStrike","Crescendo"],"picked":"MasterReality","floor":4},{"not_picked":["JustLucky","FlyingSleeves"],"picked":"Establishment","floor":4},{"not_picked":["Weave","StepAndStrike"],"picked":"ClearTheMind","floor":4},{"not_picked":["SpiritShield","Weave"],"picked":"FlurryOfBlows","floor":6},{"not_picked":["Vengeance","Crescendo"],"picked":"CutThroughFate","floor":7},{"not_picked":["WreathOfFlame","CutThroughFate"],"picked":"Judgement","floor":11},{"not_picked":["Scrawl","FearNoEvil","Crescendo"],"picked":"SKIP","floor":12},{"not_picked":["Prostrate","ForeignInfluence"],"picked":"Protect","floor":14},{"not_picked":["DeusExMachina","ReachHeaven"],"picked":"LessonLearned","floor":16},{"not_picked":["FlyingSleeves","Scrawl","WreathOfFlame"],"picked":"SKIP","floor":18},{"not_picked":["Perseverance","CutThroughFate"],"picked":"EmptyBody","floor":21}],"player_experience":1064740,"relics_obtained":[{"floor":6,"key":"Eternal Feather"},{"floor":9,"key":"Bottled Lightning"},{"floor":14,"key":"TeardropLocket"}],"event_choices":[{"damage_healed":0,"gold_gain":0,"player_choice":"Forge","damage_taken":0,"max_hp_gain":0,"max_hp_loss":0,"event_name":"Accursed Blacksmith","floor":5,"gold_loss":0,"cards_upgraded":["MasterReality"]},{"damage_healed":0,"gold_gain":0,"player_choice":"Grow","damage_taken":0,"max_hp_gain":0,"max_hp_loss":0,"event_name":"Living Wall","floor":8,"gold_loss":0,"cards_upgraded":["Crescendo"]},{"damage_healed":0,"gold_gain":0,"player_choice":"Ignored","damage_taken":0,"max_hp_gain":0,"max_hp_loss":0,"event_name":"Liars Game","floor":13,"gold_loss":0},{"damage_healed":0,"gold_gain":0,"player_choice":"Ignored","damage_taken":0,"max_hp_gain":0,"max_hp_loss":0,"event_name":"Ghosts","floor":19,"gold_loss":0},{"damage_healed":0,"gold_gain":0,"player_choice":"Inject Mutagens","damage_taken":0,"relics_obtained":["MutagenicStrength"],"max_hp_gain":0,"max_hp_loss":0,"event_name":"Drug Dealer","floor":20,"gold_loss":0}],"is_beta":true,"boss_relics":[{"not_picked":["HolyWater","Sozu"],"picked":"VioletLotus"}],"items_purged_floors":[],"is_endless":false,"potions_floor_spawned":[2,3,7,14,21],"killed_by":"Book of Stabbing","ascension_level":10}