{"gold_per_floor":[117,34,34,45,61,61,91,91,91,91,102,102,102,116,116,116],"floor_reached":16,"playtime":729,"items_purged":[],"score":100,"play_id":"729baf49-4232-4157-be98-014b415f56b4","local_time":"20190726190637","is_ascension_mode":false,"campfire_choices":[{"data":"White Noise","floor":6,"key":"SMITH"},{"floor":8,"key":"REST"},{"floor":10,"key":"REST"},{"floor":13,"key":"REST"},{"floor":15,"key":"REST"}],"neow_cost":"NONE","seed_source_timestamp":120355897154133,"circlet_count":0,"master_deck":["Strike_B","Strike_B","Strike_B","Strike_B","Defend_B","Defend_B","Defend_B","Defend_B","Zap","Dualcast","White Noise+1","Auto Shields","Capacitor+1","Conserve Battery","Stack","Turbo","Go for the Eyes","Auto Shields","Auto Shields"],"relics":["Cracked Core","The Courier","Strawberry"],"potions_floor_usage":[16,16],"damage_taken":[{"damage":3,"enemies":"Jaw Worm","floor":1,"turns":3},{"damage":12,"enemies":"2 Louse","floor":4,"turns":4},{"damage":2,"enemies":"Cultist","floor":5,"turns":4},{"damage":25,"enemies":"Lagavulin","floor":7,"turns":9},{"damage":40,"enemies":"Gremlin Gang","floor":11,"turns":5},{"damage":3,"enemies":"Large Slime","floor":14,"turns":8},{"damage":87,"enemies":"The Guardian","floor":16,"turns":21}],"seed_played":"475201670943976183","potions_obtained":[{"floor":1,"key":"Strength Potion"},{"floor":5,"key":"GamblersBrew"},{"floor":11,"key":"Fire Potion"}],"is_trial":false,"path_per_floor":["M","$","?","M","M","R","E","R","T","R","M","?","R","M","R","B"],"character_chosen":"DEFECT","items_purchased":["Capacitor","Conserve Battery"],"campfire_rested":4,"item_purchase_floors":[2,2],"current_hp_per_floor":[72,72,77,65,63,63,38,62,69,87,47,47,73,70,87,0],"gold":116,"neow_bonus":"THREE_CARDS","is_prod":false,"is_daily":false,"chose_seed":false,"campfire_upgraded":1,"win_rate":0.0,"timestamp":1564178797,"path_taken":["M","$","?","M","M","R","E","R","T","R","M","?","R","M","R","BOSS"],"build_version":"2019-07-17","purchased_purges":0,"victory":false,"max_hp_per_floor":[75,75,80,80,80,80,80,80,87,87,87,87,87,87,87,87],"card_choices":[{"not_picked":["Coolheaded","Rebound"],"picked":"White Noise","floor":0},{"not_picked":["Streamline","Scrape"],"picked":"Auto Shields","floor":1},{"not_picked":["Hologram","Beam Cell"],"picked":"Stack","floor":4},{"not_picked":["Compile Driver","Tempest"],"picked":"Turbo","floor":5},{"not_picked":["Reboot","Hologram"],"picked":"Go for the Eyes","floor":7},{"not_picked":["Go for the Eyes","Ball Lightning"],"picked":"Auto Shields","floor":11},{"not_picked":["Barrage","Beam Cell"],"picked":"Auto Shields","floor":14}],"player_experience":238870,"relics_obtained":[{"floor":7,"key":"The Courier"},{"floor":9,"key":"Strawberry"}],"event_choices":[{"damage_healed":0,"gold_gain":0,"player_choice":"Donut","damage_taken":0,"max_hp_gain":5,"max_hp_loss":0,"event_name":"Big Fish","floor":3,"gold_loss":0},{"damage_healed":0,"gold_gain":0,"player_choice":"Grow","damage_taken":0,"max_hp_gain":0,"max_hp_loss":0,"event_name":"Living Wall","floor":12,"gold_loss":0,"cards_upgraded":["Capacitor"]}],"is_beta":false,"boss_relics":[],"items_purged_floors":[],"is_endless":false,"potions_floor_spawned":[1,5,11],"killed_by":"The Guardian","ascension_level":0}