{"gold_per_floor":[117,292,292,262,276,304,66,100,100,132,148,173,173,191,191,293,293,305,322,337,337,354,354,382,382,382,396,396,496,513,531,531,631,631,651,661,677,72,72,99,99,124,124,45,74,24,53,68,68,68,68,68,45,73,73],"floor_reached":55,"playtime":6577,"items_purged":["Doubt","Defend_B"],"score":860,"play_id":"4717e176-d2c0-482a-a79f-5f9db8fe2bfe","local_time":"20191013002531","is_ascension_mode":false,"campfire_choices":[{"data":"Hologram","floor":13,"key":"SMITH"},{"data":"Coolheaded","floor":15,"key":"SMITH"},{"data":"White Noise","floor":23,"key":"SMITH"},{"data":"Hologram","floor":25,"key":"SMITH"},{"data":"Seek","floor":28,"key":"SMITH"},{"data":"Static Discharge","floor":32,"key":"SMITH"},{"floor":41,"key":"RECALL"},{"data":"Buffer","floor":49,"key":"SMITH"},{"data":"Conserve Battery","floor":52,"key":"SMITH"}],"neow_cost":"NONE","seed_source_timestamp":7116613336700,"circlet_count":0,"master_deck":["Strike_B+1","Defend_B","Defend_B+1","Defend_B","Zap","Dualcast","Conserve Battery","Genetic Algorithm","Sweeping Beam","White Noise+1","Static Discharge+1","Leap","Barrage","Skim","Hologram+1","Go for the Eyes+1","Coolheaded+1","Echo Form","Leap+1","Hello World+1","Self Repair+1","Hologram+1","Go for the Eyes+1","Gash+1","Biased Cognition","Hello World","Turbo+1","White Noise+1","Seek+1","Heatsinks","Gash+1","Buffer+1","Conserve Battery+1","Auto Shields+1","Cold Snap+1","Coolheaded+1","Turbo+1","Stack+1","Skim+1"],"relics":["Cracked Core","NeowsBlessing","Ornamental Fan","Shuriken","Dead Branch","Molten Egg 2","Astrolabe","Nunchaku","Mango","Inserter","Thread and Needle","ClockworkSouvenir","Toxic Egg 2","Smiling Mask","Bottled Tornado","Sundial","Gambling Chip","Girya","Incense Burner"],"potions_floor_usage":[8,16,24,36,36,36,36,36,40,40,50,54],"damage_taken":[{"damage":0,"enemies":"Jaw Worm","floor":1,"turns":1},{"damage":0,"enemies":"Small Slimes","floor":5,"turns":1},{"damage":0,"enemies":"Lagavulin","floor":6,"turns":2},{"damage":11,"enemies":"3 Sentries","floor":8,"turns":6},{"damage":7,"enemies":"Lagavulin","floor":10,"turns":6},{"damage":1,"enemies":"Cultist","floor":11,"turns":4},{"damage":29,"enemies":"3 Sentries","floor":12,"turns":5},{"damage":2,"enemies":"Looter","floor":14,"turns":4},{"damage":2,"enemies":"Hexaghost","floor":16,"turns":9},{"damage":12,"enemies":"3 Byrds","floor":18,"turns":4},{"damage":9,"enemies":"Spheric Guardian","floor":19,"turns":6},{"damage":1,"enemies":"Snecko","floor":20,"turns":6},{"damage":18,"enemies":"Sentry and Sphere","floor":22,"turns":5},{"damage":36,"enemies":"Slavers","floor":24,"turns":7},{"damage":30,"enemies":"Cultist and Chosen","floor":27,"turns":6},{"damage":9,"enemies":"Chosen and Byrds","floor":30,"turns":7},{"damage":27,"enemies":"3 Cultists","floor":31,"turns":7},{"damage":11,"enemies":"Collector","floor":33,"turns":8},{"damage":64,"enemies":"3 Shapes","floor":35,"turns":5},{"damage":15,"enemies":"3 Darklings","floor":36,"turns":5},{"damage":13,"enemies":"Jaw Worm Horde","floor":37,"turns":6},{"damage":14,"enemies":"Giant Head","floor":40,"turns":10},{"damage":29,"enemies":"Nemesis","floor":42,"turns":7},{"damage":9,"enemies":"Giant Head","floor":45,"turns":9},{"damage":25,"enemies":"Nemesis","floor":47,"turns":8},{"damage":2,"enemies":"Spire Growth","floor":48,"turns":7},{"damage":44,"enemies":"Awakened One","floor":50,"turns":10},{"damage":67,"enemies":"Shield and Spear","floor":54,"turns":7},{"damage":21,"enemies":"The Heart","floor":55,"turns":2}],"seed_played":"-4894103199957005580","potions_obtained":[{"floor":1,"key":"GamblersBrew"},{"floor":4,"key":"EntropicBrew"},{"floor":4,"key":"Explosive Potion"},{"floor":5,"key":"Strength Potion"},{"floor":10,"key":"Swift Potion"},{"floor":14,"key":"Block Potion"},{"floor":19,"key":"SpeedPotion"},{"floor":24,"key":"Regen Potion"},{"floor":31,"key":"Strength Potion"},{"floor":40,"key":"Swift Potion"},{"floor":42,"key":"SteroidPotion"}],"is_trial":false,"path_per_floor":["M","?","?","?","M","E","$","E","T","E","M","E","R","M","R","B",null,"M","M","M","?","M","R","E","R","T","M","R","?","M","M","R","B",null,"M","M","M","$","?","E","R","E","T","?","E","$","E","M","R","B",null,"R","$","E","B"],"character_chosen":"DEFECT","items_purchased":["White Noise","Static Discharge","Leap","Thread and Needle","ClockworkSouvenir","Block Potion","Energy Potion","Stack+1"],"campfire_rested":0,"item_purchase_floors":[7,7,7,38,38,38,38,53],"current_hp_per_floor":[75,75,60,60,60,60,60,49,49,42,41,12,12,10,10,8,75,75,75,74,74,66,66,50,50,64,44,44,44,55,48,48,47,89,25,29,26,26,78,64,64,55,55,55,56,56,51,59,59,15,78,78,78,11,0],"gold":73,"neow_bonus":"THREE_ENEMY_KILL","is_prod":false,"is_daily":false,"chose_seed":false,"campfire_upgraded":8,"win_rate":0,"timestamp":1570897531,"path_taken":["M","?","?","?","M","E","$","E","T","E","M","E","R","?","R","BOSS","M","M","M","?","M","R","E","R","T","?","R","?","M","M","R","BOSS","M","?","M","$","?","E","R","E","T","?","E","$","E","M","R","BOSS","R","$","E","BOSS"],"build_version":"2019-07-17","purchased_purges":2,"victory":false,"max_hp_per_floor":[75,75,75,75,75,75,75,75,75,75,75,75,75,75,75,75,75,75,75,75,75,75,75,75,75,89,89,89,89,89,89,89,89,89,89,89,89,89,78,78,78,78,78,78,78,78,78,78,78,78,78,78,78,78,78],"card_choices":[{"not_picked":["BootSequence","Steam"],"picked":"Conserve Battery","floor":1},{"not_picked":["Stack","Turbo"],"picked":"Genetic Algorithm","floor":5},{"not_picked":["Tempest","Biased Cognition"],"picked":"Sweeping Beam","floor":6},{"not_picked":["Stack","Darkness"],"picked":"Barrage","floor":8},{"not_picked":["Darkness","Sweeping Beam"],"picked":"Skim","floor":10},{"not_picked":["Static Discharge","Leap"],"picked":"Hologram","floor":11},{"not_picked":["Gash","Beam Cell"],"picked":"Go for the Eyes","floor":12},{"not_picked":["Beam Cell+1","Rebound+1"],"picked":"Coolheaded","floor":14},{"not_picked":["Biased Cognition","All For One+1"],"picked":"Echo Form","floor":16},{"not_picked":["Compile Driver+1","Stack"],"picked":"Hologram","floor":18},{"not_picked":["FTL+1","Conserve Battery"],"picked":"Go for the Eyes+1","floor":19},{"not_picked":["Redo","Conserve Battery"],"picked":"Gash+1","floor":20},{"not_picked":["Barrage+1","Blizzard+1"],"picked":"Turbo+1","floor":22},{"not_picked":["Redo","Cold Snap+1"],"picked":"White Noise+1","floor":24},{"not_picked":["Go for the Eyes+1","Turbo+1"],"picked":"Seek","floor":27},{"not_picked":["Self Repair","Consume"],"picked":"Heatsinks","floor":30},{"not_picked":["Leap","Steam"],"picked":"Gash+1","floor":31},{"not_picked":["Multi-Cast","Biased Cognition"],"picked":"Buffer","floor":33},{"not_picked":["Ball Lightning+1","Melter+1","Leap"],"picked":"SKIP","floor":35},{"not_picked":["Ball Lightning+1","Storm+1"],"picked":"Conserve Battery","floor":36},{"not_picked":["Conserve Battery+1","Cold Snap+1"],"picked":"Auto Shields+1","floor":37},{"not_picked":["Leap","Rip and Tear+1"],"picked":"Cold Snap+1","floor":40},{"not_picked":["Redo+1","Reboot+1"],"picked":"Coolheaded+1","floor":42},{"not_picked":["Storm+1","Hello World+1","Capacitor+1"],"picked":"SKIP","floor":45},{"not_picked":["Static Discharge","Undo+1","Tempest+1"],"picked":"SKIP","floor":47},{"not_picked":["Streamline+1","Conserve Battery+1"],"picked":"Turbo+1","floor":48},{"not_picked":["Beam Cell+1","Rip and Tear+1"],"picked":"Skim+1","floor":54}],"player_experience":162600,"relics_obtained":[{"floor":6,"key":"Ornamental Fan"},{"floor":8,"key":"Shuriken"},{"floor":10,"key":"Dead Branch"},{"floor":12,"key":"Molten Egg 2"},{"floor":24,"key":"Nunchaku"},{"floor":26,"key":"Mango"},{"floor":40,"key":"Toxic Egg 2"},{"floor":42,"key":"Smiling Mask"},{"floor":43,"key":"Bottled Tornado"},{"floor":45,"key":"Gambling Chip"},{"floor":47,"key":"Girya"},{"floor":54,"key":"Incense Burner"}],"event_choices":[{"damage_healed":0,"gold_gain":175,"player_choice":"AGREE","damage_taken":0,"max_hp_gain":0,"max_hp_loss":0,"event_name":"Liars Game","floor":2,"gold_loss":0,"cards_obtained":["Doubt"]},{"damage_healed":0,"gold_gain":0,"player_choice":"Entered Light","damage_taken":15,"max_hp_gain":0,"max_hp_loss":0,"event_name":"Shining Light","floor":3,"gold_loss":0,"cards_upgraded":["Defend_B","Strike_B"]},{"damage_healed":0,"gold_gain":0,"player_choice":"Bought 2 Potions","damage_taken":0,"max_hp_gain":0,"max_hp_loss":0,"event_name":"The Woman in Blue","floor":4,"gold_loss":0},{"damage_healed":0,"gold_gain":0,"player_choice":"2 cards matched","damage_taken":0,"max_hp_gain":0,"max_hp_loss":0,"event_name":"Match and Keep!","floor":21,"gold_loss":0,"cards_obtained":["Biased Cognition","Hello World"]},{"damage_healed":0,"gold_gain":100,"player_choice":"Pray","damage_taken":0,"max_hp_gain":0,"max_hp_loss":0,"event_name":"Golden Shrine","floor":29,"gold_loss":0},{"damage_healed":78,"gold_gain":0,"player_choice":"Heal","damage_taken":0,"max_hp_gain":0,"max_hp_loss":11,"event_name":"The Moai Head","floor":39,"gold_loss":0},{"damage_healed":0,"gold_gain":0,"player_choice":"Paid Gold","damage_taken":0,"relics_obtained":["Sundial"],"max_hp_gain":0,"max_hp_loss":0,"event_name":"WeMeetAgain","floor":44,"gold_loss":79}],"is_beta":false,"boss_relics":[{"not_picked":["Calling Bell","Ectoplasm"],"picked":"Astrolabe"},{"not_picked":["Tiny House","Orrery"],"picked":"Inserter"}],"items_purged_floors":[7,46],"is_endless":false,"potions_floor_spawned":[1,5,10,14,19,24,30,31,33,40,42,47],"killed_by":"The Heart","ascension_level":0}