{"gold_per_floor":[109,125,44,44,44,76,76,151,227,255,255,284,284,294,294,372,372,391,407,419,35,35],"floor_reached":22,"playtime":2094,"items_purged":[],"score":456,"play_id":"dc90bcbf-fb80-481d-9eab-0064b5a741cf","local_time":"20190519020313","is_ascension_mode":true,"campfire_choices":[{"floor":11,"key":"REST"},{"floor":13,"key":"REST"},{"data":"Coolheaded","floor":15,"key":"SMITH"}],"neow_cost":"NONE","seed_source_timestamp":148196304416667,"circlet_count":0,"master_deck":["AscendersBane","Strike_B","Strike_B","Strike_B+1","Strike_B+1","Defend_B","Defend_B","Defend_B","Defend_B","Zap","Dualcast","Redo","Conserve Battery","Sweeping Beam","Coolheaded+1","Gash","Turbo","Lockon","Gash","Seek","Chaos+1","Conserve Battery","Stack+1","Self Repair+1","White Noise"],"relics":["Cracked Core","NeowsBlessing","Mango","Gremlin Horn","Frozen Egg 2","Whetstone","Shuriken","Eternal Feather","Mummified Hand"],"potions_floor_usage":[12,18,20],"damage_taken":[{"damage":0,"enemies":"2 Louse","floor":1,"turns":1},{"damage":0,"enemies":"Jaw Worm","floor":2,"turns":1},{"damage":0,"enemies":"Lagavulin","floor":6,"turns":1},{"damage":35,"enemies":"3 Sentries","floor":10,"turns":11},{"damage":39,"enemies":"Gremlin Nob","floor":12,"turns":4},{"damage":0,"enemies":"Small Slimes","floor":14,"turns":2},{"damage":35,"enemies":"The Guardian","floor":16,"turns":14},{"damage":15,"enemies":"Spheric Guardian","floor":18,"turns":4},{"damage":25,"enemies":"Chosen","floor":19,"turns":6},{"damage":20,"enemies":"3 Cultists","floor":20,"turns":5},{"damage":19,"enemies":"Cultist and Chosen","floor":22,"turns":3}],"seed_played":"5530779831100848880","potions_obtained":[{"floor":10,"key":"Explosive Potion"},{"floor":16,"key":"AttackPotion"},{"floor":18,"key":"EssenceOfSteel"}],"is_trial":false,"path_per_floor":["M","M","$","?","?","E","T","?","T","E","R","E","R","M","R","B",null,"M","M","M","$","M"],"character_chosen":"DEFECT","items_purchased":["Sweeping Beam","Coolheaded","Self Repair+1","Mummified Hand","White Noise"],"campfire_rested":2,"item_purchase_floors":[3,3,21,21,21],"current_hp_per_floor":[64,64,64,69,69,83,83,72,72,37,64,25,52,52,52,17,72,57,32,12,12,0],"gold":35,"neow_bonus":"THREE_ENEMY_KILL","is_prod":false,"is_daily":false,"chose_seed":false,"campfire_upgraded":1,"win_rate":0,"timestamp":1558245793,"path_taken":["M","M","$","?","?","E","?","?","T","E","R","E","R","M","R","BOSS","M","M","M","$","M"],"build_version":"2019-01-23","purchased_purges":0,"victory":false,"max_hp_per_floor":[71,71,71,76,76,90,90,90,90,90,90,90,90,90,90,90,90,90,90,90,90,90],"card_choices":[{"not_picked":["Turbo","Storm"],"picked":"Redo","floor":1},{"not_picked":["Compile Driver","Leap"],"picked":"Conserve Battery","floor":2},{"not_picked":["Consume","Leap"],"picked":"Gash","floor":6},{"not_picked":["Fission","Rebound"],"picked":"Turbo","floor":10},{"not_picked":["Steam Power","Consume"],"picked":"Lockon","floor":12},{"not_picked":["Streamline","Consume"],"picked":"Gash","floor":14},{"not_picked":["Thunder Strike","Multi-Cast"],"picked":"Seek","floor":16},{"not_picked":["Reprogram+1","Barrage"],"picked":"Chaos+1","floor":18},{"not_picked":["Barrage","Storm+1"],"picked":"Conserve Battery","floor":19},{"not_picked":["Capacitor+1","Multi-Cast"],"picked":"Stack+1","floor":20}],"player_experience":2602232,"relics_obtained":[{"floor":6,"key":"Mango"},{"floor":7,"key":"Gremlin Horn"},{"floor":9,"key":"Frozen Egg 2"},{"floor":10,"key":"Whetstone"},{"floor":12,"key":"Shuriken"}],"event_choices":[{"damage_healed":0,"gold_gain":0,"player_choice":"Donut","damage_taken":0,"max_hp_gain":5,"max_hp_loss":0,"event_name":"Big Fish","floor":4,"gold_loss":0},{"damage_healed":0,"gold_gain":0,"player_choice":"Leave","damage_taken":0,"max_hp_gain":0,"max_hp_loss":0,"event_name":"The Cleric","floor":5,"gold_loss":0},{"damage_healed":0,"gold_gain":75,"player_choice":"Gather Gold","damage_taken":11,"max_hp_gain":0,"max_hp_loss":0,"event_name":"World of Goop","floor":8,"gold_loss":0}],"is_beta":false,"boss_relics":[{"not_picked":["Coffee Dripper","Snecko Eye"],"picked":"Eternal Feather"}],"items_purged_floors":[],"is_endless":false,"potions_floor_spawned":[10,16,18],"killed_by":"Cultist and Chosen","ascension_level":18}