{"gold_per_floor":[118,118,129,3,3,3,32,32,58,87,6,6,19,37,37,37],"floor_reached":16,"playtime":977,"items_purged":["Defend_B"],"score":130,"play_id":"7004a85a-5928-46f9-ab0a-b4a87e1b951f","local_time":"20180807213225","is_ascension_mode":true,"campfire_choices":[{"data":"Dualcast","floor":6,"key":"SMITH"},{"data":"Self Repair","floor":8,"key":"SMITH"},{"data":"Auto Shields","floor":12,"key":"SMITH"},{"data":"Self Repair","floor":15,"key":"SMITH"}],"neow_cost":"NONE","seed_source_timestamp":192489366069072,"circlet_count":0,"master_deck":["Strike_B","Strike_B","Strike_B","Defend_B","Defend_B","Defend_B","Zap+1","Dualcast+1","Self Repair+1","BootSequence","Sweeping Beam","Reboot","Gash","Conserve Battery","Auto Shields+1","Auto Shields","Self Repair+1"],"relics":["Cracked Core","The Courier","Regal Pillow","Juzu Bracelet"],"potions_floor_usage":[10,16],"damage_taken":[{"damage":0,"enemies":"2 Louse","floor":1,"turns":2},{"damage":0,"enemies":"Small Slimes","floor":3,"turns":3},{"damage":20,"enemies":"3 Sentries","floor":7,"turns":6},{"damage":18,"enemies":"Gremlin Nob","floor":10,"turns":4},{"damage":4,"enemies":"Cultist","floor":13,"turns":4},{"damage":0,"enemies":"Blue Slaver","floor":14,"turns":3},{"damage":70,"enemies":"Hexaghost","floor":16,"turns":12}],"seed_played":"-4521406895523422099","potions_obtained":[{"floor":3,"key":"Weak Potion"},{"floor":13,"key":"Strength Potion"}],"is_trial":false,"path_per_floor":["M","?","M","$","?","R","E","R","T","E","$","R","M","M","R"],"character_chosen":"DEFECT","items_purchased":["Sweeping Beam","Conserve Battery","Auto Shields"],"campfire_rested":0,"item_purchase_floors":[4,11,11],"current_hp_per_floor":[75,68,75,75,75,75,62,62,62,54,54,54,60,70,70,0],"gold":37,"neow_bonus":"UPGRADE_CARD","is_prod":false,"is_daily":false,"chose_seed":false,"campfire_upgraded":4,"win_rate":0,"timestamp":1533691945,"path_taken":["M","?","M","$","?","R","E","R","T","E","$","R","M","M","R","BOSS"],"build_version":"2018-08-02","purchased_purges":1,"victory":false,"max_hp_per_floor":[75,75,75,75,75,75,75,75,75,75,75,75,75,75,75,75],"card_choices":[{"not_picked":["Ball Lightning","Sunder"],"picked":"Self Repair","floor":1},{"not_picked":["Barrage","Sweeping Beam"],"picked":"BootSequence","floor":3},{"not_picked":["Rip and Tear","Compile Driver"],"picked":"Reboot","floor":7},{"not_picked":["Loop","Redo"],"picked":"Gash","floor":10},{"not_picked":["Loop","Barrage"],"picked":"Auto Shields","floor":13},{"not_picked":["Glacier","Capacitor"],"picked":"Self Repair","floor":14}],"player_experience":1482705,"relics_obtained":[{"floor":7,"key":"The Courier"},{"floor":9,"key":"Regal Pillow"},{"floor":10,"key":"Juzu Bracelet"}],"event_choices":[{"event_name":"Golden Wing","player_choice":"Card Removal","floor":2,"damage_taken":0},{"event_name":"The Cleric","player_choice":"Leave","floor":5,"damage_taken":0}],"is_beta":false,"boss_relics":[],"items_purged_floors":[4],"is_endless":false,"potions_floor_spawned":[3,13],"killed_by":"Hexaghost","ascension_level":4}