{"gold_per_floor":[144,144,189,189,189,279,324,324,399,444,489,579,624,669,669,969,969,1014,1014,4,49,15,15,105,105,130,175,220,265,265,265,265,565,565,610,655,655,736,11,11,56,56,56,101,191,236,326,5,5,5],"floor_reached":51,"playtime":6037,"items_purged":["Regret"],"score":989,"play_id":"084ffb3d-3ed9-4f3c-ab46-6e3742330b14","local_time":"20190906103235","daily_mods":["Insanity","ControlledChaos","Midas"],"is_ascension_mode":false,"campfire_choices":[{"floor":8,"key":"REST"},{"floor":15,"key":"REST"},{"floor":23,"key":"REST"},{"floor":25,"key":"REST"},{"floor":30,"key":"REST"},{"floor":32,"key":"REST"},{"floor":40,"key":"REST"},{"data":"1","floor":42,"key":"LIFT"},{"data":"2","floor":49,"key":"LIFT"}],"neow_cost":"","seed_source_timestamp":0,"circlet_count":0,"master_deck":["Warcry","Disarm","Intimidate","Cleave","Searing Blow","Cleave","Battle Trance","Disarm","Pommel Strike","Dual Wield","Battle Trance","Havoc","Body Slam","Seeing Red","Shrug It Off","Power Through","Entrench","Flame Barrier","Uppercut","Seeing Red","Second Wind","Twin Strike","Infernal Blade","True Grit","Entrench","Flex","Iron Wave","Warcry","Sentinel","Hemokinesis","Sword Boomerang","Pummel","Blood for Blood","Twin Strike","Intimidate","Wild Strike","Rage+1","Disarm","Cleave","Burning Pact","Cleave","Dropkick","Reckless Charge","Pommel Strike","Heavy Blade","Feel No Pain","Corruption","Bloodletting","Cleave","Twin Strike","Twin Strike","Juggernaut","Wild Strike","Flex","Sentinel+1","Immolate","True Grit","Intimidate","Immolate","Flex","Anger","Heavy Blade","Wild Strike","Perfected Strike","Combust","Shrug It Off","Anger+1","Rage","Flex","Pommel Strike","Anger","Iron Wave","Cleave","Pommel Strike+1","Body Slam+1","Rupture","Searing Blow+1","Shockwave","Demon Form","Carnage","Combust","Trip","Inflame","Intimidate","Shrug It Off","Searing Blow","Flash of Steel+1","Flame Barrier","Berserk","Hemokinesis+1","Armaments+1","Second Wind+1","Whirlwind+1","Wild Strike"],"special_seed":18145,"relics":["Black Blood","Frozen Eye","The Courier","Lantern","Potion Belt","Bottled Tornado","War Paint","Orrery","Membership Card","Regal Pillow","Dream Catcher","Turnip","Kunai","Bag of Marbles","Champion Belt","Happy Flower","Boot","Centennial Puzzle","Red Skull","Paper Frog","Anchor","Girya","Pen Nib","Magic Flower","Bronze Scales","Oddly Smooth Stone","Vajra","Omamori","Chemical X","Unceasing Top","Ancient Tea Set","PreservedInsect","Blood Vial","Lee\u0027s Waffle","Incense Burner","Whetstone"],"potions_floor_usage":[11,24,27,33,33,33,33,41,41,45,47,50,50,50],"damage_taken":[{"damage":6,"enemies":"Small Slimes","floor":1,"turns":3},{"damage":0,"enemies":"Jaw Worm","floor":3,"turns":3},{"damage":21,"enemies":"Lagavulin","floor":6,"turns":7},{"damage":5,"enemies":"2 Louse","floor":7,"turns":2},{"damage":9,"enemies":"Exordium Wildlife","floor":10,"turns":3},{"damage":15,"enemies":"Exordium Thugs","floor":11,"turns":3},{"damage":26,"enemies":"3 Sentries","floor":12,"turns":5},{"damage":17,"enemies":"Large Slime","floor":13,"turns":5},{"damage":3,"enemies":"Lots of Slimes","floor":14,"turns":5},{"damage":51,"enemies":"The Guardian","floor":16,"turns":11},{"damage":1,"enemies":"Chosen","floor":18,"turns":4},{"damage":3,"enemies":"3 Byrds","floor":21,"turns":2},{"damage":14,"enemies":"Book of Stabbing","floor":24,"turns":6},{"damage":3,"enemies":"3 Cultists","floor":27,"turns":3},{"damage":15,"enemies":"Shelled Parasite and Fungi","floor":28,"turns":3},{"damage":18,"enemies":"Cultist and Chosen","floor":29,"turns":5},{"damage":54,"enemies":"Collector","floor":33,"turns":8},{"damage":9,"enemies":"Orb Walker","floor":35,"turns":3},{"damage":11,"enemies":"3 Darklings","floor":36,"turns":4},{"damage":39,"enemies":"2 Orb Walkers","floor":38,"turns":5},{"damage":16,"enemies":"Spire Growth","floor":41,"turns":3},{"damage":26,"enemies":"Maw","floor":44,"turns":7},{"damage":48,"enemies":"Reptomancer","floor":45,"turns":4},{"damage":36,"enemies":"Transient","floor":46,"turns":5},{"damage":35,"enemies":"Nemesis","floor":47,"turns":2},{"damage":76,"enemies":"Awakened One","floor":50,"turns":7}],"seed_played":"8600713157366493565","potions_obtained":[{"floor":3,"key":"Dexterity Potion"},{"floor":6,"key":"Dexterity Potion"},{"floor":7,"key":"Ancient Potion"},{"floor":10,"key":"PowerPotion"},{"floor":12,"key":"Energy Potion"},{"floor":29,"key":"AttackPotion"},{"floor":33,"key":"Poison Potion"},{"floor":35,"key":"Explosive Potion"},{"floor":38,"key":"BloodPotion"},{"floor":44,"key":"FearPotion"},{"floor":47,"key":"AttackPotion"}],"is_trial":false,"path_per_floor":["M","?","M","?","?","E","M","R","T","M","M","E","M","M","R","B",null,"M","?","$","M","$","R","E","R","T","M","M","M","R","?","R","B",null,"M","M","?","?","$","R","M","R","T","M","E","M","E","$","R","B",null],"character_chosen":"IRONCLAD","items_purchased":["Membership Card","Regal Pillow","Dream Catcher","Turnip","Poison Potion","Kunai","Bag of Marbles","Champion Belt","Happy Flower","Boot","Centennial Puzzle","Red Skull","Shrug It Off","Rage","Flex","Pen Nib","Magic Flower","Bronze Scales","Oddly Smooth Stone","Vajra","Omamori","Chemical X","Unceasing Top","Intimidate","Shrug It Off","Searing Blow","Flash of Steel","Lee\u0027s Waffle","Incense Burner","Whetstone","PowerPotion","PowerPotion","Wild Strike"],"campfire_rested":7,"item_purchase_floors":[20,20,20,20,20,20,20,20,20,20,20,20,20,22,22,39,39,39,39,39,39,39,39,39,39,39,39,48,48,48,48,48,48],"current_hp_per_floor":[80,80,80,73,73,58,59,80,80,77,68,48,37,40,64,19,80,80,80,80,80,80,80,72,80,80,80,71,59,80,80,80,32,80,80,79,79,50,50,80,79,79,79,68,65,44,24,87,87,26],"gold":5,"neow_bonus":"","is_prod":false,"is_daily":true,"chose_seed":false,"campfire_upgraded":0,"win_rate":0,"timestamp":1567776755,"path_taken":["M","?","M","?","?","E","M","R","T","M","M","E","M","M","R","BOSS","M","?","$","M","?","R","E","R","T","M","M","M","R","?","R","BOSS","M","?","?","?","$","R","M","R","T","M","E","M","E","$","R","BOSS"],"build_version":"2019-07-17","purchased_purges":1,"victory":true,"max_hp_per_floor":[80,80,80,80,80,80,80,80,80,80,80,80,80,80,80,80,80,80,80,80,80,80,80,80,80,80,80,80,80,80,80,80,80,80,80,80,80,80,80,80,80,80,80,80,80,80,80,87,87,87],"card_choices":[{"not_picked":["Metallicize","Havoc"],"picked":"Twin Strike","floor":1},{"not_picked":["Power Through","Rage"],"picked":"Twin Strike","floor":3},{"not_picked":["Twin Strike","Havoc"],"picked":"Juggernaut","floor":6},{"not_picked":["Pummel","Body Slam"],"picked":"Wild Strike","floor":7},{"not_picked":["Warcry","Dark Embrace"],"picked":"Flex","floor":10},{"not_picked":["Havoc","Armaments"],"picked":"Sentinel","floor":11},{"not_picked":["Clothesline","Reckless Charge"],"picked":"Immolate","floor":12},{"not_picked":["Wild Strike","Seeing Red"],"picked":"True Grit","floor":13},{"not_picked":["Armaments","Warcry"],"picked":"Intimidate","floor":14},{"not_picked":["Berserk","Impervious"],"picked":"Immolate","floor":16},{"not_picked":["Body Slam","Flame Barrier"],"picked":"Flex","floor":17},{"not_picked":["Clothesline","Cleave"],"picked":"Anger","floor":17},{"not_picked":["Cleave","Seeing Red"],"picked":"Heavy Blade","floor":17},{"not_picked":["Fire Breathing","Headbutt"],"picked":"Wild Strike","floor":17},{"not_picked":["Clash","Combust"],"picked":"Perfected Strike","floor":17},{"not_picked":["Uppercut","Rampage+1"],"picked":"Combust","floor":18},{"not_picked":["Sentinel","Dropkick"],"picked":"Anger+1","floor":21},{"not_picked":["Offering","Evolve"],"picked":"Pommel Strike","floor":23},{"not_picked":["Berserk","Metallicize"],"picked":"Anger","floor":24},{"not_picked":["Sword Boomerang+1","Corruption"],"picked":"Iron Wave","floor":25},{"not_picked":["Intimidate","Warcry+1"],"picked":"Cleave","floor":27},{"not_picked":["Second Wind+1","Dropkick"],"picked":"Pommel Strike+1","floor":28},{"not_picked":["Ghostly Armor","Dropkick"],"picked":"Body Slam+1","floor":29},{"not_picked":["Intimidate","Pommel Strike"],"picked":"Rupture","floor":30},{"not_picked":["Body Slam","Burning Pact"],"picked":"Shockwave","floor":32},{"not_picked":["Exhume","Berserk"],"picked":"Demon Form","floor":33},{"not_picked":["Evolve","Clash"],"picked":"Carnage","floor":35},{"not_picked":["Headbutt","Warcry+1"],"picked":"Combust","floor":36},{"not_picked":["Finesse","Forethought"],"picked":"Trip","floor":37},{"not_picked":["Twin Strike+1","Wild Strike+1"],"picked":"Inflame","floor":38},{"not_picked":["Shrug It Off+1","Body Slam"],"picked":"Flame Barrier","floor":40},{"not_picked":["Havoc","Feel No Pain"],"picked":"Berserk","floor":41},{"not_picked":["Havoc+1","Searing Blow"],"picked":"Hemokinesis+1","floor":44},{"not_picked":["Combust+1","Evolve"],"picked":"Armaments+1","floor":45},{"not_picked":["Wild Strike","Armaments"],"picked":"Second Wind+1","floor":46},{"not_picked":["Hemokinesis","Shockwave"],"picked":"Whirlwind+1","floor":47}],"player_experience":374165,"relics_obtained":[{"floor":6,"key":"Potion Belt"},{"floor":9,"key":"Bottled Tornado"},{"floor":12,"key":"War Paint"},{"floor":24,"key":"Paper Frog"},{"floor":26,"key":"Anchor"},{"floor":38,"key":"Girya"},{"floor":43,"key":"Ancient Tea Set"},{"floor":45,"key":"PreservedInsect"},{"floor":47,"key":"Blood Vial"}],"event_choices":[{"damage_healed":0,"gold_gain":0,"player_choice":"Leave","damage_taken":0,"max_hp_gain":0,"max_hp_loss":0,"event_name":"The Cleric","floor":2,"gold_loss":0},{"damage_healed":0,"gold_gain":0,"player_choice":"Success","damage_taken":7,"relics_obtained":["The Courier"],"max_hp_gain":0,"max_hp_loss":0,"event_name":"Scrap Ooze","floor":4,"gold_loss":0},{"damage_healed":0,"gold_gain":0,"player_choice":"Box","damage_taken":0,"relics_obtained":["Lantern"],"max_hp_gain":0,"max_hp_loss":0,"event_name":"Big Fish","floor":5,"gold_loss":0,"cards_obtained":["Regret"]},{"damage_healed":0,"gold_gain":0,"player_choice":"Ignored","damage_taken":0,"max_hp_gain":0,"max_hp_loss":0,"event_name":"The Mausoleum","floor":19,"gold_loss":0},{"damage_healed":0,"gold_gain":0,"cards_transformed":["Corruption"],"player_choice":"Transformed","damage_taken":0,"max_hp_gain":0,"max_hp_loss":0,"event_name":"Transmorgrifier","floor":31,"gold_loss":0,"cards_obtained":["Searing Blow"]},{"damage_healed":0,"gold_gain":0,"player_choice":"Memory 1","damage_taken":0,"max_hp_gain":0,"max_hp_loss":0,"event_name":"SensoryStone","floor":37,"gold_loss":0},{"damage_healed":0,"gold_gain":0,"player_choice":"Fight","damage_taken":0,"max_hp_gain":0,"max_hp_loss":0,"event_name":"Mysterious Sphere","floor":38,"gold_loss":0}],"is_beta":false,"boss_relics":[{"not_picked":["Runic Dome","Cursed Key"],"picked":"Orrery"},{"not_picked":["Empty Cage","Runic Pyramid"],"picked":"Black Blood"}],"items_purged_floors":[20],"is_endless":false,"potions_floor_spawned":[3,6,7,10,12,21,29,33,35,38,44,47],"ascension_level":0}