{"gold_per_floor":[112,122,72,72,20,20,34,34,61,80,104,104,104,127,127,247,247,268,293,32,32,0,0,0],"floor_reached":24,"playtime":1350,"items_purged":["Injury"],"score":279,"play_id":"5f0cb3cc-48b8-4fff-bc79-1621001f9342","local_time":"20180923004031","is_ascension_mode":true,"campfire_choices":[{"data":"Neutralize","floor":6,"key":"SMITH"},{"floor":12,"key":"REST"},{"floor":15,"key":"REST"},{"floor":23,"key":"REST"}],"neow_cost":"NONE","seed_source_timestamp":251853151279240,"circlet_count":0,"master_deck":["Defend_G+1","Defend_G","Defend_G","Defend_G","Defend_G","Strike_G+1","Strike_G","Strike_G","Strike_G","Survivor","Neutralize+1","AscendersBane","Terror","Bouncing Flask","Poisoned Stab","Prepared","Noxious Fumes","Catalyst","Masterful Stab","Bullet Time","Underhanded Strike+1","Cloak And Dagger+1","Magnetism"],"relics":["Ring of the Snake","Boot","Golden Idol","Omamori","Anchor","HoveringKite"],"potions_floor_usage":[14,16,16,24],"damage_taken":[{"damage":0,"enemies":"2 Louse","floor":1,"turns":4},{"damage":7,"enemies":"Small Slimes","floor":2,"turns":4},{"damage":7,"enemies":"Cultist","floor":7,"turns":4},{"damage":1,"enemies":"Blue Slaver","floor":10,"turns":3},{"damage":16,"enemies":"3 Louse","floor":11,"turns":4},{"damage":22,"enemies":"Lots of Slimes","floor":14,"turns":5},{"damage":15,"enemies":"Hexaghost","floor":16,"turns":10},{"damage":24,"enemies":"Shell Parasite","floor":18,"turns":6},{"damage":30,"enemies":"Spheric Guardian","floor":19,"turns":5},{"damage":49,"enemies":"Book of Stabbing","floor":24,"turns":5}],"seed_played":"8359920360356791511","potions_obtained":[{"floor":7,"key":"Dexterity Potion"},{"floor":11,"key":"SkillPotion"},{"floor":14,"key":"Dexterity Potion"},{"floor":18,"key":"Explosive Potion"}],"is_trial":false,"path_per_floor":["M","M","?","?","$","R","M","?","T","M","M","R","?","M","R","B",null,"M","M","$","?","?","R"],"character_chosen":"THE_SILENT","items_purchased":["Poisoned Stab","Magnetism"],"campfire_rested":3,"item_purchase_floors":[5,20],"current_hp_per_floor":[63,56,56,56,56,56,49,35,35,34,18,39,36,14,35,20,58,34,4,4,27,27,48,0],"gold":0,"neow_bonus":"RANDOM_COMMON_RELIC","is_prod":false,"is_daily":false,"chose_seed":false,"campfire_upgraded":1,"win_rate":0,"timestamp":1537677631,"path_taken":["M","M","?","?","$","R","M","?","T","M","?","R","?","M","R","BOSS","M","M","?","?","?","R","E"],"build_version":"2018-08-23v2","purchased_purges":1,"victory":false,"max_hp_per_floor":[70,70,70,70,70,70,70,70,70,70,70,70,70,70,70,70,70,70,70,70,70,70,70,70],"card_choices":[{"not_picked":["Backflip","Outmaneuver"],"picked":"Terror","floor":1},{"not_picked":["Eviscerate","Riddle With Holes"],"picked":"Bouncing Flask","floor":2},{"not_picked":["Cloak And Dagger","PiercingWail"],"picked":"Prepared","floor":7},{"not_picked":["Bane","Dagger Spray"],"picked":"Noxious Fumes","floor":10},{"not_picked":["Bane","A Thousand Cuts"],"picked":"Catalyst","floor":11},{"not_picked":["Flying Knee","Acrobatics"],"picked":"Masterful Stab","floor":14},{"not_picked":["Burst","Glass Knife"],"picked":"Bullet Time","floor":16},{"not_picked":["Flying Knee","Dagger Throw"],"picked":"Underhanded Strike+1","floor":18},{"not_picked":["Outmaneuver","Skewer"],"picked":"Cloak And Dagger+1","floor":19}],"player_experience":1754976,"relics_obtained":[{"floor":9,"key":"Omamori"}],"event_choices":[{"event_name":"The Cleric","player_choice":"Card Removal","floor":3,"damage_taken":0},{"event_name":"Golden Idol","player_choice":"Take Wound","floor":4,"damage_taken":0},{"event_name":"Shining Light","player_choice":"Entered Light","floor":8,"damage_taken":0},{"event_name":"Scrap Ooze","player_choice":"success","floor":13,"damage_taken":3},{"event_name":"The Library","player_choice":"Heal","floor":21,"damage_taken":0},{"event_name":"Masked Bandits","player_choice":"Paid Fearfully","floor":22,"damage_taken":0}],"is_beta":false,"boss_relics":[{"not_picked":["Black Star","White Beast Statue"],"picked":"HoveringKite"}],"items_purged_floors":[20],"is_endless":false,"potions_floor_spawned":[7,11,14,18],"killed_by":"Book of Stabbing","ascension_level":10}