{"gold_per_floor":[113,132,149,22,22,22,22,39,109,37,37,99,115,131,131,233,233,233,14,14,14,14,14,14,14,14,14,14,14,14,14,14,14,14,14,14,14,14,14,14,14,14,14,14,14,14,14,14,14,14],"floor_reached":50,"playtime":4593,"items_purged":[],"score":489,"play_id":"4e843527-e28e-4857-a5b8-888edc365b3d","local_time":"20190715175159","is_ascension_mode":true,"campfire_choices":[{"floor":6,"key":"REST"},{"floor":11,"key":"REST"},{"data":"Power Through","floor":15,"key":"SMITH"},{"data":"Mind Blast","floor":23,"key":"SMITH"},{"data":"Impervious","floor":25,"key":"SMITH"},{"data":"Immolate","floor":32,"key":"SMITH"},{"data":"Infernal Blade","floor":40,"key":"SMITH"},{"floor":45,"key":"REST"},{"data":"Bludgeon","floor":47,"key":"SMITH"},{"floor":49,"key":"REST"}],"neow_cost":"NONE","seed_source_timestamp":111733071006452,"circlet_count":0,"master_deck":["Bash","Iron Wave","Uppercut","Shrug It Off","Rampage","Pommel Strike","Flex","Armaments","Immolate+1","Searing Blow","Power Through+1","Impervious+1","Reckless Charge+1","Infernal Blade+1","Mind Blast+1","Cleave+1","Flex","Infernal Blade+1","Armaments","Uppercut","Clothesline+1","Shrug It Off","Bludgeon+1","Armaments","Exhume","Heavy Blade","Intimidate","Hemokinesis","Feed","Ghostly Armor","Feed","Reaper","Perfected Strike+1","Writhe","Carnage","Searing Blow","The Bomb","Discovery","Bandage Up","Shrug It Off","Heavy Blade"],"relics":["Burning Blood","Orichalcum","Pantograph","Tiny Chest","Ectoplasm","Ginger","Whetstone","Pandora\u0027s Box","Charon\u0027s Ashes","Letter Opener","Centennial Puzzle"],"potions_floor_usage":[12,14,16,33,42,50],"damage_taken":[{"damage":0,"enemies":"Small Slimes","floor":1,"turns":5},{"damage":10,"enemies":"Jaw Worm","floor":2,"turns":4},{"damage":1,"enemies":"Cultist","floor":3,"turns":3},{"damage":13,"enemies":"Large Slime","floor":8,"turns":8},{"damage":26,"enemies":"Lagavulin","floor":12,"turns":7},{"damage":2,"enemies":"Blue Slaver","floor":13,"turns":4},{"damage":0,"enemies":"Red Slaver","floor":14,"turns":3},{"damage":27,"enemies":"Slime Boss","floor":16,"turns":10},{"damage":17,"enemies":"3 Byrds","floor":18,"turns":6},{"damage":0,"enemies":"Chosen","floor":22,"turns":4},{"damage":4,"enemies":"Shelled Parasite and Fungi","floor":24,"turns":6},{"damage":10,"enemies":"Snecko","floor":27,"turns":4},{"damage":6,"enemies":"Centurion and Healer","floor":28,"turns":3},{"damage":0,"enemies":"3 Cultists","floor":29,"turns":4},{"damage":123,"enemies":"Automaton","floor":33,"turns":13},{"damage":34,"enemies":"3 Darklings","floor":35,"turns":8},{"damage":3,"enemies":"Mind Bloom Boss Battle","floor":37,"turns":7},{"damage":13,"enemies":"3 Shapes","floor":38,"turns":3},{"damage":29,"enemies":"Maw","floor":42,"turns":8},{"damage":25,"enemies":"Spire Growth","floor":48,"turns":5},{"damage":130,"enemies":"Awakened One","floor":50,"turns":12}],"seed_played":"-4794401029225404526","potions_obtained":[{"floor":2,"key":"Explosive Potion"},{"floor":8,"key":"Block Potion"},{"floor":12,"key":"AttackPotion"},{"floor":21,"key":"FairyPotion"},{"floor":21,"key":"BloodPotion"},{"floor":21,"key":"Ancient Potion"},{"floor":22,"key":"Regen Potion"},{"floor":27,"key":"FairyPotion"},{"floor":35,"key":"SpeedPotion"},{"floor":37,"key":"BloodPotion"},{"floor":42,"key":"Explosive Potion"}],"is_trial":false,"path_per_floor":["M","M","M","$","?","R","?","M","T","$","R","E","M","M","R","B",null,"M","$","?","?","M","R","M","R","T","M","M","M","T","?","R","B",null,"M","?","?","M","$","R","?","M","T","?","R","T","R","M","R","B"],"character_chosen":"IRONCLAD","items_purchased":["Shrug It Off","Rampage","Flex","Armaments","Infernal Blade","Mind Blast","Cleave","Flex"],"campfire_rested":4,"item_purchase_floors":[4,4,10,10,19,19,19,19],"current_hp_per_floor":[88,84,88,88,63,88,70,63,63,63,88,68,72,78,78,67,88,77,77,77,77,83,83,85,85,85,81,81,87,87,87,87,14,88,60,82,94,87,87,87,77,75,75,75,94,94,94,75,94,0],"gold":14,"neow_bonus":"TEN_PERCENT_HP_BONUS","is_prod":false,"is_daily":false,"chose_seed":false,"campfire_upgraded":6,"win_rate":0,"timestamp":1563223919,"path_taken":["M","M","M","$","?","R","?","M","T","?","R","E","?","M","R","BOSS","M","$","?","?","?","R","M","R","T","M","M","M","?","?","R","BOSS","M","?","?","M","$","R","?","M","T","?","R","?","R","M","R","BOSS"],"build_version":"2019-07-05","purchased_purges":0,"victory":false,"max_hp_per_floor":[88,88,88,88,88,88,88,88,88,88,88,88,88,88,88,88,88,88,88,88,88,88,88,88,88,88,88,88,88,88,88,88,88,88,88,88,94,94,94,94,94,94,94,94,94,94,94,94,94,94],"card_choices":[{"not_picked":["Warcry","Wild Strike"],"picked":"Iron Wave","floor":1},{"not_picked":["Spot Weakness","Clash"],"picked":"Iron Wave","floor":2},{"not_picked":["Sword Boomerang","Armaments"],"picked":"Uppercut","floor":3},{"not_picked":["Feel No Pain","Body Slam"],"picked":"Pommel Strike","floor":8},{"not_picked":["True Grit","Perfected Strike"],"picked":"Immolate","floor":12},{"not_picked":["Sword Boomerang","Armaments"],"picked":"Searing Blow","floor":13},{"not_picked":["Twin Strike","Spot Weakness"],"picked":"Power Through","floor":14},{"not_picked":["Offering","Juggernaut"],"picked":"Impervious","floor":16},{"not_picked":["Uppercut","Sword Boomerang+1"],"picked":"Reckless Charge+1","floor":18},{"not_picked":["Metallicize","Evolve"],"picked":"Infernal Blade+1","floor":22},{"not_picked":["Rupture","Headbutt"],"picked":"Armaments","floor":24},{"not_picked":["True Grit","Havoc"],"picked":"Uppercut","floor":27},{"not_picked":["Warcry","Sentinel"],"picked":"Clothesline","floor":28},{"not_picked":["Bloodletting","Wild Strike"],"picked":"Shrug It Off","floor":29},{"not_picked":["Feed","Juggernaut"],"picked":"Bludgeon","floor":33},{"not_picked":["Twin Strike+1","Body Slam"],"picked":"Perfected Strike+1","floor":35},{"not_picked":["Thunderclap+1","Wild Strike+1"],"picked":"Carnage","floor":37},{"not_picked":["Twin Strike","Wild Strike"],"picked":"Searing Blow","floor":38},{"not_picked":["Forethought","Panacea"],"picked":"The Bomb","floor":41},{"not_picked":["Transmutation","Mayhem"],"picked":"Discovery","floor":41},{"not_picked":["The Bomb","Master of Strategy"],"picked":"Bandage Up","floor":41},{"not_picked":["Headbutt","Pommel Strike"],"picked":"Shrug It Off","floor":42},{"not_picked":["Rampage","Body Slam+1"],"picked":"Heavy Blade","floor":48}],"player_experience":156741,"relics_obtained":[{"floor":9,"key":"Pantograph"},{"floor":12,"key":"Tiny Chest"},{"floor":26,"key":"Ginger"},{"floor":30,"key":"Whetstone"},{"floor":37,"key":"Charon\u0027s Ashes"},{"floor":43,"key":"Letter Opener"},{"floor":46,"key":"Centennial Puzzle"}],"event_choices":[{"damage_healed":0,"gold_gain":0,"player_choice":"Success","damage_taken":25,"relics_obtained":["Orichalcum"],"max_hp_gain":0,"max_hp_loss":0,"event_name":"Scrap Ooze","floor":5,"gold_loss":0},{"damage_healed":0,"gold_gain":0,"player_choice":"Entered Light","damage_taken":18,"max_hp_gain":0,"max_hp_loss":0,"event_name":"Shining Light","floor":7,"gold_loss":0,"cards_upgraded":["Defend_R","Strike_R"]},{"damage_healed":0,"gold_gain":0,"player_choice":"Simplicity","damage_taken":0,"max_hp_gain":0,"max_hp_loss":0,"event_name":"Back to Basics","floor":20,"gold_loss":0,"cards_upgraded":["Strike_R","Strike_R","Strike_R","Strike_R","Defend_R","Defend_R","Defend_R"]},{"damage_healed":0,"gold_gain":0,"player_choice":"Got Potions","damage_taken":0,"max_hp_gain":0,"max_hp_loss":0,"event_name":"Lab","floor":21,"gold_loss":0},{"damage_healed":22,"gold_gain":0,"player_choice":"Writhe","damage_taken":0,"max_hp_gain":0,"max_hp_loss":0,"event_name":"Winding Halls","floor":36,"gold_loss":0,"cards_obtained":["Writhe"]},{"damage_healed":0,"gold_gain":0,"player_choice":"Fight","damage_taken":0,"max_hp_gain":0,"max_hp_loss":0,"event_name":"MindBloom","floor":37,"gold_loss":0},{"damage_healed":0,"gold_gain":0,"player_choice":"Memory 3","damage_taken":10,"max_hp_gain":0,"max_hp_loss":0,"event_name":"SensoryStone","floor":41,"gold_loss":0},{"cards_removed":["Iron Wave"],"damage_healed":0,"gold_gain":0,"player_choice":"Removed Attack","damage_taken":0,"max_hp_gain":0,"max_hp_loss":0,"event_name":"Falling","floor":44,"gold_loss":0}],"is_beta":false,"boss_relics":[{"not_picked":["Black Star","Runic Cube"],"picked":"Ectoplasm"},{"not_picked":["Calling Bell","White Beast Statue"],"picked":"Pandora\u0027s Box"}],"items_purged_floors":[],"is_endless":false,"potions_floor_spawned":[2,8,12,22,27,28,35,37,38,42],"killed_by":"Awakened One","ascension_level":1}