{"gold_per_floor":[114,129,144,244,229,259,3,3,28,43,43,58,58],"floor_reached":13,"playtime":1282,"items_purged":["Strike_R"],"score":87,"play_id":"9e04727c-0242-4d6f-abc6-8178ef697f81","local_time":"20191007230052","daily_mods":["Allstar","ControlledChaos","DeadlyEvents"],"is_ascension_mode":false,"campfire_choices":[{"data":"Apotheosis","floor":8,"key":"SMITH"},{"data":"Berserk","floor":11,"key":"SMITH"}],"neow_cost":"","seed_source_timestamp":0,"circlet_count":0,"master_deck":["Strike_R","Strike_R","Strike_R","Strike_R","Defend_R","Defend_R","Defend_R","Defend_R","Bash","Madness","Finesse","Magnetism","Sadistic Nature","PanicButton","Metallicize","Uppercut","Berserk+1","Wild Strike","Apotheosis+1","Corruption"],"special_seed":18176,"relics":["Burning Blood","Frozen Eye","Turnip","Art of War"],"potions_floor_usage":[5,12],"damage_taken":[{"damage":9,"enemies":"2 Louse","floor":1,"turns":5},{"damage":4,"enemies":"Cultist","floor":2,"turns":4},{"damage":12,"enemies":"Jaw Worm","floor":3,"turns":4},{"damage":30,"enemies":"Exordium Thugs","floor":5,"turns":5},{"damage":24,"enemies":"Gremlin Nob","floor":6,"turns":4},{"damage":10,"enemies":"Looter","floor":10,"turns":3},{"damage":20,"enemies":"3 Louse","floor":12,"turns":4},{"damage":23,"enemies":"Lagavulin","floor":13,"turns":3}],"seed_played":"9193087267040089487","potions_obtained":[{"floor":1,"key":"SkillPotion"},{"floor":10,"key":"Regen Potion"}],"is_trial":false,"path_per_floor":["M","M","M","?","M","E","$","R","T","M","R","M","E"],"character_chosen":"IRONCLAD","items_purchased":["Apotheosis"],"campfire_rested":0,"item_purchase_floors":[7],"current_hp_per_floor":[77,79,73,73,49,31,31,31,31,27,27,22,0],"gold":58,"neow_bonus":"","is_prod":false,"is_daily":true,"chose_seed":false,"campfire_upgraded":2,"win_rate":0,"timestamp":1570460452,"path_taken":["M","M","M","?","?","E","$","R","T","M","R","M","E"],"build_version":"2019-07-17","purchased_purges":1,"victory":false,"max_hp_per_floor":[80,80,80,80,80,80,80,80,80,80,80,80,80],"card_choices":[{"not_picked":["Armaments","Flame Barrier"],"picked":"Metallicize","floor":1},{"not_picked":["Armaments","Twin Strike"],"picked":"Uppercut","floor":2},{"not_picked":["Clash","Sword Boomerang"],"picked":"Berserk","floor":3},{"not_picked":["Combust","Rage","Warcry"],"picked":"SKIP","floor":5},{"not_picked":["Havoc","Infernal Blade"],"picked":"Wild Strike","floor":6},{"not_picked":["Armaments","Havoc","Thunderclap"],"picked":"SKIP","floor":10},{"not_picked":["True Grit","Sever Soul"],"picked":"Corruption","floor":12}],"player_experience":125040,"relics_obtained":[{"floor":6,"key":"Turnip"},{"floor":9,"key":"Art of War"}],"event_choices":[{"damage_healed":0,"gold_gain":100,"player_choice":"Pray","damage_taken":0,"max_hp_gain":0,"max_hp_loss":0,"event_name":"Golden Shrine","floor":4,"gold_loss":0}],"is_beta":false,"boss_relics":[],"items_purged_floors":[7],"is_endless":false,"potions_floor_spawned":[1,10],"killed_by":"Lagavulin","ascension_level":0}