{"gold_per_floor":[116,134,148,161,111,111,126,142,142,142,177,12,25,53,53,127,127,139,139,139,43,53,53],"floor_reached":23,"playtime":1867,"items_purged":[],"score":456,"play_id":"dcfb7a7e-e972-4ce0-b530-7c214af1fa74","local_time":"20190826213153","is_ascension_mode":true,"campfire_choices":[{"data":"Pommel Strike","floor":6,"key":"SMITH"},{"data":"Bloodletting","floor":10,"key":"SMITH"},{"floor":15,"key":"REST"}],"neow_cost":"NONE","seed_source_timestamp":801024346173715,"circlet_count":0,"master_deck":["AscendersBane","Strike_R","Strike_R","Strike_R","Strike_R","Strike_R","Defend_R","Defend_R","Defend_R","Defend_R","Bash","Power Through","Iron Wave","True Grit","Demon Form","Pommel Strike+1","Bloodletting+1","Carnage","Disarm","Iron Wave","Twin Strike","Offering","Sword Boomerang+1","RitualDagger","Dark Shackles","Shrug It Off"],"relics":["Burning Blood","Art of War","Bottled Tornado","Bird Faced Urn","Ancient Tea Set","Dodecahedron","Mark of Pain"],"potions_floor_usage":[11,13,16,22,23],"damage_taken":[{"damage":1,"enemies":"Cultist","floor":1,"turns":3},{"damage":4,"enemies":"Jaw Worm","floor":2,"turns":5},{"damage":0,"enemies":"Small Slimes","floor":3,"turns":4},{"damage":17,"enemies":"3 Louse","floor":4,"turns":6},{"damage":12,"enemies":"Blue Slaver","floor":7,"turns":5},{"damage":4,"enemies":"Exordium Wildlife","floor":8,"turns":4},{"damage":0,"enemies":"Lagavulin","floor":11,"turns":6},{"damage":7,"enemies":"Exordium Thugs","floor":13,"turns":5},{"damage":41,"enemies":"Gremlin Nob","floor":14,"turns":5},{"damage":24,"enemies":"Slime Boss","floor":16,"turns":7},{"damage":37,"enemies":"2 Thieves","floor":18,"turns":4},{"damage":6,"enemies":"3 Byrds","floor":22,"turns":5},{"damage":53,"enemies":"Slavers","floor":23,"turns":3}],"seed_played":"-5269304465246538100","potions_obtained":[{"floor":2,"key":"Weak Potion"},{"floor":3,"key":"LiquidBronze"},{"floor":7,"key":"PowerPotion"},{"floor":11,"key":"SteroidPotion"},{"floor":16,"key":"PowerPotion"},{"floor":18,"key":"SkillPotion"}],"is_trial":false,"path_per_floor":["M","M","M","M","$","R","M","M","T","R","E","$","M","E","R","B",null,"M","?","?","$","M","E"],"character_chosen":"IRONCLAD","items_purchased":["Pommel Strike","Ancient Tea Set","Dark Shackles"],"campfire_rested":1,"item_purchase_floors":[5,12,21],"current_hp_per_floor":[73,75,75,64,64,64,58,60,60,60,66,66,65,32,54,40,66,37,31,46,46,48,0],"gold":53,"neow_bonus":"RANDOM_COMMON_RELIC","is_prod":false,"is_daily":false,"chose_seed":false,"campfire_upgraded":2,"win_rate":0,"timestamp":1566869513,"path_taken":["M","M","?","M","$","R","M","M","T","R","E","$","M","E","R","BOSS","M","?","?","$","M","E"],"build_version":"2019-01-23","purchased_purges":0,"victory":false,"max_hp_per_floor":[75,75,75,75,75,75,75,75,75,75,75,75,75,75,75,75,75,75,75,75,75,75,75],"card_choices":[{"not_picked":["Wild Strike","Cleave"],"picked":"Power Through","floor":1},{"not_picked":["Perfected Strike","Pommel Strike"],"picked":"Iron Wave","floor":2},{"not_picked":["Pummel","Flex"],"picked":"True Grit","floor":3},{"not_picked":["Rampage","Bloodletting"],"picked":"Demon Form","floor":4},{"not_picked":["Hemokinesis","Thunderclap"],"picked":"Bloodletting","floor":7},{"not_picked":["Headbutt","Disarm"],"picked":"Carnage","floor":8},{"not_picked":["Intimidate","Body Slam"],"picked":"Disarm","floor":11},{"not_picked":["Warcry","True Grit"],"picked":"Iron Wave","floor":13},{"not_picked":["Shrug It Off","Reckless Charge"],"picked":"Twin Strike","floor":14},{"not_picked":["Reaper","Brutality"],"picked":"Offering","floor":16},{"not_picked":["Headbutt","Rampage+1"],"picked":"Sword Boomerang+1","floor":18},{"not_picked":["Wild Strike","Seeing Red"],"picked":"Shrug It Off","floor":22}],"player_experience":2854532,"relics_obtained":[{"floor":9,"key":"Bottled Tornado"},{"floor":11,"key":"Bird Faced Urn"},{"floor":14,"key":"Dodecahedron"}],"event_choices":[{"damage_healed":0,"gold_gain":0,"player_choice":"Joined the Cult","damage_taken":6,"max_hp_gain":0,"max_hp_loss":0,"event_name":"Nest","floor":19,"gold_loss":0,"cards_obtained":["RitualDagger"]},{"damage_healed":15,"gold_gain":0,"player_choice":"Heal","damage_taken":0,"max_hp_gain":0,"max_hp_loss":0,"event_name":"The Library","floor":20,"gold_loss":0}],"is_beta":false,"boss_relics":[{"not_picked":["White Beast Statue","Pandora\u0027s Box"],"picked":"Mark of Pain"}],"items_purged_floors":[],"is_endless":false,"potions_floor_spawned":[2,3,7,11,16,18],"killed_by":"Slavers","ascension_level":20}