{"gold_per_floor":[210,210,210,66,84,112,112,132,132,132,307,307,320,270,270,374,374,385,398,598,612,257,257,283,283,329,363,381,381,381,396,396,498,498,510,510,559,577,577,577,610,610,660,660,671,688,688,688,688,688],"floor_reached":50,"playtime":3166,"items_purged":["Doubt"],"score":793,"play_id":"6427c2f9-73b1-4dd3-a66b-fce227d8ce7d","local_time":"20180909045849","is_ascension_mode":true,"campfire_choices":[{"floor":7,"key":"REST"},{"data":"Recycle","floor":10,"key":"SMITH"},{"data":"Zap","floor":15,"key":"SMITH"},{"floor":23,"key":"REST"},{"data":"Consume","floor":25,"key":"SMITH"},{"floor":29,"key":"REST"},{"data":"Multi-Cast","floor":32,"key":"SMITH"},{"floor":40,"key":"REST"},{"floor":42,"key":"REST"},{"floor":44,"key":"REST"},{"floor":49,"key":"REST"}],"neow_cost":"NONE","seed_source_timestamp":49440447715642,"circlet_count":0,"master_deck":["Zap+1","Dualcast","Go for the Eyes+1","Gash+1","Recycle+1","Electrodynamics+1","Multi-Cast+1","Scrape+1","Loop+1","Leap","Rebound+1","Sunder+1","Leap","Steam","Coolheaded+1","Consume+1","Defragment+1","Defragment+1","Go for the Eyes+1","Double Energy","Compile Driver+1","Creative AI+1","Gash+1","Skim+1","Darkness+1","Hyperbeam+1","Cold Snap+1","Turbo+1"],"relics":["Cracked Core","Molten Egg 2","Regal Pillow","Frozen Egg 2","Boot","Bag of Marbles","Pandora\u0027s Box","Medical Kit","Strawberry","Lantern","Ancient Tea Set","Velvet Choker","StoneCalendar","Bag of Preparation","Vajra","Prayer Wheel","The Courier"],"potions_floor_usage":[16,16,18,24,24,33],"damage_taken":[{"damage":5,"enemies":"Small Slimes","floor":1,"turns":4},{"damage":1,"enemies":"Cultist","floor":5,"turns":3},{"damage":52,"enemies":"3 Sentries","floor":6,"turns":9},{"damage":0,"enemies":"2 Louse","floor":8,"turns":2},{"damage":0,"enemies":"2 Fungi Beasts","floor":13,"turns":4},{"damage":35,"enemies":"The Guardian","floor":16,"turns":11},{"damage":0,"enemies":"Spheric Guardian","floor":18,"turns":4},{"damage":2,"enemies":"2 Thieves","floor":19,"turns":3},{"damage":10,"enemies":"Chosen and Byrds","floor":21,"turns":3},{"damage":36,"enemies":"Slavers","floor":24,"turns":4},{"damage":6,"enemies":"Book of Stabbing","floor":27,"turns":4},{"damage":3,"enemies":"Snake Plant","floor":28,"turns":3},{"damage":10,"enemies":"Centurion and Healer","floor":31,"turns":3},{"damage":44,"enemies":"Collector","floor":33,"turns":6},{"damage":10,"enemies":"3 Shapes","floor":35,"turns":3},{"damage":26,"enemies":"Mysterious Sphere","floor":37,"turns":4},{"damage":21,"enemies":"3 Darklings","floor":38,"turns":4},{"damage":49,"enemies":"2 Orb Walkers","floor":41,"turns":5},{"damage":26,"enemies":"Spire Growth","floor":45,"turns":4},{"damage":25,"enemies":"Maw","floor":46,"turns":6},{"damage":0,"enemies":"Mind Bloom Boss Battle","floor":47,"turns":4},{"damage":78,"enemies":"Awakened One","floor":50,"turns":5}],"seed_played":"-2636754133724953497","potions_obtained":[{"floor":6,"key":"Swift Potion"},{"floor":8,"key":"FocusPotion"},{"floor":16,"key":"SpeedPotion"},{"floor":18,"key":"SteroidPotion"},{"floor":21,"key":"Explosive Potion"},{"floor":27,"key":"FearPotion"},{"floor":28,"key":"Weak Potion"},{"floor":33,"key":"Ancient Potion"},{"floor":38,"key":"SpeedPotion"}],"is_trial":false,"path_per_floor":["M","?","?","$","M","E","R","M","T","R","?","?","M","?","R","B",null,"M","M","?","M","$","R","E","R","T","E","M","R","?","M","R","B",null,"M","?","?","M","?","R","E","R","T","R","M","M","?","T","R"],"character_chosen":"DEFECT","items_purchased":["Regal Pillow","Defragment+1","Medical Kit"],"campfire_rested":7,"item_purchase_floors":[4,22,22],"current_hp_per_floor":[63,63,68,68,67,15,54,54,54,54,54,51,51,51,51,16,64,64,62,62,52,52,80,51,51,51,45,42,83,83,73,73,29,73,63,63,37,16,16,57,8,49,49,87,61,36,36,36,77,0],"gold":688,"neow_bonus":"HUNDRED_GOLD","is_prod":false,"is_daily":false,"chose_seed":false,"campfire_upgraded":4,"win_rate":0,"timestamp":1536483529,"path_taken":["M","?","?","$","?","E","R","M","T","R","?","?","?","?","R","BOSS","M","?","?","M","$","R","E","R","T","E","M","R","?","M","R","BOSS","M","?","?","?","?","R","E","R","T","R","M","M","?","?","R","BOSS"],"build_version":"2018-08-23v2","purchased_purges":1,"victory":false,"max_hp_per_floor":[75,75,80,80,80,80,80,80,80,80,80,80,80,80,80,80,80,80,80,80,80,80,80,87,87,87,87,87,87,87,87,87,87,87,87,87,87,87,87,87,87,87,87,87,87,87,87,87,87,87],"card_choices":[{"not_picked":["Conserve Battery","Blizzard"],"picked":"Streamline","floor":1},{"not_picked":["Fusion","Reinforced Body"],"picked":"Go for the Eyes+1","floor":5},{"not_picked":["Melter+1","Stack"],"picked":"Gash+1","floor":6},{"not_picked":["Coolheaded","Stack"],"picked":"Recycle","floor":8},{"not_picked":["Heatsinks+1","Sweeping Beam+1"],"picked":"Electrodynamics+1","floor":13},{"not_picked":["Machine Learning+1","Meteor Strike+1"],"picked":"Multi-Cast","floor":16},{"not_picked":["Stack","Rip and Tear+1"],"picked":"Steam","floor":18},{"not_picked":["Melter+1","Cold Snap+1"],"picked":"Coolheaded+1","floor":19},{"not_picked":["Loop+1","Genetic Algorithm"],"picked":"Consume","floor":21},{"not_picked":["Streamline+1","Force Field"],"picked":"Defragment+1","floor":24},{"not_picked":["Sweeping Beam+1","Rainbow"],"picked":"Go for the Eyes+1","floor":27},{"not_picked":["Ball Lightning+1","Compile Driver+1"],"picked":"Double Energy","floor":28},{"not_picked":["Chaos","Recycle"],"picked":"Compile Driver+1","floor":31},{"not_picked":["Seek","Fission"],"picked":"Creative AI+1","floor":33},{"not_picked":["Steam+1","Cold Snap+1"],"picked":"Gash+1","floor":35},{"not_picked":["Blizzard+1","Chill"],"picked":"Skim+1","floor":37},{"not_picked":["Stack","Scrape+1"],"picked":"Darkness+1","floor":38},{"not_picked":["Steam+1","Rebound+1"],"picked":"Hyperbeam+1","floor":41},{"not_picked":["Go for the Eyes+1","Streamline+1"],"picked":"Cold Snap+1","floor":45},{"not_picked":["Rip and Tear+1","Cold Snap+1","Scrape+1"],"picked":"SKIP","floor":46},{"not_picked":["Genetic Algorithm","BootSequence+1"],"picked":"Turbo+1","floor":47}],"player_experience":1681868,"relics_obtained":[{"floor":6,"key":"Frozen Egg 2"},{"floor":9,"key":"Boot"},{"floor":24,"key":"Strawberry"},{"floor":26,"key":"Lantern"},{"floor":27,"key":"Ancient Tea Set"},{"floor":37,"key":"StoneCalendar"},{"floor":41,"key":"Bag of Preparation"},{"floor":43,"key":"Vajra"},{"floor":47,"key":"Prayer Wheel"},{"floor":48,"key":"The Courier"}],"event_choices":[{"event_name":"WeMeetAgain","player_choice":"Card","floor":2,"damage_taken":0},{"event_name":"Big Fish","player_choice":"Donut","floor":3,"damage_taken":0},{"event_name":"Liars Game","player_choice":"agreed","floor":11,"damage_taken":0},{"event_name":"Scrap Ooze","player_choice":"success","floor":12,"damage_taken":3},{"event_name":"The Cleric","player_choice":"Card Removal","floor":14,"damage_taken":0},{"event_name":"Wheel of Change","player_choice":"Gold","floor":20,"damage_taken":0},{"event_name":"Back to Basics","player_choice":"Elegance","floor":30,"damage_taken":0},{"event_name":"Tomb of Lord Red Mask","player_choice":"Ignored","floor":36,"damage_taken":0},{"event_name":"Mysterious Sphere","player_choice":"Fight","floor":37,"damage_taken":0},{"event_name":"The Woman in Blue","player_choice":"Bought 0 Potions","floor":39,"damage_taken":0},{"event_name":"MindBloom","player_choice":"Fight","floor":47,"damage_taken":0}],"is_beta":false,"boss_relics":[{"not_picked":["Calling Bell","Eternal Feather"],"picked":"Pandora\u0027s Box"},{"not_picked":["Runic Pyramid","Lizard Tail"],"picked":"Velvet Choker"}],"items_purged_floors":[22],"is_endless":false,"potions_floor_spawned":[6,8,16,18,21,27,28,33,38,45,46,47],"killed_by":"Awakened One","ascension_level":8}