{"gold_per_floor":[114,129,0,76,91,91,91,121,121,121,136,151,166,181,181,281,281,296,311,39,54,69,69,84,84,84,99,114,114,129,144,144,144],"floor_reached":33,"playtime":1778,"items_purged":[],"score":582,"play_id":"985bb7f1-e5e1-4088-86cb-765c50b6ce0f","local_time":"20190902102704","daily_mods":["Insanity","Hoarder","DeadlyEvents"],"is_ascension_mode":false,"campfire_choices":[{"data":"Heavy Blade","floor":6,"key":"SMITH"},{"floor":10,"key":"REST"},{"floor":15,"key":"REST"},{"floor":23,"key":"REST"},{"data":"Feed","floor":25,"key":"SMITH"},{"floor":29,"key":"REST"},{"floor":32,"key":"REST"}],"neow_cost":"","seed_source_timestamp":132645659198012,"circlet_count":0,"master_deck":["Body Slam","Anger","Cleave","Anger","Armaments","Flame Barrier","Pommel Strike","Pommel Strike","Spot Weakness","Heavy Blade","Inflame","Wild Strike","Dropkick","Heavy Blade+1","Cleave","Warcry","Twin Strike","Cleave","Hemokinesis","Flex","Body Slam","Cleave","Thunderclap","Headbutt","Fire Breathing","Clash","Twin Strike","Entrench","Heavy Blade","True Grit","Dropkick","Shrug It Off","Armaments","Warcry","Wild Strike","Heavy Blade","Disarm","Perfected Strike","Body Slam","Flame Barrier","Hemokinesis","Clash","Pummel","Anger","Havoc","Wild Strike","Sever Soul","Perfected Strike","Iron Wave","True Grit","Heavy Blade","Heavy Blade","Heavy Blade","Iron Wave","Iron Wave","Iron Wave","Enlightenment","Enlightenment","Enlightenment","Evolve","Evolve","Evolve","Pommel Strike","Pommel Strike","Pommel Strike","Flex","Flex","Flex","Limit Break+1","Limit Break+1","Limit Break+1","Perfected Strike","Perfected Strike","Perfected Strike","Heavy Blade","Heavy Blade","Heavy Blade","Feed+1","Feed","Feed","Shockwave+1","Shockwave+1","Shockwave+1","Flame Barrier+1","Flame Barrier+1","Flame Barrier+1","Exhume+1","Exhume+1","Exhume+1","Warcry+1","Warcry+1","Warcry+1","Shrug It Off+1","Shrug It Off+1","Shrug It Off+1","Flex+1","Flex+1","Flex+1","Rage+1","Rage+1","Rage+1","Heavy Blade","Heavy Blade","Heavy Blade","Anger+1","Anger+1","Anger+1","Iron Wave","Iron Wave","Iron Wave","Shrug It Off+1","Shrug It Off+1","Shrug It Off+1","Whirlwind","Whirlwind","Whirlwind","Cleave","Cleave","Cleave","Cleave","Cleave","Cleave","Carnage","Carnage","Carnage","Twin Strike","Twin Strike","Twin Strike"],"special_seed":18141,"relics":["Burning Blood","Dream Catcher","Toxic Egg 2","Mark of Pain","Pantograph","Frozen Egg 2"],"potions_floor_usage":[18,28,33,33,33],"damage_taken":[{"damage":0,"enemies":"Small Slimes","floor":1,"turns":1},{"damage":0,"enemies":"2 Louse","floor":2,"turns":2},{"damage":0,"enemies":"Cultist","floor":5,"turns":3},{"damage":18,"enemies":"Gremlin Nob","floor":8,"turns":4},{"damage":17,"enemies":"Blue Slaver","floor":11,"turns":3},{"damage":13,"enemies":"3 Louse","floor":12,"turns":2},{"damage":10,"enemies":"Looter","floor":13,"turns":2},{"damage":8,"enemies":"Exordium Thugs","floor":14,"turns":3},{"damage":31,"enemies":"Hexaghost","floor":16,"turns":7},{"damage":10,"enemies":"3 Byrds","floor":18,"turns":3},{"damage":0,"enemies":"Shell Parasite","floor":19,"turns":3},{"damage":15,"enemies":"Shelled Parasite and Fungi","floor":21,"turns":4},{"damage":19,"enemies":"Centurion and Healer","floor":22,"turns":7},{"damage":12,"enemies":"Sentry and Sphere","floor":24,"turns":4},{"damage":35,"enemies":"Shelled Parasite and Fungi","floor":27,"turns":4},{"damage":21,"enemies":"Snake Plant","floor":28,"turns":2},{"damage":0,"enemies":"Snecko","floor":30,"turns":4},{"damage":6,"enemies":"3 Cultists","floor":31,"turns":4},{"damage":96,"enemies":"Collector","floor":33,"turns":10}],"seed_played":"2781635766489641279","potions_obtained":[{"floor":5,"key":"SkillPotion"},{"floor":8,"key":"Energy Potion"},{"floor":13,"key":"SteroidPotion"},{"floor":19,"key":"Ancient Potion"},{"floor":28,"key":"LiquidBronze"},{"floor":30,"key":"Poison Potion"}],"is_trial":false,"path_per_floor":["M","M","$","?","M","R","?","E","T","R","M","M","M","M","R","B",null,"M","M","$","M","M","R","M","R","T","M","M","R","M","M","R","B"],"character_chosen":"IRONCLAD","items_purchased":["Enlightenment","Evolve","Pantograph","Flex+1"],"campfire_rested":5,"item_purchase_floors":[3,3,20,20],"current_hp_per_floor":[80,80,80,80,80,80,80,68,68,80,69,62,58,56,80,55,80,76,80,80,71,58,80,77,77,77,48,33,57,63,63,83,0],"gold":144,"neow_bonus":"","is_prod":false,"is_daily":true,"chose_seed":false,"campfire_upgraded":2,"win_rate":0,"timestamp":1567430824,"path_taken":["M","M","$","?","M","R","?","E","T","R","M","M","M","M","R","BOSS","M","M","$","M","?","R","M","R","T","M","M","R","M","M","R","BOSS"],"build_version":"2019-07-17","purchased_purges":0,"victory":false,"max_hp_per_floor":[80,80,80,80,80,80,80,80,80,80,80,80,80,80,80,80,80,80,80,80,80,80,80,83,83,83,83,83,83,83,83,83,83],"card_choices":[{"not_picked":["Shrug It Off","Infernal Blade"],"picked":"Heavy Blade","floor":1},{"not_picked":["Pommel Strike","Fire Breathing"],"picked":"Iron Wave","floor":2},{"not_picked":["Body Slam","Uppercut"],"picked":"Pommel Strike","floor":5},{"not_picked":["Inflame","Infernal Blade"],"picked":"Flex","floor":8},{"not_picked":["Dual Wield+1","Blood for Blood"],"picked":"Limit Break+1","floor":10},{"not_picked":["Twin Strike","Fire Breathing"],"picked":"Perfected Strike","floor":11},{"not_picked":["Twin Strike","Battle Trance+1"],"picked":"Heavy Blade","floor":12},{"not_picked":["Wild Strike","Flame Barrier+1"],"picked":"Feed","floor":13},{"not_picked":["Wild Strike","Clothesline"],"picked":"Shockwave+1","floor":14},{"not_picked":["Warcry+1","Second Wind+1"],"picked":"Flame Barrier+1","floor":15},{"not_picked":["Limit Break+1","Barricade"],"picked":"Exhume+1","floor":16},{"not_picked":["True Grit+1","Sword Boomerang"],"picked":"Warcry+1","floor":18},{"not_picked":["Iron Wave","Dual Wield+1"],"picked":"Shrug It Off+1","floor":19},{"not_picked":["Twin Strike","Bloodletting+1"],"picked":"Rage+1","floor":21},{"not_picked":["Evolve+1","Double Tap+1"],"picked":"Heavy Blade","floor":22},{"not_picked":["Sentinel+1","Corruption"],"picked":"Anger+1","floor":23},{"not_picked":["Sword Boomerang+1","Clash"],"picked":"Iron Wave","floor":24},{"not_picked":["Sever Soul","Clash"],"picked":"Shrug It Off+1","floor":27},{"not_picked":["Clothesline","Shrug It Off+1"],"picked":"Whirlwind","floor":28},{"not_picked":["Uppercut","Rampage+1"],"picked":"Cleave","floor":29},{"not_picked":["Havoc+1","Burning Pact+1"],"picked":"Cleave","floor":30},{"not_picked":["Twin Strike","Reckless Charge"],"picked":"Carnage","floor":31},{"not_picked":["Warcry+1","Intimidate+1"],"picked":"Twin Strike","floor":32}],"player_experience":363800,"relics_obtained":[{"floor":8,"key":"Dream Catcher"},{"floor":9,"key":"Toxic Egg 2"},{"floor":26,"key":"Frozen Egg 2"}],"event_choices":[{"damage_healed":0,"gold_gain":76,"player_choice":"Gained Gold","damage_taken":0,"max_hp_gain":0,"max_hp_loss":0,"event_name":"Golden Wing","floor":4,"gold_loss":0},{"damage_healed":0,"gold_gain":0,"player_choice":"Ignored","damage_taken":0,"max_hp_gain":0,"max_hp_loss":0,"event_name":"Purifier","floor":7,"gold_loss":0}],"is_beta":false,"boss_relics":[{"not_picked":["Orrery","Coffee Dripper"],"picked":"Mark of Pain"}],"items_purged_floors":[],"is_endless":false,"potions_floor_spawned":[5,8,13,19,21,27,28,30],"killed_by":"Collector","ascension_level":0}