{"gold_per_floor":[115,133,65,65,84,114,114,149,149,149,163,89,100,100,100,203,203,216,236,248,248],"floor_reached":21,"playtime":2106,"items_purged":[],"score":229,"play_id":"6f60b782-0db1-408b-8efa-9f7a001f0c11","local_time":"20180728231653","is_ascension_mode":true,"campfire_choices":[{"floor":7,"key":"REST"},{"data":"Dualcast","floor":10,"key":"SMITH"},{"floor":15,"key":"REST"}],"neow_cost":"NONE","seed_source_timestamp":36631139870613,"circlet_count":0,"master_deck":["Strike_B","Strike_B","Strike_B","Strike_B","Defend_B","Defend_B","Defend_B","Zap","Dualcast+1","Seek+1","Auto Shields","Melter","Tempest","BootSequence","White Noise","All For One","Turbo","Tempest","Sweeping Beam","Creative AI","Tempest","Stack","Gash+1"],"relics":["Cracked Core","DataDisk","Pantograph","Pen Nib","Busted Crown"],"potions_floor_usage":[16,16],"damage_taken":[{"damage":8,"enemies":"Jaw Worm","floor":1,"turns":4},{"damage":0,"enemies":"Cultist","floor":2,"turns":3},{"damage":14,"enemies":"Small Slimes","floor":5,"turns":3},{"damage":14,"enemies":"3 Sentries","floor":6,"turns":7},{"damage":4,"enemies":"Lagavulin","floor":8,"turns":6},{"damage":5,"enemies":"Gremlin Gang","floor":11,"turns":4},{"damage":10,"enemies":"Exordium Wildlife","floor":13,"turns":3},{"damage":39,"enemies":"Hexaghost","floor":16,"turns":9},{"damage":23,"enemies":"2 Thieves","floor":18,"turns":3},{"damage":23,"enemies":"Spheric Guardian","floor":19,"turns":4},{"damage":3,"enemies":"Snake Plant","floor":20,"turns":2},{"damage":33,"enemies":"Centurion and Healer","floor":21,"turns":5}],"seed_played":"-4675282562142842515","potions_obtained":[{"floor":2,"key":"SteroidPotion"},{"floor":8,"key":"SkillPotion"},{"floor":11,"key":"GamblersBrew"},{"floor":19,"key":"Explosive Potion"}],"is_trial":false,"path_per_floor":["M","M","$","?","M","E","R","E","T","R","M","$","M","?","R","B",null,"M","M","M"],"character_chosen":"DEFECT","items_purchased":["Tempest","Tempest"],"campfire_rested":2,"item_purchase_floors":[3,12],"current_hp_per_floor":[67,67,67,67,53,39,61,57,57,57,52,52,42,42,64,36,75,52,29,26,0],"gold":248,"neow_bonus":"ONE_RANDOM_RARE_CARD","is_prod":false,"is_daily":false,"chose_seed":false,"campfire_upgraded":1,"win_rate":0,"timestamp":1532834213,"path_taken":["M","M","$","?","M","E","R","E","T","R","?","$","M","?","R","BOSS","M","M","M","M"],"build_version":"2018-07-26","purchased_purges":0,"victory":false,"max_hp_per_floor":[75,75,75,75,75,75,75,75,75,75,75,75,75,75,75,75,75,75,75,75,75],"card_choices":[{"not_picked":["Coolheaded","Stack"],"picked":"Auto Shields","floor":1},{"not_picked":["Barrage","Compile Driver"],"picked":"Melter","floor":2},{"not_picked":["Static Discharge","Compile Driver"],"picked":"BootSequence","floor":5},{"not_picked":["Stack","Streamline"],"picked":"White Noise","floor":6},{"not_picked":["Scrape","Steam"],"picked":"All For One","floor":8},{"not_picked":["Ball Lightning","Hologram"],"picked":"Turbo","floor":11},{"not_picked":["Gash","Skim"],"picked":"Sweeping Beam","floor":13},{"not_picked":["Buffer","Rainbow"],"picked":"Creative AI","floor":16},{"not_picked":[],"picked":"Tempest","floor":18},{"not_picked":[],"picked":"Stack","floor":19},{"not_picked":[],"picked":"Gash+1","floor":20}],"player_experience":1397959,"relics_obtained":[{"floor":6,"key":"DataDisk"},{"floor":8,"key":"Pantograph"},{"floor":9,"key":"Pen Nib"}],"event_choices":[{"event_name":"Purifier","player_choice":"One Purge","floor":4,"damage_taken":0},{"event_name":"Upgrade Shrine","player_choice":"Upgraded","floor":14,"damage_taken":0}],"is_beta":false,"boss_relics":[{"not_picked":["FrozenCore","Tiny House"],"picked":"Busted Crown"}],"items_purged_floors":[],"is_endless":false,"potions_floor_spawned":[2,8,11,19],"killed_by":"Centurion and Healer","ascension_level":4}