{"gold_per_floor":[111,126,140,90,90,90,125,125,125,125,140,153,187,199,199,303,303,317,331,108,121,138,138,138,157,157,171,171,196,28,44,44,144,144,160,177,52,65,65,65],"floor_reached":40,"playtime":6522,"items_purged":["Strike_G","Strike_G+1","Strike_G+1"],"score":447,"play_id":"785a9848-647b-4ce7-bfd0-5e904aa99253","local_time":"20190927211608","is_ascension_mode":false,"campfire_choices":[{"data":"Footwork","floor":6.0,"key":"SMITH"},{"floor":8.0,"key":"REST"},{"data":"Infinite Blades","floor":10.0,"key":"SMITH"},{"data":"Neutralize","floor":15.0,"key":"SMITH"},{"data":"Malaise","floor":23.0,"key":"SMITH"},{"data":"Dodge and Roll","floor":32,"key":"SMITH"}],"neow_cost":"NONE","seed_source_timestamp":0,"circlet_count":0,"master_deck":["Strike_G+1","Defend_G+1","Defend_G+1","Defend_G+1","Defend_G+1","Defend_G+1","Survivor","Neutralize+1","Footwork+1","Flying Knee","Poisoned Stab","Infinite Blades+1","Flying Knee","Tactician","Acrobatics+1","Malaise+1","Corpse Explosion+1","Flying Knee+1","Sucker Punch","Blur","Quick Slash","Blade Dance","Backflip","Dodge and Roll+1","Reflex","Quick Slash","Unload","Leg Sweep","Riddle With Holes+1","Acrobatics","Bouncing Flask","Sucker Punch","Crippling Poison+1","Noxious Fumes+1","Dash"],"special_seed":0,"relics":["Ring of the Snake","Paper Crane","Meat on the Bone","Orichalcum","HoveringKite","Bag of Preparation","Frozen Egg 2","War Paint","Orrery"],"potions_floor_usage":[33],"damage_taken":[{"damage":5.0,"enemies":"Jaw Worm","floor":1.0,"turns":6.0},{"damage":6.0,"enemies":"Small Slimes","floor":2.0,"turns":4.0},{"damage":0.0,"enemies":"Cultist","floor":3.0,"turns":4.0},{"damage":44.0,"enemies":"Gremlin Nob","floor":7.0,"turns":6.0},{"damage":6.0,"enemies":"Exordium Thugs","floor":11.0,"turns":6.0},{"damage":3.0,"enemies":"Exordium Wildlife","floor":12.0,"turns":3.0},{"damage":19.0,"enemies":"3 Sentries","floor":13.0,"turns":9.0},{"damage":0.0,"enemies":"2 Fungi Beasts","floor":14.0,"turns":4.0},{"damage":18.0,"enemies":"Hexaghost","floor":16.0,"turns":16.0},{"damage":6.0,"enemies":"Chosen","floor":18.0,"turns":7.0},{"damage":8.0,"enemies":"3 Byrds","floor":19.0,"turns":4.0},{"damage":7.0,"enemies":"Snake Plant","floor":21.0,"turns":6.0},{"damage":21.0,"enemies":"Sentry and Sphere","floor":22.0,"turns":6.0},{"damage":3.0,"enemies":"Shelled Parasite and Fungi","floor":25.0,"turns":9.0},{"damage":9.0,"enemies":"3 Cultists","floor":27.0,"turns":3.0},{"damage":21,"enemies":"Slavers","floor":29,"turns":5},{"damage":2,"enemies":"Chosen and Byrds","floor":31,"turns":8},{"damage":28,"enemies":"Collector","floor":33,"turns":18},{"damage":24,"enemies":"3 Darklings","floor":35,"turns":5},{"damage":0,"enemies":"3 Shapes","floor":36,"turns":3},{"damage":14,"enemies":"Sphere and 2 Shapes","floor":38,"turns":6},{"damage":44,"enemies":"Giant Head","floor":40,"turns":10}],"seed_played":"8199275193640705110","potions_obtained":[{"floor":0.0,"key":"GamblersBrew"},{"floor":0.0,"key":"Block Potion"},{"floor":0.0,"key":"EssenceOfSteel"},{"floor":1.0,"key":"Energy Potion"},{"floor":25.0,"key":"Energy Potion"},{"floor":28,"key":"Explosive Potion"},{"floor":28,"key":"Explosive Potion"},{"floor":29,"key":"Fire Potion"},{"floor":33,"key":"SkillPotion"},{"floor":36,"key":"Swift Potion"}],"is_trial":false,"path_per_floor":["M","M","M","?","?","R","E","R","T","R","M","M","E","M","R","B",null,"M","M","$","M","M","R","?","M","T","M","?","E","$","M","R","B",null,"M","M","$","M","$","E"],"character_chosen":"THE_SILENT","items_purchased":["Bag of Preparation","Reflex"],"campfire_rested":1,"item_purchase_floors":[20,30],"current_hp_per_floor":[65,59,59,59,45,45,1,22,22,22,28,37,30,42,42,36,70,64,56,56,49,40,40,40,37,37,40,40,31,31,41,41,25,70,46,46,46,44,44,0],"gold":65,"neow_bonus":"THREE_SMALL_POTIONS","is_prod":false,"is_daily":false,"chose_seed":false,"campfire_upgraded":5,"win_rate":0.0,"timestamp":1569590168,"path_taken":["M","M","M","?","?","R","E","R","T","R","?","M","E","M","R","BOSS","M","M","$","M","M","R","?","M","T","M","?","E","$","M","R","BOSS","M","M","$","M","?","E"],"build_version":"2019-07-17","purchased_purges":3,"victory":false,"max_hp_per_floor":[70,70,70,70,70,70,70,70,70,70,70,70,70,70,70,70,70,70,70,70,70,70,70,70,70,70,70,70,70,70,70,70,70,70,70,70,70,70,70,70],"card_choices":[{"not_picked":["Blur","Blade Dance"],"picked":"Footwork","floor":1.0},{"not_picked":["Deflect","Dodge and Roll"],"picked":"Flying Knee","floor":2.0},{"not_picked":["Doppelganger","Blade Dance"],"picked":"Poisoned Stab","floor":3.0},{"not_picked":["Blade Dance","Deadly Poison"],"picked":"Infinite Blades","floor":7.0},{"not_picked":["Blade Dance","Slice"],"picked":"Flying Knee","floor":11.0},{"not_picked":["Outmaneuver","Escape Plan"],"picked":"Tactician","floor":12.0},{"not_picked":["Slice","Escape Plan"],"picked":"Acrobatics","floor":13.0},{"not_picked":["Flying Knee","Deflect"],"picked":"Malaise","floor":14.0},{"not_picked":["Night Terror","Envenom"],"picked":"Corpse Explosion","floor":16.0},{"not_picked":["Underhanded Strike+1","Dodge and Roll"],"picked":"Flying Knee+1","floor":18.0},{"not_picked":["Underhanded Strike","Finisher"],"picked":"Sucker Punch","floor":19.0},{"not_picked":["Sucker Punch","Dagger Throw"],"picked":"Blur","floor":21.0},{"not_picked":["Choke","Eviscerate+1"],"picked":"Quick Slash","floor":22.0},{"not_picked":["Outmaneuver+1","Flechettes+1"],"picked":"Blade Dance","floor":25.0},{"not_picked":["PiercingWail+1","Dodge and Roll"],"picked":"Backflip","floor":27.0},{"not_picked":["Sucker Punch","Underhanded Strike+1"],"picked":"Dodge and Roll","floor":29},{"not_picked":["Masterful Stab","Riddle With Holes"],"picked":"Quick Slash","floor":31},{"not_picked":["Die Die Die","Glass Knife"],"picked":"Unload","floor":33},{"not_picked":["PiercingWail+1","Acrobatics"],"picked":"Leg Sweep","floor":34},{"not_picked":["Poisoned Stab","Prepared"],"picked":"Riddle With Holes+1","floor":34},{"not_picked":["Skewer","Distraction+1"],"picked":"Acrobatics","floor":34},{"not_picked":["Poisoned Stab","PiercingWail"],"picked":"Bouncing Flask","floor":34},{"not_picked":["Acrobatics","Blade Dance"],"picked":"Sucker Punch","floor":34},{"not_picked":["Venomology","Skewer+1"],"picked":"Crippling Poison+1","floor":35},{"not_picked":["Blur+1","Caltrops+1"],"picked":"Noxious Fumes+1","floor":36},{"not_picked":["Underhanded Strike","Riddle With Holes"],"picked":"Dash","floor":38}],"player_experience":16696,"relics_obtained":[{"floor":7.0,"key":"Paper Crane"},{"floor":9.0,"key":"Meat on the Bone"},{"floor":13.0,"key":"Orichalcum"},{"floor":26.0,"key":"Frozen Egg 2"},{"floor":29,"key":"War Paint"}],"event_choices":[{"cards_removed":["Strike_G"],"damage_healed":0.0,"max_hp_gain":0.0,"max_hp_loss":0.0,"gold_gain":0.0,"event_name":"The Cleric","player_choice":"Card Removal","floor":4.0,"gold_loss":50.0,"damage_taken":0.0},{"damage_healed":0.0,"max_hp_gain":0.0,"max_hp_loss":0.0,"gold_gain":0.0,"event_name":"Shining Light","player_choice":"Entered Light","floor":5.0,"gold_loss":0.0,"damage_taken":14.0,"cards_upgraded":["Strike_G","Defend_G"]},{"damage_healed":0.0,"max_hp_gain":0.0,"max_hp_loss":0.0,"gold_gain":0.0,"event_name":"Back to Basics","player_choice":"Simplicity","floor":24.0,"gold_loss":0.0,"damage_taken":0.0,"cards_upgraded":["Strike_G","Strike_G","Defend_G","Defend_G","Defend_G","Defend_G"]},{"damage_healed":0,"gold_gain":0,"player_choice":"Got Potions","damage_taken":0,"max_hp_gain":0,"max_hp_loss":0,"event_name":"Lab","floor":28,"gold_loss":0}],"is_beta":false,"boss_relics":[{"not_picked":["Busted Crown","Philosopher\u0027s Stone"],"picked":"HoveringKite"},{"not_picked":["Sozu","Snecko Eye"],"picked":"Orrery"}],"items_purged_floors":[20,30,37],"is_endless":false,"potions_floor_spawned":[1,2,3,11,19,25,29,33,35,36],"killed_by":"Giant Head","ascension_level":0}