{"gold_per_floor":[115,115,133,133,158,194,227,266,292,292,292,292,306,30,30,150,450,463,484,484,498,516,516,141,164,189,189],"floor_reached":27,"playtime":2493,"items_purged":["Pain"],"score":223,"play_id":"73720b46-59c5-451e-89f4-c18714b5a931","local_time":"20191003223738","is_ascension_mode":false,"campfire_choices":[{"data":"Dark Embrace","floor":10,"key":"SMITH"},{"data":"Perfected Strike","floor":12,"key":"SMITH"},{"data":"Enlightenment","floor":15,"key":"SMITH"},{"data":"Berserk","floor":23,"key":"SMITH"}],"neow_cost":"NONE","seed_source_timestamp":342935576732700,"circlet_count":0,"master_deck":["Strike_R","Strike_R","Strike_R","Strike_R","Defend_R+1","Defend_R","Defend_R","Defend_R","Bash","Perfected Strike+1","Uppercut","Carnage","Pommel Strike","True Grit","Dark Embrace+1","Regret","Spot Weakness+1","Enlightenment+1","Panache","Berserk+1","Injury","Parasite","Pommel Strike","Whirlwind","Dual Wield","Body Slam+1","Shrug It Off","Double Tap","Armaments"],"relics":["Burning Blood","NeowsBlessing","Golden Idol","Strawberry","Odd Mushroom","Orichalcum","Oddly Smooth Stone","StoneCalendar","Calling Bell","War Paint","The Courier","Old Coin","MutagenicStrength","OrangePellets","Smiling Mask"],"potions_floor_usage":[8,16,16,18,22,22],"damage_taken":[{"damage":0,"enemies":"2 Louse","floor":1,"turns":1},{"damage":0,"enemies":"Small Slimes","floor":3,"turns":1},{"damage":0,"enemies":"Cultist","floor":5,"turns":1},{"damage":34,"enemies":"3 Sentries","floor":6,"turns":8},{"damage":26,"enemies":"The Mushroom Lair","floor":7,"turns":4},{"damage":14,"enemies":"Gremlin Nob","floor":8,"turns":3},{"damage":5,"enemies":"3 Louse","floor":13,"turns":3},{"damage":18,"enemies":"Slime Boss","floor":16,"turns":7},{"damage":21,"enemies":"2 Thieves","floor":18,"turns":4},{"damage":18,"enemies":"Spheric Guardian","floor":19,"turns":4},{"damage":27,"enemies":"Chosen and Byrds","floor":21,"turns":7},{"damage":21,"enemies":"Sentry and Sphere","floor":22,"turns":5},{"damage":18,"enemies":"Snecko","floor":25,"turns":4},{"damage":25,"enemies":"Chosen and Byrds","floor":27,"turns":4}],"seed_played":"532623966288119916","potions_obtained":[{"floor":1,"key":"GamblersBrew"},{"floor":3,"key":"SpeedPotion"},{"floor":7,"key":"FearPotion"},{"floor":8,"key":"Weak Potion"},{"floor":19,"key":"Regen Potion"},{"floor":21,"key":"Ancient Potion"}],"is_trial":false,"path_per_floor":["M","?","M","?","M","E","?","E","T","R","?","R","M","$","R","B",null,"M","M","?","M","M","R","$","M","T","M"],"character_chosen":"IRONCLAD","items_purchased":["Enlightenment","Panache","Shrug It Off","Double Tap","OrangePellets"],"campfire_rested":0,"item_purchase_floors":[14,14,24,24,24],"current_hp_per_floor":[80,73,79,74,74,53,33,25,25,25,25,25,26,26,26,14,81,66,54,54,33,30,30,30,18,18,0],"gold":189,"neow_bonus":"THREE_ENEMY_KILL","is_prod":false,"is_daily":false,"chose_seed":false,"campfire_upgraded":4,"win_rate":0.0,"timestamp":1570113458,"path_taken":["M","?","M","?","M","E","?","E","T","R","?","R","M","$","R","BOSS","M","M","?","M","M","R","$","M","T","M"],"build_version":"2019-07-17","purchased_purges":1,"victory":false,"max_hp_per_floor":[80,80,80,74,74,81,81,81,81,81,81,81,81,81,81,81,81,81,81,81,81,81,81,81,81,81,81],"card_choices":[{"not_picked":["Rupture","Rage"],"picked":"Perfected Strike","floor":1},{"not_picked":["Clothesline","Headbutt"],"picked":"Uppercut","floor":3},{"not_picked":["Sword Boomerang","Shockwave"],"picked":"Carnage","floor":5},{"not_picked":["Carnage","Shockwave"],"picked":"Pommel Strike","floor":6},{"not_picked":["Body Slam","Dual Wield"],"picked":"True Grit","floor":7},{"not_picked":["Clash","Shrug It Off"],"picked":"Dark Embrace","floor":8},{"not_picked":["Corruption","Pummel"],"picked":"Spot Weakness","floor":13},{"not_picked":["Reaper","Feed"],"picked":"Berserk","floor":16},{"not_picked":["Flex","Reckless Charge"],"picked":"Pommel Strike","floor":18},{"not_picked":["Perfected Strike","Second Wind"],"picked":"Whirlwind","floor":19},{"not_picked":["Pummel+1","Warcry"],"picked":"Dual Wield","floor":21},{"not_picked":["Pummel+1","Perfected Strike"],"picked":"Body Slam+1","floor":22},{"not_picked":["Clothesline","Shrug It Off"],"picked":"Armaments","floor":25}],"player_experience":60466,"relics_obtained":[{"floor":6,"key":"Strawberry"},{"floor":7,"key":"Odd Mushroom"},{"floor":8,"key":"Orichalcum"},{"floor":9,"key":"Oddly Smooth Stone"},{"floor":17,"key":"War Paint"},{"floor":17,"key":"The Courier"},{"floor":17,"key":"Old Coin"},{"floor":26,"key":"Smiling Mask"}],"event_choices":[{"cards_removed":["Strike_R"],"damage_healed":0,"gold_gain":0,"player_choice":"Card Removal","damage_taken":7,"max_hp_gain":0,"max_hp_loss":0,"event_name":"Golden Wing","floor":2,"gold_loss":0},{"damage_healed":0,"gold_gain":0,"player_choice":"Lose Max HP","damage_taken":0,"relics_obtained":["Golden Idol"],"max_hp_gain":0,"max_hp_loss":6,"event_name":"Golden Idol","floor":4,"gold_loss":0},{"damage_healed":0,"gold_gain":0,"player_choice":"Fought Mushrooms","damage_taken":0,"max_hp_gain":0,"max_hp_loss":0,"event_name":"Mushrooms","floor":7,"gold_loss":0},{"damage_healed":0,"gold_gain":0,"player_choice":"Box","damage_taken":0,"relics_obtained":["StoneCalendar"],"max_hp_gain":0,"max_hp_loss":0,"event_name":"Big Fish","floor":11,"gold_loss":0,"cards_obtained":["Regret"]},{"damage_healed":0,"gold_gain":0,"player_choice":"Inject Mutagens","damage_taken":0,"relics_obtained":["MutagenicStrength"],"max_hp_gain":0,"max_hp_loss":0,"event_name":"Drug Dealer","floor":20,"gold_loss":0}],"is_beta":false,"boss_relics":[{"not_picked":["Ectoplasm","Busted Crown"],"picked":"Calling Bell"}],"items_purged_floors":[24],"is_endless":false,"potions_floor_spawned":[1,3,7,8,19,21],"killed_by":"Chosen and Byrds","ascension_level":0}