{"gold_per_floor":[10,10,60,80,95,95,121,196,267,296,310,47,47,79,79,155,155,165,165,80,26,26,53,53,53,76,76,92,126,160,170,170,245,245,257,128,144,144,144,170,170,203,203,237,262,48,48,80,80,80,80,80,80,41,67,67],"floor_reached":57,"playtime":7869,"items_purged":["Defend_P","Strike_P"],"score":3086,"play_id":"3d032645-1287-4d52-a0bb-251fb5c36607","local_time":"20191023121253","is_ascension_mode":true,"campfire_choices":[{"data":"BowlingBash","floor":6,"key":"SMITH"},{"data":"Apotheosis","floor":13,"key":"SMITH"},{"data":"Blasphemy","floor":15,"key":"SMITH"},{"data":"Ragnarok","floor":25,"key":"SMITH"},{"floor":32,"key":"REST"},{"floor":41,"key":"RECALL"},{"floor":49,"key":"REST"},{"floor":53,"key":"REST"}],"neow_cost":"NO_GOLD","seed_source_timestamp":10835764533595,"circlet_count":0,"master_deck":["AscendersBane","Strike_P","Strike_P","Defend_P","Defend_P","Eruption+1","Vigilance","DeceiveReality","Indignation","BowlingBash+1","Wireheading","Blasphemy+1","Apotheosis+1","Establishment","Ragnarok+1","Study","ClearTheMind","SandsOfTime","Protect","Meditate","EmptyMind","FearNoEvil","CutThroughFate","DeceiveReality","Omniscience","MentalFortress","Worship+1","FlurryOfBlows","EmptyBody","SashWhip","LikeWater"],"relics":["PureWater","TungstenRod","Juzu Bracelet","StrikeDummy","Yang","Meat on the Bone","Philosopher\u0027s Stone","Centennial Puzzle","Bag of Preparation","Anchor","Happy Flower","Red Mask","Fusion Hammer","Omamori","Lantern","Bird Faced Urn","Vajra","Prayer Wheel","GoldenEye","Sundial"],"potions_floor_usage":[18,56],"damage_taken":[{"damage":2,"enemies":"Small Slimes","floor":1,"turns":5},{"damage":0,"enemies":"Cultist","floor":4,"turns":3},{"damage":0,"enemies":"2 Louse","floor":5,"turns":3},{"damage":21,"enemies":"Gremlin Nob","floor":7,"turns":3},{"damage":2,"enemies":"3 Sentries","floor":10,"turns":4},{"damage":0,"enemies":"Exordium Thugs","floor":11,"turns":2},{"damage":0,"enemies":"Lagavulin","floor":14,"turns":4},{"damage":0,"enemies":"Slime Boss","floor":16,"turns":4},{"damage":19,"enemies":"3 Byrds","floor":18,"turns":6},{"damage":21,"enemies":"Book of Stabbing","floor":23,"turns":4},{"damage":1,"enemies":"2 Thieves","floor":28,"turns":2},{"damage":0,"enemies":"Gremlin Leader","floor":29,"turns":3},{"damage":16,"enemies":"Masked Bandits","floor":30,"turns":3},{"damage":2,"enemies":"Snecko","floor":31,"turns":4},{"damage":28,"enemies":"Collector","floor":33,"turns":5},{"damage":0,"enemies":"Orb Walker","floor":35,"turns":3},{"damage":1,"enemies":"3 Shapes","floor":37,"turns":3},{"damage":17,"enemies":"Reptomancer","floor":40,"turns":3},{"damage":25,"enemies":"Giant Head","floor":42,"turns":5},{"damage":0,"enemies":"Reptomancer","floor":44,"turns":2},{"damage":10,"enemies":"Mind Bloom Boss Battle","floor":45,"turns":5},{"damage":0,"enemies":"Giant Head","floor":48,"turns":4},{"damage":20,"enemies":"Donu and Deca","floor":50,"turns":8},{"damage":8,"enemies":"Time Eater","floor":51,"turns":10},{"damage":9,"enemies":"Shield and Spear","floor":55,"turns":8},{"damage":38,"enemies":"The Heart","floor":56,"turns":9}],"seed_played":"1138984077358977486","potions_obtained":[{"floor":1,"key":"Weak Potion"},{"floor":7,"key":"Dexterity Potion"},{"floor":14,"key":"Ambrosia"}],"is_trial":false,"path_per_floor":["M","?","?","M","M","R","E","?","T","E","M","$","R","E","R","B",null,"M","?","?","$","?","E","?","R","T","T","M","E","?","M","R","B",null,"M","$","M","?","?","E","R","E","T","E","?","$","?","E","R","B","B",null,"R","$","E","B",null],"character_chosen":"WATCHER","items_purchased":["Blasphemy","Apotheosis","SteroidPotion","CutThroughFate","FlurryOfBlows","EmptyBody","LikeWater"],"campfire_rested":3,"item_purchase_floors":[12,12,21,36,46,46,54],"current_hp_per_floor":[59,59,59,59,59,59,38,28,28,26,26,26,26,26,26,38,61,42,42,42,42,42,33,33,33,33,33,44,44,40,38,58,42,62,62,62,61,61,61,44,44,31,31,35,41,41,41,43,62,50,50,61,65,65,61,42],"gold":67,"neow_bonus":"ONE_RARE_RELIC","is_prod":false,"is_daily":false,"chose_seed":false,"campfire_upgraded":4,"win_rate":0,"timestamp":1571785973,"path_taken":["M","?","?","M","M","R","E","?","T","E","M","$","R","E","R","BOSS","M","?","?","$","?","E","?","R","T","?","M","E","?","M","R","BOSS","M","$","M","?","?","E","R","E","T","E","?","$","?","E","R","BOSS","BOSS","R","$","E","BOSS"],"build_version":"2019-10-21","purchased_purges":2,"victory":true,"max_hp_per_floor":[68,68,68,68,68,68,68,68,68,68,68,68,68,68,68,68,68,68,68,68,68,68,68,68,68,68,68,68,68,68,68,68,68,68,68,68,68,65,65,65,65,65,65,65,65,65,65,65,65,65,65,65,65,65,65,65],"card_choices":[{"not_picked":["PathToVictory","JustLucky"],"picked":"DeceiveReality","floor":1},{"not_picked":["Worship","Pray"],"picked":"Indignation","floor":4},{"not_picked":["EmptyBody","JustLucky"],"picked":"BowlingBash","floor":5},{"not_picked":["FlurryOfBlows","BowlingBash"],"picked":"Wireheading","floor":7},{"not_picked":["WreathOfFlame","MasterReality","Worship"],"picked":"SKIP","floor":10},{"not_picked":["Collect","BowlingBash"],"picked":"Crescendo","floor":11},{"not_picked":["FlyingSleeves","EmptyBody"],"picked":"Establishment","floor":14},{"not_picked":["Devotion","Alpha"],"picked":"Ragnarok","floor":16},{"not_picked":["FlyingSleeves","PathToVictory","Wireheading"],"picked":"SKIP","floor":18},{"not_picked":["LikeWater","Indignation"],"picked":"ClearTheMind","floor":23},{"not_picked":["WreathOfFlame","CutThroughFate"],"picked":"SandsOfTime","floor":28},{"not_picked":["CrushJoints+1","ThirdEye+1"],"picked":"Protect","floor":29},{"not_picked":["Collect","CrushJoints"],"picked":"Meditate","floor":30},{"not_picked":["Consecrate","MentalFortress"],"picked":"EmptyMind","floor":31},{"not_picked":["Halt+1","PathToVictory"],"picked":"FearNoEvil","floor":35},{"not_picked":["BowlingBash+1","JustLucky","Consecrate"],"picked":"SKIP","floor":37},{"not_picked":["JustLucky+1","ThirdEye"],"picked":"DeceiveReality","floor":40},{"not_picked":["WreathOfFlame","BowlingBash+1"],"picked":"Omniscience","floor":42},{"not_picked":["PathToVictory","Perseverance"],"picked":"MentalFortress","floor":44},{"not_picked":["BowlingBash+1","CrushJoints+1"],"picked":"Worship+1","floor":45},{"not_picked":["Pray+1","EmptyFist"],"picked":"SashWhip","floor":48},{"not_picked":["ConjureBlade","PathToVictory","Collect"],"picked":"SKIP","floor":55}],"player_experience":1704578,"relics_obtained":[{"floor":7,"key":"Juzu Bracelet"},{"floor":9,"key":"StrikeDummy"},{"floor":10,"key":"Yang"},{"floor":14,"key":"Meat on the Bone"},{"floor":23,"key":"Bag of Preparation"},{"floor":26,"key":"Anchor"},{"floor":29,"key":"Happy Flower"},{"floor":30,"key":"Red Mask"},{"floor":40,"key":"Omamori"},{"floor":42,"key":"Lantern"},{"floor":43,"key":"Bird Faced Urn"},{"floor":44,"key":"Vajra"},{"floor":45,"key":"Prayer Wheel"},{"floor":48,"key":"GoldenEye"},{"floor":55,"key":"Sundial"}],"event_choices":[{"damage_healed":0,"gold_gain":0,"player_choice":"Grow","damage_taken":0,"max_hp_gain":0,"max_hp_loss":0,"event_name":"Living Wall","floor":2,"gold_loss":0,"cards_upgraded":["Eruption"]},{"damage_healed":0,"gold_gain":50,"player_choice":"Pray","damage_taken":0,"max_hp_gain":0,"max_hp_loss":0,"event_name":"Golden Shrine","floor":3,"gold_loss":0},{"damage_healed":0,"gold_gain":75,"player_choice":"Gather Gold","damage_taken":11,"max_hp_gain":0,"max_hp_loss":0,"event_name":"World of Goop","floor":8,"gold_loss":0},{"damage_healed":0,"gold_gain":0,"player_choice":"Ignored","damage_taken":0,"max_hp_gain":0,"max_hp_loss":0,"event_name":"Vampires","floor":19,"gold_loss":0},{"damage_healed":0,"gold_gain":0,"player_choice":"Obtained Relic","damage_taken":0,"relics_obtained":["Centennial Puzzle"],"max_hp_gain":0,"max_hp_loss":0,"event_name":"Addict","floor":20,"gold_loss":85},{"damage_healed":0,"gold_gain":0,"cards_transformed":["Defend_P"],"player_choice":"Transformed","damage_taken":0,"max_hp_gain":0,"max_hp_loss":0,"event_name":"Transmorgrifier","floor":22,"gold_loss":0,"cards_obtained":["Study"]},{"cards_removed":["Strike_P"],"damage_healed":0,"gold_gain":0,"player_choice":"Elegance","damage_taken":0,"max_hp_gain":0,"max_hp_loss":0,"event_name":"Back to Basics","floor":24,"gold_loss":0},{"damage_healed":0,"gold_gain":0,"player_choice":"Fought Bandits","damage_taken":0,"max_hp_gain":0,"max_hp_loss":0,"event_name":"Masked Bandits","floor":30,"gold_loss":0},{"damage_healed":0,"gold_gain":0,"player_choice":"Max HP","damage_taken":0,"max_hp_gain":0,"max_hp_loss":3,"event_name":"Winding Halls","floor":38,"gold_loss":0},{"cards_removed":["Crescendo"],"damage_healed":0,"gold_gain":0,"player_choice":"Removed Skill","damage_taken":0,"max_hp_gain":0,"max_hp_loss":0,"event_name":"Falling","floor":39,"gold_loss":0},{"damage_healed":0,"gold_gain":0,"player_choice":"Fight","damage_taken":0,"max_hp_gain":0,"max_hp_loss":0,"event_name":"MindBloom","floor":45,"gold_loss":0},{"damage_healed":0,"gold_gain":0,"player_choice":"Ignored","damage_taken":0,"max_hp_gain":0,"max_hp_loss":0,"event_name":"Mysterious Sphere","floor":47,"gold_loss":0}],"is_beta":true,"boss_relics":[{"not_picked":["Ectoplasm","Pandora\u0027s Box"],"picked":"Philosopher\u0027s Stone"},{"not_picked":["Sozu","VioletLotus"],"picked":"Fusion Hammer"}],"items_purged_floors":[36,46],"is_endless":false,"potions_floor_spawned":[1,7,10,14,29,31,33,42,44,48],"ascension_level":20}