{"gold_per_floor":[114,114,114,114,137,175],"floor_reached":6,"playtime":272,"items_purged":[],"score":48,"play_id":"4398592a-1bd9-41bb-9121-dc6cd2c95c1f","local_time":"20190908110233","is_ascension_mode":true,"campfire_choices":[],"neow_cost":"NONE","seed_source_timestamp":41928870407833,"circlet_count":0,"master_deck":["Strike_G","Strike_G","Strike_G","Strike_G","Strike_G","Defend_G","Defend_G","Defend_G","Defend_G","Defend_G","Survivor","Neutralize","Infinite Blades+1","Regret","Injury","Cloak And Dagger"],"relics":["Ring of the Snake","Art of War","Bronze Scales","Golden Idol","Singing Bowl"],"potions_floor_usage":[],"damage_taken":[{"damage":0,"enemies":"Small Slimes","floor":1,"turns":3},{"damage":14,"enemies":"Jaw Worm","floor":5,"turns":3},{"damage":55,"enemies":"Lagavulin","floor":6,"turns":10}],"seed_played":"-4480316528909312395","potions_obtained":[{"floor":1,"key":"GamblersBrew"},{"floor":5,"key":"Ancient Potion"},{"floor":6,"key":"Fruit Juice"}],"is_trial":false,"path_per_floor":["M","?","?","?","M","E"],"character_chosen":"THE_SILENT","items_purchased":[],"campfire_rested":0,"item_purchase_floors":[],"current_hp_per_floor":[70,70,70,70,56,3],"gold":175,"neow_bonus":"RANDOM_COMMON_RELIC","is_prod":false,"is_daily":false,"chose_seed":false,"campfire_upgraded":0,"win_rate":0,"timestamp":1567951353,"path_taken":["M","?","?","?","M","E"],"build_version":"2019-07-17","purchased_purges":0,"victory":false,"max_hp_per_floor":[70,70,70,70,70,72],"card_choices":[{"not_picked":["Dagger Throw","Sucker Punch"],"picked":"Infinite Blades","floor":1},{"not_picked":["Acrobatics","Bane"],"picked":"Cloak And Dagger","floor":5},{"not_picked":["Doppelganger","Underhanded Strike","Dagger Spray"],"picked":"Singing Bowl","floor":6}],"player_experience":398540,"relics_obtained":[{"floor":6,"key":"Singing Bowl"}],"event_choices":[{"damage_healed":0,"gold_gain":0,"player_choice":"Box","damage_taken":0,"relics_obtained":["Bronze Scales"],"max_hp_gain":0,"max_hp_loss":0,"event_name":"Big Fish","floor":2,"gold_loss":0,"cards_obtained":["Regret"]},{"damage_healed":0,"gold_gain":0,"player_choice":"Take Wound","damage_taken":0,"relics_obtained":["Golden Idol"],"max_hp_gain":0,"max_hp_loss":0,"event_name":"Golden Idol","floor":3,"gold_loss":0,"cards_obtained":["Injury"]},{"damage_healed":0,"gold_gain":0,"player_choice":"Upgraded","damage_taken":0,"max_hp_gain":0,"max_hp_loss":0,"event_name":"Upgrade Shrine","floor":4,"gold_loss":0,"cards_upgraded":["Infinite Blades"]}],"is_beta":false,"boss_relics":[],"items_purged_floors":[],"is_endless":false,"potions_floor_spawned":[1,5,6],"killed_by":"Lagavulin","ascension_level":2}