{"gold_per_floor":[112,130,21,40,40,40,59,74,126,126,97,117,144,164,164,164],"floor_reached":16,"playtime":1006,"items_purged":["Defend_G"],"score":165,"play_id":"3188e83a-275c-4aa3-a8a1-2066df0ed2e8","local_time":"20180901170326","is_ascension_mode":true,"campfire_choices":[{"floor":6,"key":"REST"},{"data":"Neutralize","floor":15,"key":"SMITH"}],"neow_cost":"PERCENT_DAMAGE","seed_source_timestamp":373354406461761,"circlet_count":0,"master_deck":["Defend_G","Defend_G","Defend_G","Defend_G","Strike_G","Strike_G","Strike_G","Strike_G","Strike_G","Survivor","Neutralize+1","PiercingWail","Terror","Dash","Dagger Spray","Escape Plan","Cloak And Dagger","Bouncing Flask","Slice","Accuracy"],"relics":["Ring of the Snake","Bag of Marbles","Ninja Scroll"],"potions_floor_usage":[13,16,16],"damage_taken":[{"damage":0,"enemies":"Cultist","floor":1,"turns":4},{"damage":1,"enemies":"Small Slimes","floor":2,"turns":5},{"damage":4,"enemies":"2 Louse","floor":4,"turns":2},{"damage":9,"enemies":"Looter","floor":7,"turns":3},{"damage":0,"enemies":"Large Slime","floor":8,"turns":6},{"damage":1,"enemies":"Gremlin Gang","floor":12,"turns":3},{"damage":9,"enemies":"Gremlin Nob","floor":13,"turns":3},{"damage":0,"enemies":"Blue Slaver","floor":14,"turns":2},{"damage":64,"enemies":"Slime Boss","floor":16,"turns":11}],"seed_played":"2114484940969427844","potions_obtained":[{"floor":2,"key":"SmokeBomb"},{"floor":4,"key":"Weak Potion"},{"floor":5,"key":"Fire Potion"},{"floor":14,"key":"SpeedPotion"}],"is_trial":false,"path_per_floor":["M","M","$","M","?","R","M","M","T","?","?","M","E","M","R"],"character_chosen":"THE_SILENT","items_purchased":["Dash"],"campfire_rested":1,"item_purchase_floors":[3],"current_hp_per_floor":[56,55,55,51,51,76,67,67,67,72,72,71,62,62,62,0],"gold":164,"neow_bonus":"TWENTY_PERCENT_HP_BONUS","is_prod":false,"is_daily":false,"chose_seed":false,"campfire_upgraded":1,"win_rate":0,"timestamp":1535835806,"path_taken":["M","?","$","M","?","R","M","M","T","?","?","M","E","M","R","BOSS"],"build_version":"2018-08-23v2","purchased_purges":1,"victory":false,"max_hp_per_floor":[84,84,84,84,84,84,84,84,84,89,89,89,89,89,89,89],"card_choices":[{"not_picked":["Quick Slash","Expertise"],"picked":"PiercingWail","floor":1},{"not_picked":["Dagger Throw","Deflect"],"picked":"Terror","floor":2},{"not_picked":["Finisher","PiercingWail"],"picked":"Dagger Spray","floor":4},{"not_picked":["PiercingWail","Bane"],"picked":"Escape Plan","floor":7},{"not_picked":["Distraction","Outmaneuver"],"picked":"Cloak And Dagger","floor":8},{"not_picked":["Catalyst","All Out Attack"],"picked":"Bouncing Flask","floor":12},{"not_picked":["Deflect","Wraith Form v2"],"picked":"Slice","floor":13},{"not_picked":["Deflect","Terror"],"picked":"Accuracy","floor":14}],"player_experience":1628952,"relics_obtained":[{"floor":9,"key":"Bag of Marbles"},{"floor":13,"key":"Ninja Scroll"}],"event_choices":[{"event_name":"The Lab","player_choice":"Got Potions","floor":5,"damage_taken":0},{"event_name":"Big Fish","player_choice":"Donut","floor":10,"damage_taken":0},{"event_name":"World of Goop","player_choice":"Left","floor":11,"damage_taken":0}],"is_beta":false,"boss_relics":[],"items_purged_floors":[3],"is_endless":false,"potions_floor_spawned":[2,4,7,14],"killed_by":"Slime Boss","ascension_level":7}