{"gold_per_floor":[111,122,136,311,323,339,357,383,383,399,399,399,399,366,366,466,466,486,486,22,22,32,32,51,51,127,140,140],"floor_reached":28,"playtime":977,"items_purged":[],"score":244,"play_id":"7ea64bef-b9b3-4a53-b7e0-e7f8a6c270bb","local_time":"20191001085903","is_ascension_mode":true,"campfire_choices":[{"floor":11,"key":"REST"},{"floor":13,"key":"RECALL"},{"data":"Shockwave","floor":15,"key":"SMITH"},{"floor":23,"key":"REST"}],"neow_cost":"NONE","seed_source_timestamp":0,"circlet_count":0,"master_deck":["Strike_R","Strike_R","Strike_R","Strike_R","Strike_R","Defend_R","Defend_R","Defend_R","Defend_R","Body Slam","Heavy Blade","Shockwave+1","Headbutt","Doubt","Heavy Blade","Heavy Blade","Thunderclap","Uppercut","Pommel Strike","Immolate","Pommel Strike","J.A.X.","Armaments","True Grit+1","Double Tap"],"special_seed":0,"relics":["Burning Blood","PreservedInsect","Philosopher\u0027s Stone","Turnip","Pen Nib","Dodecahedron"],"potions_floor_usage":[10,28],"damage_taken":[{"damage":4.0,"enemies":"2 Louse","floor":1.0,"turns":3.0},{"damage":2.0,"enemies":"Jaw Worm","floor":2.0,"turns":3.0},{"damage":0.0,"enemies":"Cultist","floor":3.0,"turns":3.0},{"damage":17.0,"enemies":"Exordium Thugs","floor":5.0,"turns":6.0},{"damage":3.0,"enemies":"2 Fungi Beasts","floor":6.0,"turns":4.0},{"damage":12.0,"enemies":"Looter","floor":7.0,"turns":3.0},{"damage":53.0,"enemies":"3 Sentries","floor":8.0,"turns":9.0},{"damage":12,"enemies":"Blue Slaver","floor":10,"turns":4},{"damage":74,"enemies":"The Guardian","floor":16,"turns":14},{"damage":4,"enemies":"Chosen","floor":18,"turns":4},{"damage":23,"enemies":"Shell Parasite","floor":22,"turns":3},{"damage":37,"enemies":"3 Cultists","floor":24,"turns":5},{"damage":52,"enemies":"Snake Plant","floor":27,"turns":3},{"damage":25,"enemies":"Centurion and Healer","floor":28,"turns":2}],"seed_played":"-2084140383899099807","potions_obtained":[{"floor":3.0,"key":"Regen Potion"},{"floor":5.0,"key":"ElixirPotion"},{"floor":7.0,"key":"Regen Potion"},{"floor":18,"key":"SteroidPotion"},{"floor":22,"key":"ElixirPotion"},{"floor":27,"key":"FearPotion"}],"is_trial":false,"path_per_floor":["M","M","M","?","M","M","M","E","T","M","R","?","R","?","R","B",null,"M","?","$","?","M","R","M","?","T","M","M"],"character_chosen":"IRONCLAD","items_purchased":["Turnip","Pen Nib"],"campfire_rested":2,"item_purchase_floors":[20,20],"current_hp_per_floor":[80,80,80,80,74,77,71,24,24,27,51,77,77,77,77,9,80,80,65,65,65,48,73,42,70,70,24,0],"gold":140,"neow_bonus":"TRANSFORM_CARD","is_prod":false,"is_daily":false,"chose_seed":false,"campfire_upgraded":1,"win_rate":0,"timestamp":1569931143,"path_taken":["M","M","M","?","M","M","M","E","T","M","R","?","R","?","R","BOSS","M","?","$","?","M","R","M","?","T","M","M"],"build_version":"2019-09-27","purchased_purges":0,"victory":false,"max_hp_per_floor":[80,80,80,80,80,80,80,80,80,80,80,80,80,80,80,80,80,80,85,85,85,85,85,85,85,85,85,85],"card_choices":[{"not_picked":["Headbutt","Infernal Blade"],"picked":"Heavy Blade","floor":1.0},{"not_picked":["Battle Trance","Body Slam"],"picked":"Shockwave","floor":2.0},{"not_picked":["True Grit","Entrench"],"picked":"Headbutt","floor":3.0},{"not_picked":["True Grit","Battle Trance"],"picked":"Heavy Blade","floor":5.0},{"not_picked":["Havoc","Offering"],"picked":"Heavy Blade","floor":6.0},{"not_picked":["Wild Strike","Reckless Charge"],"picked":"Thunderclap","floor":7.0},{"not_picked":["Headbutt","Havoc"],"picked":"Uppercut","floor":8},{"not_picked":["Twin Strike","Intimidate"],"picked":"Pommel Strike","floor":10},{"not_picked":["Dark Embrace","Barricade"],"picked":"Immolate","floor":16},{"not_picked":["Sword Boomerang","Dual Wield"],"picked":"Pommel Strike","floor":18},{"not_picked":["Rampage+1","Wild Strike+1"],"picked":"Armaments","floor":22},{"not_picked":["Body Slam","Twin Strike"],"picked":"True Grit+1","floor":24},{"not_picked":["Metallicize","Heavy Blade"],"picked":"Double Tap","floor":27}],"player_experience":431874,"relics_obtained":[{"floor":8,"key":"PreservedInsect"},{"floor":26,"key":"Dodecahedron"}],"event_choices":[{"damage_healed":0.0,"max_hp_gain":0.0,"max_hp_loss":0.0,"gold_gain":175.0,"event_name":"Liars Game","player_choice":"AGREE","floor":4.0,"gold_loss":0.0,"damage_taken":0.0,"cards_obtained":["Doubt"]},{"damage_healed":26,"gold_gain":0,"player_choice":"Banana","damage_taken":0,"max_hp_gain":0,"max_hp_loss":0,"event_name":"Big Fish","floor":12,"gold_loss":0},{"damage_healed":0,"gold_gain":0,"player_choice":"Left Gold","damage_taken":0,"max_hp_gain":0,"max_hp_loss":0,"event_name":"World of Goop","floor":14,"gold_loss":33},{"damage_healed":0,"gold_gain":0,"player_choice":"Shed Blood","damage_taken":20,"max_hp_gain":5,"max_hp_loss":0,"event_name":"Forgotten Altar","floor":19,"gold_loss":0},{"damage_healed":0,"gold_gain":0,"player_choice":"Obtain J.A.X.","damage_taken":0,"max_hp_gain":0,"max_hp_loss":0,"event_name":"Drug Dealer","floor":21,"gold_loss":0,"cards_obtained":["J.A.X."]},{"damage_healed":28,"gold_gain":0,"player_choice":"Heal","damage_taken":0,"max_hp_gain":0,"max_hp_loss":0,"event_name":"The Library","floor":25,"gold_loss":0}],"is_beta":true,"boss_relics":[{"not_picked":["SacredBark","Runic Cube"],"picked":"Philosopher\u0027s Stone"}],"items_purged_floors":[],"is_endless":false,"potions_floor_spawned":[3,5,7,18,22,27],"killed_by":"Centurion and Healer","ascension_level":2}