{"gold_per_floor":[117,137,153,171,183,183,210,234,302,320,320,320,320,320,320,320],"floor_reached":16,"playtime":1229,"items_purged":[],"score":204,"play_id":"3b2771e5-cbe2-446b-b69a-7c2270a5bfa0","local_time":"20190816202656","is_ascension_mode":true,"campfire_choices":[{"floor":6.0,"key":"REST"},{"data":"Armaments","floor":11,"key":"SMITH"},{"floor":13,"key":"REST"},{"floor":15,"key":"REST"}],"neow_cost":"NONE","seed_source_timestamp":640086752742018,"circlet_count":0,"master_deck":["AscendersBane","Strike_R","Strike_R","Strike_R","Strike_R","Defend_R","Defend_R","Defend_R","Defend_R","Bash","Disarm","Pummel","Armaments+1","Spot Weakness+1","Combust","Anger","Shrug It Off+1","Blood for Blood"],"special_seed":0,"relics":["Burning Blood","Magic Flower","Odd Mushroom","Frozen Egg 2"],"potions_floor_usage":[],"damage_taken":[{"damage":7.0,"enemies":"Cultist","floor":1.0,"turns":4.0},{"damage":4.0,"enemies":"2 Louse","floor":2.0,"turns":5.0},{"damage":7.0,"enemies":"Jaw Worm","floor":3.0,"turns":3.0},{"damage":34.0,"enemies":"Gremlin Gang","floor":4.0,"turns":8.0},{"damage":25.0,"enemies":"Exordium Thugs","floor":5.0,"turns":8.0},{"damage":26.0,"enemies":"Lagavulin","floor":7.0,"turns":7.0},{"damage":20.0,"enemies":"The Mushroom Lair","floor":8.0,"turns":4.0},{"damage":13,"enemies":"Blue Slaver","floor":10,"turns":5},{"damage":60,"enemies":"Slime Boss","floor":16,"turns":9}],"seed_played":"-1775317644539131569","potions_obtained":[{"floor":2.0,"key":"Fire Potion"},{"floor":5.0,"key":"Ancient Potion"},{"floor":7.0,"key":"EntropicBrew"},{"floor":10,"key":"LiquidBronze"}],"is_trial":false,"path_per_floor":["M","M","M","M","M","R","E","?","T","M","R","?","R","?","R","B"],"character_chosen":"IRONCLAD","items_purchased":[],"campfire_rested":3,"item_purchase_floors":[],"current_hp_per_floor":[74,76,75,47,28,52,32,33,33,29,29,4,28,28,52,0],"gold":320,"neow_bonus":"TEN_PERCENT_HP_BONUS","is_prod":false,"is_daily":false,"chose_seed":false,"campfire_upgraded":1,"win_rate":0,"timestamp":1566001616,"path_taken":["M","M","M","?","M","R","E","?","T","M","R","?","R","?","R","BOSS"],"build_version":"2019-01-23","purchased_purges":0,"victory":false,"max_hp_per_floor":[82,82,82,82,82,82,82,82,82,82,82,82,82,82,82,82],"card_choices":[{"not_picked":["Shrug It Off","Dual Wield"],"picked":"Disarm","floor":1.0},{"not_picked":["Wild Strike","Perfected Strike"],"picked":"Pummel","floor":2.0},{"not_picked":["Flex","Anger"],"picked":"Armaments","floor":3.0},{"not_picked":["Heavy Blade","Corruption"],"picked":"Spot Weakness","floor":4.0},{"not_picked":["Uppercut","Headbutt"],"picked":"Combust","floor":5.0},{"not_picked":["Havoc","Barricade"],"picked":"Anger","floor":7.0},{"not_picked":["Thunderclap","Warcry"],"picked":"Shrug It Off","floor":8.0},{"not_picked":["Headbutt","Dual Wield"],"picked":"Blood for Blood","floor":10}],"player_experience":2797966,"relics_obtained":[{"floor":7.0,"key":"Magic Flower"},{"floor":8.0,"key":"Odd Mushroom"},{"floor":9.0,"key":"Frozen Egg 2"}],"event_choices":[{"damage_healed":0.0,"max_hp_gain":0.0,"max_hp_loss":0.0,"gold_gain":0.0,"event_name":"Mushrooms","player_choice":"Fought Mushrooms","floor":8.0,"gold_loss":0.0,"damage_taken":0.0},{"damage_healed":0,"gold_gain":0,"player_choice":"Entered Light","damage_taken":25,"max_hp_gain":0,"max_hp_loss":0,"event_name":"Shining Light","floor":12,"gold_loss":0,"cards_upgraded":["Shrug It Off","Spot Weakness"]},{"cards_removed":["Strike_R"],"damage_healed":0,"gold_gain":0,"player_choice":"Purged","damage_taken":0,"max_hp_gain":0,"max_hp_loss":0,"event_name":"Purifier","floor":14,"gold_loss":0}],"is_beta":false,"boss_relics":[],"items_purged_floors":[],"is_endless":false,"potions_floor_spawned":[2,5,7,10],"killed_by":"Slime Boss","ascension_level":20}