{"gold_per_floor":[110,130,49,63,63,92,104,45,68,68,86,86,97,107,107,210,210,227,227,47,47,14,14,42,42,42,42],"floor_reached":27,"playtime":899,"items_purged":[],"score":240,"play_id":"41b7ae89-b8ca-4681-ba2e-fb99e5798d62","local_time":"20190825165854","is_ascension_mode":true,"campfire_choices":[{"floor":7,"key":"REST"},{"floor":10,"key":"REST"},{"floor":15,"key":"REST"},{"data":"Caltrops","floor":23,"key":"SMITH"},{"floor":25,"key":"REST"}],"neow_cost":"NONE","seed_source_timestamp":0,"circlet_count":0,"master_deck":["Strike_G","Strike_G","Strike_G","Strike_G","Strike_G","Defend_G","Defend_G","Defend_G","Defend_G","Defend_G","Survivor","Neutralize","Poisoned Stab","Accuracy","Infinite Blades","Cloak And Dagger","Blur","Deadly Poison","Poisoned Stab","Slice","Caltrops+1","Flying Knee","Bullet Time","Masterful Stab+1","Terror","Backstab","Slice","Doppelganger","Enlightenment","Footwork","Corpse Explosion"],"special_seed":0,"relics":["Ring of the Snake","Smiling Mask","MawBank","Anchor","WristBlade","Tingsha","Shuriken"],"potions_floor_usage":[13,24,24],"damage_taken":[{"damage":0,"enemies":"Jaw Worm","floor":1,"turns":5},{"damage":2,"enemies":"Small Slimes","floor":2,"turns":3},{"damage":4,"enemies":"Cultist","floor":4,"turns":3},{"damage":32,"enemies":"Lagavulin","floor":6,"turns":8},{"damage":4,"enemies":"2 Fungi Beasts","floor":11,"turns":4},{"damage":2,"enemies":"3 Louse","floor":13,"turns":4},{"damage":8,"enemies":"Exordium Thugs","floor":14,"turns":5},{"damage":31,"enemies":"Hexaghost","floor":16,"turns":11},{"damage":0,"enemies":"Chosen","floor":18,"turns":4},{"damage":29,"enemies":"Book of Stabbing","floor":24,"turns":6},{"damage":63,"enemies":"Gremlin Leader","floor":27,"turns":4}],"seed_played":"-1202262194207818593","potions_obtained":[{"floor":1,"key":"SteroidPotion"},{"floor":6,"key":"FearPotion"},{"floor":12,"key":"Block Potion"},{"floor":13,"key":"GhostInAJar"},{"floor":18,"key":"SkillPotion"}],"is_trial":false,"path_per_floor":["M","M","$","M","?","E","R","$","T","R","M","?","M","M","R","B",null,"M","?","$","?","$","R","E","R","T","E"],"character_chosen":"THE_SILENT","items_purchased":["Infinite Blades","Deadly Poison","Poisoned Stab","Terror","Backstab","Slice","Footwork"],"campfire_rested":4,"item_purchase_floors":[3,8,8,20,20,20,22],"current_hp_per_floor":[70,68,68,64,64,32,53,53,53,70,66,66,64,56,70,39,70,70,70,70,70,70,70,41,62,62,0],"gold":42,"neow_bonus":"RANDOM_COMMON_RELIC","is_prod":false,"is_daily":false,"chose_seed":false,"campfire_upgraded":1,"win_rate":0,"timestamp":1566763134,"path_taken":["M","M","$","M","?","E","R","?","T","R","M","?","?","M","R","BOSS","M","?","$","?","$","R","E","R","T","E"],"build_version":"2019-07-17","purchased_purges":0,"victory":false,"max_hp_per_floor":[70,70,70,70,70,70,70,70,70,70,70,70,70,70,70,70,70,70,70,70,70,70,70,70,70,70,70],"card_choices":[{"not_picked":["PiercingWail","Concentrate"],"picked":"Poisoned Stab","floor":1},{"not_picked":["Footwork","Acrobatics"],"picked":"Accuracy","floor":2},{"not_picked":["Deadly Poison","Footwork"],"picked":"Cloak And Dagger","floor":4},{"not_picked":["Eviscerate","Dodge and Roll"],"picked":"Blur","floor":6},{"not_picked":["Noxious Fumes","Footwork"],"picked":"Slice","floor":11},{"not_picked":["Tactician","Deflect"],"picked":"Caltrops","floor":13},{"not_picked":["Eviscerate","Heel Hook"],"picked":"Flying Knee","floor":14},{"not_picked":["Tools of the Trade","A Thousand Cuts"],"picked":"Bullet Time","floor":16},{"not_picked":["Acrobatics","Prepared"],"picked":"Masterful Stab+1","floor":18},{"not_picked":["Reflex","Cloak And Dagger"],"picked":"Corpse Explosion","floor":24}],"player_experience":352972,"relics_obtained":[{"floor":6,"key":"MawBank"},{"floor":9,"key":"Anchor"},{"floor":24,"key":"Tingsha"},{"floor":26,"key":"Shuriken"}],"event_choices":[{"damage_healed":0,"gold_gain":0,"player_choice":"Ignored","damage_taken":0,"max_hp_gain":0,"max_hp_loss":0,"event_name":"Golden Wing","floor":5,"gold_loss":0},{"damage_healed":0,"gold_gain":0,"player_choice":"Got Potions","damage_taken":0,"max_hp_gain":0,"max_hp_loss":0,"event_name":"Lab","floor":12,"gold_loss":0},{"damage_healed":0,"gold_gain":0,"player_choice":"Ignored","damage_taken":0,"max_hp_gain":0,"max_hp_loss":0,"event_name":"Vampires","floor":19,"gold_loss":0},{"damage_healed":0,"gold_gain":0,"player_choice":"2 cards matched","damage_taken":0,"max_hp_gain":0,"max_hp_loss":0,"event_name":"Match and Keep!","floor":21,"gold_loss":0,"cards_obtained":["Doppelganger","Enlightenment"]}],"is_beta":false,"boss_relics":[{"not_picked":["Calling Bell","Philosopher\u0027s Stone"],"picked":"WristBlade"}],"items_purged_floors":[],"is_endless":false,"potions_floor_spawned":[1,6,13,14,18],"killed_by":"Gremlin Leader","ascension_level":1}