{"gold_per_floor":[116,133,150,163,163,163,195,195,263,263],"floor_reached":10,"playtime":621,"items_purged":[],"score":136,"play_id":"62a3b7c6-881d-4617-95c2-4dfeb32ce35c","local_time":"20190820151012","is_ascension_mode":true,"campfire_choices":[{"data":"Flame Barrier","floor":6.0,"key":"SMITH"}],"neow_cost":"NONE","seed_source_timestamp":706679126334257,"circlet_count":0,"master_deck":["AscendersBane","Strike_R","Strike_R","Strike_R","Strike_R","Strike_R","Defend_R","Defend_R","Defend_R","Defend_R","Bash","Limit Break","Clothesline","Sword Boomerang","Flame Barrier+1","Cleave","Heavy Blade"],"special_seed":0,"relics":["Burning Blood","Girya","Meat on the Bone"],"potions_floor_usage":[],"damage_taken":[{"damage":12.0,"enemies":"Jaw Worm","floor":1.0,"turns":6.0},{"damage":0.0,"enemies":"Cultist","floor":2.0,"turns":3.0},{"damage":3.0,"enemies":"Small Slimes","floor":3.0,"turns":4.0},{"damage":15.0,"enemies":"3 Louse","floor":4.0,"turns":4.0},{"damage":45.0,"enemies":"3 Sentries","floor":7.0,"turns":11.0},{"damage":23,"enemies":"Gremlin Gang","floor":10,"turns":3}],"seed_played":"1742574248799293711","potions_obtained":[{"floor":2.0,"key":"AttackPotion"},{"floor":3.0,"key":"EssenceOfSteel"}],"is_trial":false,"path_per_floor":["M","M","M","M","?","R","E","?","T","M"],"character_chosen":"IRONCLAD","items_purchased":[],"campfire_rested":0,"item_purchase_floors":[],"current_hp_per_floor":[62,68,71,62,62,62,23,23,23,0],"gold":263,"neow_bonus":"ONE_RANDOM_RARE_CARD","is_prod":false,"is_daily":false,"chose_seed":false,"campfire_upgraded":1,"win_rate":0,"timestamp":1566328212,"path_taken":["M","M","M","M","?","R","E","?","T","M"],"build_version":"2019-01-23","purchased_purges":0,"victory":false,"max_hp_per_floor":[75,75,75,75,75,75,75,75,75,75],"card_choices":[{"not_picked":["Shrug It Off","Dropkick"],"picked":"Clothesline","floor":1.0},{"not_picked":["Perfected Strike","Anger"],"picked":"Sword Boomerang","floor":2.0},{"not_picked":["Searing Blow","Havoc"],"picked":"Flame Barrier","floor":3.0},{"not_picked":["Dual Wield","Anger"],"picked":"Cleave","floor":4.0},{"not_picked":["Whirlwind","Clash"],"picked":"Heavy Blade","floor":7.0}],"player_experience":2828872,"relics_obtained":[{"floor":7.0,"key":"Girya"},{"floor":9,"key":"Meat on the Bone"}],"event_choices":[{"damage_healed":0.0,"max_hp_gain":0.0,"max_hp_loss":0.0,"gold_gain":0.0,"event_name":"Liars Game","player_choice":"Ignored","floor":5.0,"gold_loss":0.0,"damage_taken":0.0},{"damage_healed":0,"gold_gain":0,"player_choice":"0 cards matched","damage_taken":0,"max_hp_gain":0,"max_hp_loss":0,"event_name":"Match and Keep!","floor":8,"gold_loss":0,"cards_obtained":[]}],"is_beta":false,"boss_relics":[],"items_purged_floors":[],"is_endless":false,"potions_floor_spawned":[2,3],"killed_by":"Gremlin Gang","ascension_level":20}