{"gold_per_floor":[114,114,129,144,159,159,174,189,189,189,189,204,219,219,219,319,319,334,349,349,364,27,27,27,27,27,57,57,57,72,87,87,187,187,202,302,302,94,109,139,139,154,154,154,184,199,214,229,229,229],"floor_reached":51,"playtime":4667,"items_purged":["Backflip"],"score":823,"play_id":"a606f705-ccf3-462a-a5c9-57c560708a2f","local_time":"20181209034303","daily_mods":["Draft","Red Cards","Night Terrors"],"is_ascension_mode":false,"campfire_choices":[{"data":"Seeing Red","floor":6,"key":"SMITH"},{"data":"Armaments","floor":11,"key":"SMITH"},{"data":"Armaments","floor":15,"key":"SMITH"},{"data":"Well Laid Plans","floor":23,"key":"SMITH"},{"data":"Neutralize","floor":25,"key":"SMITH"},{"data":"Dash","floor":28,"key":"SMITH"},{"data":"Envenom","floor":32,"key":"SMITH"},{"floor":41,"key":"REST"},{"data":"Shockwave","floor":44,"key":"SMITH"},{"data":"Flex","floor":49,"key":"SMITH"}],"neow_cost":"","seed_source_timestamp":823202016006680,"circlet_count":0,"master_deck":["Headbutt","Dagger Throw","Armaments+1","Clash","Clash","Ghostly Armor","Armaments+1","Shockwave+1","Spot Weakness","Clash","Deflect","Slice","Masterful Stab","Armaments+1","Flex+1","Neutralize+1","Clash","Reaper","Seeing Red+1","Anger","Dash+1","Setup+1","Sadistic Nature","Unload","Anger+1","Choke","Clothesline","Violence+1","Purity+1","Well Laid Plans+1","Feel No Pain","Envenom+1","Venomology+1","Metallicize+1","Anger","Dark Shackles+1","Warcry+1","Terror+1","Outmaneuver+1","Calculated Gamble+1","Prepared+1","Clash","Fire Breathing+1"],"special_seed":17874,"relics":["Ring of the Snake","Toxic Egg 2","WristBlade","Bottled Flame","Bird Faced Urn","Philosopher\u0027s Stone","Incense Burner","Blood Vial","Unceasing Top","Thread and Needle"],"potions_floor_usage":[16,19,33,35,36,36,42,42,45,47,50,50,50,50],"damage_taken":[{"damage":0,"enemies":"Cultist","floor":1,"turns":2},{"damage":0,"enemies":"Jaw Worm","floor":3,"turns":3},{"damage":0,"enemies":"Small Slimes","floor":4,"turns":1},{"damage":9,"enemies":"Gremlin Gang","floor":5,"turns":3},{"damage":0,"enemies":"Large Slime","floor":7,"turns":1},{"damage":0,"enemies":"Exordium Wildlife","floor":8,"turns":3},{"damage":0,"enemies":"Looter","floor":12,"turns":1},{"damage":0,"enemies":"Blue Slaver","floor":13,"turns":1},{"damage":0,"enemies":"Slime Boss","floor":16,"turns":4},{"damage":0,"enemies":"Spheric Guardian","floor":18,"turns":1},{"damage":1,"enemies":"3 Byrds","floor":19,"turns":5},{"damage":14,"enemies":"Shelled Parasite and Fungi","floor":21,"turns":3},{"damage":0,"enemies":"Gremlin Leader","floor":27,"turns":3},{"damage":12,"enemies":"Snake Plant","floor":30,"turns":3},{"damage":10,"enemies":"Cultist and Chosen","floor":31,"turns":3},{"damage":28,"enemies":"Collector","floor":33,"turns":8},{"damage":1,"enemies":"3 Darklings","floor":35,"turns":3},{"damage":31,"enemies":"Mind Bloom Boss Battle","floor":36,"turns":3},{"damage":7,"enemies":"Orb Walker","floor":39,"turns":2},{"damage":40,"enemies":"Giant Head","floor":40,"turns":8},{"damage":9,"enemies":"Maw","floor":42,"turns":5},{"damage":20,"enemies":"Reptomancer","floor":45,"turns":5},{"damage":0,"enemies":"3 Darklings","floor":46,"turns":6},{"damage":19,"enemies":"Transient","floor":47,"turns":5},{"damage":0,"enemies":"4 Shapes","floor":48,"turns":3},{"damage":13,"enemies":"Donu and Deca","floor":50,"turns":3}],"seed_played":"-3807787308880061937","potions_obtained":[{"floor":4,"key":"LiquidBronze"},{"floor":5,"key":"SmokeBomb"},{"floor":12,"key":"Fire Potion"},{"floor":16,"key":"Strength Potion"},{"floor":18,"key":"Block Potion"},{"floor":30,"key":"SpeedPotion"},{"floor":35,"key":"FearPotion"},{"floor":46,"key":"Weak Potion"}],"is_trial":false,"path_per_floor":["M","?","M","M","M","R","M","M","T","?","R","M","M","?","R","B",null,"M","M","?","M","$","R","?","R","T","E","R","?","M","M","R","B",null,"M","?","?","$","M","E","R","M","T","R","E","M","M","M","R","B",null],"character_chosen":"THE_SILENT","items_purchased":["Violence+1","Purity+1","Well Laid Plans","Dark Shackles+1","Warcry+1"],"campfire_rested":1,"item_purchase_floors":[22,22,22,38,38],"current_hp_per_floor":[70,70,70,70,70,70,70,70,70,70,70,70,70,70,70,70,70,70,69,56,54,54,54,54,54,54,75,75,75,63,57,57,49,75,74,44,44,44,41,23,70,70,70,70,65,70,70,70,70,70],"gold":229,"neow_bonus":"","is_prod":false,"is_daily":true,"chose_seed":false,"campfire_upgraded":9,"win_rate":0,"timestamp":1544344983,"path_taken":["M","?","M","M","M","R","?","M","T","?","R","M","M","?","R","BOSS","M","?","?","M","$","R","?","R","T","E","R","?","?","M","R","BOSS","M","?","?","$","M","E","R","M","T","R","E","M","M","M","R","BOSS"],"build_version":"2018-12-06","purchased_purges":1,"victory":true,"max_hp_per_floor":[70,70,70,70,70,70,70,70,70,70,70,70,70,70,70,70,70,70,70,75,75,75,75,75,75,75,75,75,75,75,75,75,75,75,75,75,75,75,75,75,70,70,70,70,70,70,70,70,70,70],"card_choices":[{"not_picked":["Dagger Throw","Reckless Charge"],"picked":"Headbutt","floor":0},{"not_picked":["Dodge and Roll","Outmaneuver"],"picked":"Dagger Throw","floor":0},{"not_picked":["Choke","Well Laid Plans"],"picked":"Armaments","floor":0},{"not_picked":["Predator","Uppercut"],"picked":"Clash","floor":0},{"not_picked":["Underhanded Strike","Blade Dance"],"picked":"Clash","floor":0},{"not_picked":["Burning Pact","Havoc"],"picked":"Ghostly Armor","floor":0},{"not_picked":["Prepared","Deadly Poison"],"picked":"Armaments","floor":0},{"not_picked":["Deflect","Cleave"],"picked":"Shockwave","floor":0},{"not_picked":["Sentinel","Body Slam"],"picked":"Spot Weakness","floor":0},{"not_picked":["Flex","Headbutt"],"picked":"Clash","floor":0},{"not_picked":["Whirlwind","Sever Soul"],"picked":"Deflect","floor":0},{"not_picked":["Evolve","Armaments"],"picked":"Slice","floor":0},{"not_picked":["Outmaneuver","Blood for Blood"],"picked":"Masterful Stab","floor":0},{"not_picked":["Heavy Blade","Outmaneuver"],"picked":"Armaments","floor":0},{"not_picked":["Poisoned Stab","Body Slam"],"picked":"Backflip","floor":0},{"not_picked":["Second Wind","Shrug It Off"],"picked":"Flex","floor":1},{"not_picked":["Flechettes","Blur"],"picked":"Clash","floor":3},{"not_picked":["Pommel Strike","Clash"],"picked":"Reaper","floor":4},{"not_picked":["Evolve","Sentinel"],"picked":"Seeing Red","floor":5},{"not_picked":["Poisoned Stab","Flying Knee"],"picked":"Anger","floor":7},{"not_picked":["Cloak And Dagger","Predator"],"picked":"Dash","floor":8},{"not_picked":["Clash","Dodge and Roll+1"],"picked":"Setup+1","floor":12},{"not_picked":["Reckless Charge","Bane","Crippling Poison+1"],"picked":"SKIP","floor":13},{"not_picked":["Doppelganger+1","A Thousand Cuts"],"picked":"Unload","floor":16},{"not_picked":["Shrug It Off+1","Clothesline"],"picked":"Anger+1","floor":18},{"not_picked":["Acrobatics+1","Calculated Gamble+1"],"picked":"Choke","floor":19},{"not_picked":["Quick Slash","Acrobatics+1"],"picked":"Clothesline","floor":21},{"not_picked":["Flex+1","Heavy Blade"],"picked":"Feel No Pain","floor":27},{"not_picked":["Pummel","Bane","All Out Attack"],"picked":"SKIP","floor":30},{"not_picked":["Twin Strike+1","Iron Wave"],"picked":"Envenom","floor":31},{"not_picked":["Grand Finale","Phantasmal Killer+1"],"picked":"Venomology+1","floor":33},{"not_picked":["Uppercut","Cleave+1"],"picked":"Metallicize+1","floor":35},{"not_picked":["Quick Slash","Uppercut"],"picked":"Anger","floor":36},{"not_picked":["Dagger Throw+1","Flying Knee","Twin Strike+1"],"picked":"SKIP","floor":39},{"not_picked":["Iron Wave+1","Cleave"],"picked":"Terror+1","floor":40},{"not_picked":["Blade Dance+1","Pommel Strike+1"],"picked":"Outmaneuver+1","floor":42},{"not_picked":["Acrobatics+1","Limit Break+1"],"picked":"Calculated Gamble+1","floor":45},{"not_picked":["Pummel+1","Dodge and Roll+1"],"picked":"Prepared+1","floor":46},{"not_picked":["Predator+1","Combust+1"],"picked":"Clash","floor":47},{"not_picked":["Dual Wield+1","Catalyst+1"],"picked":"Fire Breathing+1","floor":48}],"player_experience":2053306,"relics_obtained":[{"floor":9,"key":"Toxic Egg 2"},{"floor":26,"key":"Bottled Flame"},{"floor":27,"key":"Bird Faced Urn"},{"floor":36,"key":"Incense Burner"},{"floor":40,"key":"Blood Vial"},{"floor":43,"key":"Unceasing Top"},{"floor":45,"key":"Thread and Needle"}],"event_choices":[{"damage_healed":0,"gold_gain":0,"player_choice":"2 cards matched","damage_taken":0,"max_hp_gain":0,"max_hp_loss":0,"event_name":"Match and Keep!","floor":2,"gold_loss":0,"cards_obtained":["Jack Of All Trades","Neutralize"]},{"damage_healed":0,"gold_gain":0,"player_choice":"Grow","damage_taken":0,"max_hp_gain":0,"max_hp_loss":0,"event_name":"Living Wall","floor":10,"gold_loss":0,"cards_upgraded":["Armaments"]},{"damage_healed":0,"gold_gain":0,"cards_transformed":["Jack Of All Trades"],"player_choice":"Transformed","damage_taken":0,"max_hp_gain":0,"max_hp_loss":0,"event_name":"Transmorgrifier","floor":14,"gold_loss":0,"cards_obtained":["Sadistic Nature"]},{"damage_healed":0,"gold_gain":0,"player_choice":"Shed Blood","damage_taken":18,"max_hp_gain":5,"max_hp_loss":0,"event_name":"Forgotten Altar","floor":20,"gold_loss":0},{"damage_healed":0,"gold_gain":0,"player_choice":"Ignored","damage_taken":0,"max_hp_gain":0,"max_hp_loss":0,"event_name":"Beggar","floor":24,"gold_loss":0},{"damage_healed":0,"gold_gain":0,"player_choice":"Ignored","damage_taken":0,"max_hp_gain":0,"max_hp_loss":0,"event_name":"Vampires","floor":29,"gold_loss":0},{"damage_healed":0,"gold_gain":0,"player_choice":"Fight","damage_taken":0,"max_hp_gain":0,"max_hp_loss":0,"event_name":"MindBloom","floor":36,"gold_loss":0},{"damage_healed":0,"gold_gain":0,"player_choice":"Ignored","damage_taken":0,"max_hp_gain":0,"max_hp_loss":0,"event_name":"Tomb of Lord Red Mask","floor":37,"gold_loss":0}],"is_beta":false,"boss_relics":[{"not_picked":["Astrolabe","Snecko Eye"],"picked":"WristBlade"},{"not_picked":["Lizard Tail","Ring of the Serpent"],"picked":"Philosopher\u0027s Stone"}],"items_purged_floors":[38],"is_endless":false,"potions_floor_spawned":[4,5,12,16,18,30,35,46,47,48],"ascension_level":0}