{"gold_per_floor":[116,41,41,55,5,5,22,22,47,47,47,67,84,109,109,211,211,225,225,225,78,3,28,28,127,150,50,65,83,158,33,33,130,130,145,145,145,157,7,33,33,33,59,72,92,110,110,120,120,120],"floor_reached":51,"playtime":1840,"items_purged":["Strike_R","Strike_R","Strike_R","Defend_R"],"score":778,"play_id":"330d3157-26e8-4548-ae73-e9fbaeeeb2d0","local_time":"20191027020214","is_ascension_mode":true,"campfire_choices":[{"data":"Flex","floor":6,"key":"SMITH"},{"data":"Anger","floor":8,"key":"SMITH"},{"data":"Strike_R","floor":10,"key":"SMITH"},{"floor":15,"key":"RECALL"},{"data":"Fire Breathing","floor":24,"key":"SMITH"},{"floor":32,"key":"REST"},{"floor":47,"key":"REST"},{"floor":49,"key":"REST"}],"neow_cost":"NONE","seed_source_timestamp":981971925203800,"circlet_count":0,"master_deck":["Strike_R+1","Defend_R","Bash+1","Anger+1","Flex+1","Fire Breathing+1","Battle Trance+1","Reaper","Panache","Flex","Clash+1","Fire Breathing+1"],"relics":["Burning Blood","Strawberry","Odd Mushroom","Runic Cube","Bird Faced Urn","Vajra","Dream Catcher","Fusion Hammer","Centennial Puzzle","Art of War"],"potions_floor_usage":[14,16,23,33,40,50,50,50],"damage_taken":[{"damage":6,"enemies":"2 Louse","floor":1,"turns":3},{"damage":2,"enemies":"Jaw Worm","floor":4,"turns":3},{"damage":7,"enemies":"Small Slimes","floor":7,"turns":3},{"damage":8,"enemies":"Blue Slaver","floor":12,"turns":2},{"damage":12,"enemies":"Looter","floor":13,"turns":3},{"damage":10,"enemies":"The Mushroom Lair","floor":14,"turns":3},{"damage":37,"enemies":"Slime Boss","floor":16,"turns":9},{"damage":27,"enemies":"Spheric Guardian","floor":18,"turns":4},{"damage":40,"enemies":"Gremlin Leader","floor":23,"turns":6},{"damage":2,"enemies":"Chosen","floor":28,"turns":3},{"damage":19,"enemies":"Snake Plant","floor":29,"turns":2},{"damage":34,"enemies":"Automaton","floor":33,"turns":6},{"damage":40,"enemies":"3 Darklings","floor":35,"turns":4},{"damage":6,"enemies":"3 Shapes","floor":38,"turns":4},{"damage":56,"enemies":"Reptomancer","floor":40,"turns":5},{"damage":28,"enemies":"Spire Growth","floor":44,"turns":3},{"damage":11,"enemies":"Writhing Mass","floor":45,"turns":2},{"damage":0,"enemies":"Transient","floor":46,"turns":5},{"damage":13,"enemies":"Spire Growth","floor":48,"turns":2},{"damage":103,"enemies":"Awakened One","floor":50,"turns":6}],"seed_played":"8928849676543784313","potions_obtained":[{"floor":1,"key":"Fire Potion"},{"floor":7,"key":"GamblersBrew"},{"floor":16,"key":"Block Potion"},{"floor":18,"key":"Ancient Potion"},{"floor":29,"key":"Dexterity Potion"},{"floor":33,"key":"Strength Potion"},{"floor":38,"key":"LiquidBronze"},{"floor":44,"key":"AttackPotion"},{"floor":46,"key":"Fire Potion"}],"is_trial":false,"path_per_floor":["M","$","?","M","?","R","M","R","T","R","$","M","M","?","R","B",null,"M","?","?","$","?","E","R","?","T","$","M","M","?","$","R","B",null,"M","?","$","M","$","E","?","$","T","M","M","M","R","M","R","B",null],"character_chosen":"IRONCLAD","items_purchased":["Vajra"],"campfire_rested":3,"item_purchase_floors":[21],"current_hp_per_floor":[80,80,73,77,77,77,76,76,83,83,83,81,75,71,71,40,87,66,66,66,66,66,32,32,32,32,32,38,27,19,19,45,19,87,71,71,71,87,87,42,42,42,42,34,44,64,87,82,87,8],"gold":120,"neow_bonus":"UPGRADE_CARD","is_prod":false,"is_daily":false,"chose_seed":false,"campfire_upgraded":4,"win_rate":0,"timestamp":1572138134,"path_taken":["M","$","?","M","?","R","M","R","T","R","$","M","M","?","R","BOSS","M","?","?","$","?","E","R","?","T","$","?","M","?","$","R","BOSS","M","?","$","M","$","E","?","?","T","?","M","?","R","M","R","BOSS"],"build_version":"2019-07-17","purchased_purges":4,"victory":true,"max_hp_per_floor":[80,80,80,80,80,80,80,80,87,87,87,87,87,87,87,87,87,87,87,87,87,87,87,87,87,87,87,87,87,87,87,87,87,87,87,87,87,87,87,87,87,87,87,87,87,87,87,87,87,87],"card_choices":[{"not_picked":["Body Slam","Evolve"],"picked":"Anger","floor":1},{"not_picked":["Power Through","Thunderclap"],"picked":"Flex","floor":4},{"not_picked":["Pommel Strike","Bloodletting","Pummel"],"picked":"SKIP","floor":7},{"not_picked":["Fire Breathing","Pommel Strike","Dropkick"],"picked":"SKIP","floor":12},{"not_picked":["Cleave","Thunderclap","Rupture"],"picked":"SKIP","floor":13},{"not_picked":["Perfected Strike","Metallicize","Sword Boomerang+1"],"picked":"SKIP","floor":18},{"not_picked":["Twin Strike","Exhume"],"picked":"Fire Breathing","floor":23},{"not_picked":["Heavy Blade","Power Through"],"picked":"Battle Trance+1","floor":28},{"not_picked":["Headbutt","Wild Strike","Cleave+1"],"picked":"SKIP","floor":29},{"not_picked":["Limit Break","Barricade"],"picked":"Reaper","floor":33},{"not_picked":["Warcry+1","Pommel Strike+1","Entrench"],"picked":"SKIP","floor":35},{"not_picked":["Apotheosis","Dramatic Entrance"],"picked":"Panache","floor":36},{"not_picked":["Wild Strike+1","Spot Weakness+1","Warcry"],"picked":"SKIP","floor":38},{"not_picked":["Fiend Fire","Anger"],"picked":"Flex","floor":40},{"not_picked":["Havoc+1","Sword Boomerang","Cleave"],"picked":"SKIP","floor":44},{"not_picked":["True Grit+1","Sword Boomerang","Sever Soul"],"picked":"SKIP","floor":45},{"not_picked":["Shockwave+1","Exhume","Clothesline+1"],"picked":"SKIP","floor":46},{"not_picked":["Havoc","Searing Blow"],"picked":"Clash+1","floor":47},{"not_picked":["Headbutt+1","Infernal Blade"],"picked":"Fire Breathing+1","floor":48}],"player_experience":150662,"relics_obtained":[{"floor":9,"key":"Strawberry"},{"floor":14,"key":"Odd Mushroom"},{"floor":23,"key":"Dream Catcher"},{"floor":40,"key":"Centennial Puzzle"},{"floor":43,"key":"Art of War"}],"event_choices":[{"cards_removed":["Strike_R"],"damage_healed":0,"gold_gain":0,"player_choice":"Card Removal","damage_taken":7,"max_hp_gain":0,"max_hp_loss":0,"event_name":"Golden Wing","floor":3,"gold_loss":0},{"cards_removed":["Defend_R"],"damage_healed":0,"gold_gain":0,"player_choice":"Card Removal","damage_taken":0,"max_hp_gain":0,"max_hp_loss":0,"event_name":"The Cleric","floor":5,"gold_loss":50},{"damage_healed":0,"gold_gain":0,"player_choice":"Fought Mushrooms","damage_taken":0,"max_hp_gain":0,"max_hp_loss":0,"event_name":"Mushrooms","floor":14,"gold_loss":0},{"damage_healed":0,"gold_gain":0,"player_choice":"Ignored","damage_taken":0,"max_hp_gain":0,"max_hp_loss":0,"event_name":"Vampires","floor":19,"gold_loss":0},{"damage_healed":0,"gold_gain":0,"player_choice":"Opened","damage_taken":0,"relics_obtained":["Bird Faced Urn"],"max_hp_gain":0,"max_hp_loss":0,"event_name":"The Mausoleum","floor":20,"gold_loss":0,"cards_obtained":["Writhe"]},{"cards_removed":["Writhe"],"damage_healed":0,"gold_gain":0,"player_choice":"Gave Gold","damage_taken":0,"max_hp_gain":0,"max_hp_loss":0,"event_name":"Beggar","floor":22,"gold_loss":75},{"damage_healed":0,"gold_gain":99,"player_choice":"Stole From Cult","damage_taken":0,"max_hp_gain":0,"max_hp_loss":0,"event_name":"Nest","floor":25,"gold_loss":0},{"damage_healed":0,"gold_gain":75,"player_choice":"Touch","damage_taken":8,"max_hp_gain":0,"max_hp_loss":0,"event_name":"FaceTrader","floor":30,"gold_loss":0},{"damage_healed":0,"gold_gain":0,"player_choice":"Memory 1","damage_taken":0,"max_hp_gain":0,"max_hp_loss":0,"event_name":"SensoryStone","floor":36,"gold_loss":0},{"cards_removed":["Defend_R"],"damage_healed":0,"gold_gain":0,"player_choice":"Removed Skill","damage_taken":0,"max_hp_gain":0,"max_hp_loss":0,"event_name":"Falling","floor":41,"gold_loss":0}],"is_beta":false,"boss_relics":[{"not_picked":["Lizard Tail","Philosopher\u0027s Stone"],"picked":"Runic Cube"},{"not_picked":["Eternal Feather","Runic Pyramid"],"picked":"Fusion Hammer"}],"items_purged_floors":[2,27,31,39],"is_endless":false,"potions_floor_spawned":[1,7,16,18,29,33,38,44,46],"ascension_level":3}