{"gold_per_floor":[110,120,136,10,28,28,57,57,57,57,74,101,101,113,113,113],"floor_reached":16,"playtime":630,"items_purged":[],"score":224,"play_id":"6b79163c-ef1f-49d7-843e-4bcb9256af9e","local_time":"20190817111002","is_ascension_mode":true,"campfire_choices":[{"floor":6,"key":"REST"},{"floor":8,"key":"REST"},{"floor":10,"key":"REST"},{"floor":15,"key":"REST"}],"neow_cost":"","seed_source_timestamp":322873178656522,"circlet_count":0,"master_deck":["AscendersBane","Strike_B","Strike_B","Strike_B","Strike_B","Defend_B","Defend_B","Defend_B","Defend_B","Zap","Dualcast","Rebound","Sweeping Beam","Steam","Redo","Loop","Aggregate","Ball Lightning","Defragment","Blizzard","Parasite","Compile Driver"],"relics":["Cracked Core","Bird Faced Urn","Singing Bowl","Darkstone Periapt"],"potions_floor_usage":[14,14],"damage_taken":[{"damage":2,"enemies":"Cultist","floor":1,"turns":4},{"damage":6,"enemies":"2 Louse","floor":2,"turns":3},{"damage":7,"enemies":"Jaw Worm","floor":3,"turns":2},{"damage":9,"enemies":"Red Slaver","floor":5,"turns":3},{"damage":60,"enemies":"3 Sentries","floor":7,"turns":9},{"damage":20,"enemies":"Gremlin Gang","floor":11,"turns":4},{"damage":25,"enemies":"Lagavulin","floor":12,"turns":5},{"damage":16,"enemies":"2 Fungi Beasts","floor":14,"turns":3},{"damage":50,"enemies":"Slime Boss","floor":16,"turns":6}],"seed_played":"6135360124398572502","potions_obtained":[{"floor":1,"key":"SpeedPotion"},{"floor":7,"key":"FearPotion"},{"floor":11,"key":"SkillPotion"}],"is_trial":true,"path_per_floor":["M","M","M","$","M","R","E","R","T","R","M","E","?","M","R","B"],"character_chosen":"DEFECT","items_purchased":["Redo","Loop"],"campfire_rested":4,"item_purchase_floors":[4,4],"current_hp_per_floor":[62,56,49,49,40,61,1,22,22,43,23,2,25,13,36,0],"gold":113,"neow_bonus":"","is_prod":false,"is_daily":false,"chose_seed":false,"campfire_upgraded":0,"win_rate":0,"timestamp":1566051002,"path_taken":["M","M","M","$","?","R","E","R","T","R","M","E","?","M","R","BOSS"],"build_version":"2019-07-17","purchased_purges":0,"victory":false,"max_hp_per_floor":[71,71,71,71,71,71,71,71,71,71,71,71,77,77,77,77],"card_choices":[{"not_picked":["Storm","Go for the Eyes"],"picked":"Rebound","floor":1},{"not_picked":["Compile Driver","Conserve Battery"],"picked":"Sweeping Beam","floor":2},{"not_picked":["Loop","Go for the Eyes"],"picked":"Steam","floor":3},{"not_picked":["Stack","Scrape"],"picked":"Aggregate","floor":5},{"not_picked":["Fission","Darkness"],"picked":"Ball Lightning","floor":7},{"not_picked":["Static Discharge","Redo"],"picked":"Defragment","floor":11},{"not_picked":["Storm","Compile Driver"],"picked":"Blizzard","floor":12},{"not_picked":["Rebound","Self Repair"],"picked":"Compile Driver","floor":14}],"player_experience":326558,"relics_obtained":[{"floor":7,"key":"Bird Faced Urn"},{"floor":9,"key":"Singing Bowl"},{"floor":12,"key":"Darkstone Periapt"}],"event_choices":[{"damage_healed":17,"gold_gain":0,"player_choice":"Healed and dodged fight","damage_taken":0,"max_hp_gain":0,"max_hp_loss":0,"event_name":"Mushrooms","floor":13,"gold_loss":0,"cards_obtained":["Parasite"]}],"is_beta":false,"boss_relics":[],"items_purged_floors":[],"is_endless":true,"potions_floor_spawned":[1,7,11],"killed_by":"Slime Boss","ascension_level":20}