{"gold_per_floor":[117,130,142,160,143,159,159,192,217,237,237,256,288,306,306,411,411,430,447,475,475,485,499,514,534,534,534],"floor_reached":27,"playtime":3073,"items_purged":[],"score":285,"play_id":"801d48a3-b18d-4870-b8f6-ec5cbb624aac","local_time":"20190627103733","is_ascension_mode":false,"campfire_choices":[{"floor":11.0,"key":"REST"},{"data":"Carnage","floor":15.0,"key":"SMITH"}],"neow_cost":"NONE","seed_source_timestamp":0,"circlet_count":0,"master_deck":["Strike_R","Strike_R","Strike_R","Strike_R","Defend_R","Defend_R","Defend_R","Defend_R","Bash","Entrench","Searing Blow","Thunderclap","Seeing Red","Shrug It Off","Clash","Flame Barrier","Anger","Shrug It Off","Shrug It Off","Heavy Blade","Carnage","Pommel Strike","Hemokinesis","Carnage+1","Limit Break","Warcry+1","Heavy Blade","Clash+1","Ghostly Armor","Headbutt+1","Heavy Blade","Warcry","Bloodletting","Hemokinesis+1","Shrug It Off+1","Impervious","Searing Blow","Twin Strike"],"special_seed":0,"relics":["Burning Blood","Mercury Hourglass","Prayer Wheel","Bag of Preparation","Blood Vial","Fusion Hammer","Red Mask","Question Card"],"potions_floor_usage":[22,22],"damage_taken":[{"damage":5.0,"enemies":"Cultist","floor":1.0,"turns":4.0},{"damage":7.0,"enemies":"Small Slimes","floor":2.0,"turns":4.0},{"damage":7.0,"enemies":"2 Louse","floor":3.0,"turns":3.0},{"damage":16.0,"enemies":"Red Slaver","floor":4.0,"turns":5.0},{"damage":10.0,"enemies":"Exordium Thugs","floor":5.0,"turns":4.0},{"damage":21.0,"enemies":"Lots of Slimes","floor":6.0,"turns":5.0},{"damage":36.0,"enemies":"Lagavulin","floor":8.0,"turns":7.0},{"damage":2.0,"enemies":"Looter","floor":10.0,"turns":3.0},{"damage":0.0,"enemies":"Blue Slaver","floor":12.0,"turns":2.0},{"damage":8.0,"enemies":"Gremlin Nob","floor":13.0,"turns":3.0},{"damage":2.0,"enemies":"Lots of Slimes","floor":14.0,"turns":3.0},{"damage":47,"enemies":"The Guardian","floor":16,"turns":11},{"damage":15,"enemies":"Shell Parasite","floor":18,"turns":5},{"damage":0,"enemies":"Spheric Guardian","floor":19,"turns":3},{"damage":24,"enemies":"Masked Bandits","floor":20,"turns":5},{"damage":11,"enemies":"Shelled Parasite and Fungi","floor":22,"turns":3},{"damage":17,"enemies":"Centurion and Healer","floor":23,"turns":5},{"damage":34,"enemies":"Cultist and Chosen","floor":24,"turns":7},{"damage":18,"enemies":"Shelled Parasite and Fungi","floor":25,"turns":5},{"damage":21,"enemies":"Snake Plant","floor":27,"turns":2}],"seed_played":"-8018939535428555115","potions_obtained":[{"floor":1.0,"key":"AttackPotion"},{"floor":4.0,"key":"Strength Potion"},{"floor":5.0,"key":"Regen Potion"},{"floor":8.0,"key":"AttackPotion"},{"floor":12.0,"key":"Regen Potion"},{"floor":13.0,"key":"GamblersBrew"},{"floor":14.0,"key":"SkillPotion"},{"floor":16,"key":"SkillPotion"},{"floor":19,"key":"Strength Potion"},{"floor":24,"key":"SkillPotion"},{"floor":25,"key":"Energy Potion"}],"is_trial":false,"path_per_floor":["M","M","M","M","M","M","?","E","T","M","R","M","E","M","R","B",null,"M","M","?","?","M","M","M","M","T","M"],"character_chosen":"IRONCLAD","items_purchased":[],"campfire_rested":1,"item_purchase_floors":[],"current_hp_per_floor":[80,79,78,68,64,49,49,34,34,38,62,68,66,80,80,39,80,71,79,62,62,59,50,24,14,14,0],"gold":534,"neow_bonus":"TRANSFORM_CARD","is_prod":false,"is_daily":false,"chose_seed":false,"campfire_upgraded":1,"win_rate":0.0,"timestamp":1561642653,"path_taken":["M","M","?","M","M","M","?","E","T","M","R","?","E","M","R","BOSS","M","M","?","?","M","M","M","?","T","M"],"build_version":"2019-01-23","purchased_purges":0,"victory":false,"max_hp_per_floor":[80,80,80,80,80,80,80,80,80,80,80,80,80,80,80,80,80,80,80,80,80,80,80,80,80,80,80],"card_choices":[{"not_picked":["Whirlwind","Iron Wave"],"picked":"Searing Blow","floor":1.0},{"not_picked":["Body Slam","Sword Boomerang"],"picked":"Thunderclap","floor":2.0},{"not_picked":["Hemokinesis","Shockwave"],"picked":"Seeing Red","floor":3.0},{"not_picked":["Burning Pact","Hemokinesis"],"picked":"Shrug It Off","floor":4.0},{"not_picked":["Body Slam","Armaments"],"picked":"Clash","floor":5.0},{"not_picked":["Battle Trance","Seeing Red"],"picked":"Flame Barrier","floor":6.0},{"not_picked":["Headbutt","True Grit"],"picked":"Anger","floor":8.0},{"not_picked":["Warcry","Sword Boomerang"],"picked":"Shrug It Off","floor":10.0},{"not_picked":["Clothesline","Sword Boomerang"],"picked":"Shrug It Off","floor":10.0},{"not_picked":["Disarm","Sword Boomerang"],"picked":"Heavy Blade","floor":12.0},{"not_picked":["Second Wind","Anger"],"picked":"Carnage","floor":12.0},{"not_picked":["Disarm","Rupture"],"picked":"Pommel Strike","floor":13.0},{"not_picked":["Spot Weakness","Perfected Strike"],"picked":"Hemokinesis","floor":14.0},{"not_picked":["Bloodletting","Twin Strike"],"picked":"Carnage","floor":14.0},{"not_picked":["Brutality","Berserk"],"picked":"Limit Break","floor":16},{"not_picked":["Clash","Armaments"],"picked":"Warcry+1","floor":18},{"not_picked":["Body Slam","Iron Wave"],"picked":"Heavy Blade","floor":18},{"not_picked":["Thunderclap","Hemokinesis+1"],"picked":"Clash+1","floor":19},{"not_picked":["Feel No Pain","Clash"],"picked":"Ghostly Armor","floor":19},{"not_picked":["Heavy Blade","Berserk"],"picked":"Headbutt+1","floor":20},{"not_picked":["Bloodletting","Iron Wave"],"picked":"Heavy Blade","floor":22},{"not_picked":["True Grit","Armaments"],"picked":"Warcry","floor":22},{"not_picked":["Perfected Strike","Iron Wave"],"picked":"Bloodletting","floor":23},{"not_picked":["Shrug It Off","Thunderclap"],"picked":"Hemokinesis+1","floor":23},{"not_picked":["Iron Wave","Warcry"],"picked":"Shrug It Off+1","floor":24},{"not_picked":["Second Wind+1","Rampage"],"picked":"Impervious","floor":24},{"not_picked":["Sword Boomerang+1","Spot Weakness"],"picked":"Searing Blow","floor":25},{"not_picked":["Searing Blow","Sword Boomerang"],"picked":"Twin Strike","floor":25}],"player_experience":15364,"relics_obtained":[{"floor":8.0,"key":"Prayer Wheel"},{"floor":9.0,"key":"Bag of Preparation"},{"floor":13.0,"key":"Blood Vial"},{"floor":20,"key":"Red Mask"},{"floor":26,"key":"Question Card"}],"event_choices":[{"damage_healed":0.0,"max_hp_gain":0.0,"max_hp_loss":0.0,"gold_gain":0.0,"event_name":"WeMeetAgain","player_choice":"Gave Potion","floor":7.0,"gold_loss":0.0,"damage_taken":0.0,"relics_obtained":["Mercury Hourglass"]},{"damage_healed":0,"gold_gain":0,"player_choice":"Fought Bandits","damage_taken":0,"max_hp_gain":0,"max_hp_loss":0,"event_name":"Masked Bandits","floor":20,"gold_loss":0},{"damage_healed":0,"gold_gain":0,"player_choice":"Bought 0 Potions","damage_taken":0,"max_hp_gain":0,"max_hp_loss":0,"event_name":"The Woman in Blue","floor":21,"gold_loss":0}],"is_beta":false,"boss_relics":[{"not_picked":["Orrery","Snecko Eye"],"picked":"Fusion Hammer"}],"items_purged_floors":[],"is_endless":false,"potions_floor_spawned":[1,4,5,8,12,13,14,16,19,24,25],"killed_by":"Snake Plant","ascension_level":0}