{"gold_per_floor":[364,381,400,412,66,66,31,59,128,144,144,144,144,178,178,277,277,292,310,111,111,144,144,207,227,227,227,256,45,62,82,82,82],"floor_reached":33,"playtime":2978,"items_purged":["Purity"],"score":468,"play_id":"a8584147-58e6-4815-8f54-e129d9cb0bbc","local_time":"20180922002250","is_ascension_mode":true,"campfire_choices":[{"floor":6,"key":"REST"},{"data":"Leg Sweep","floor":11,"key":"SMITH"},{"floor":13,"key":"REST"},{"data":"Glass Knife","floor":15,"key":"SMITH"},{"floor":23,"key":"REST"},{"floor":27,"key":"REST"},{"floor":32,"key":"REST"}],"neow_cost":"PERCENT_DAMAGE","seed_source_timestamp":248689531200018,"circlet_count":0,"master_deck":["Survivor","Neutralize","AscendersBane","Endless Agony","Poisoned Stab","Cloak And Dagger+1","Terror","Well Laid Plans","Leg Sweep+1","Glass Knife+1","Flash of Steel","Caltrops","Dash","Well Laid Plans+1","Neutralize","Envenom+1","Malaise+1","Prepared","Concentrate","Poisoned Stab","Backflip","Bane","Backflip","Crippling Poison","Eviscerate","Caltrops+1","Finisher","PiercingWail+1","Outmaneuver+1","Caltrops+1","Deep Breath","Bouncing Flask","Dodge and Roll+1","Backflip","Poisoned Stab","Panache+1","Calculated Gamble","Slice+1"],"relics":["Ring of the Snake","Mango","Frozen Egg 2","War Paint","Pandora\u0027s Box","Red Mask","Tiny Chest","Mummified Hand","Smiling Mask"],"potions_floor_usage":[8,8,18,22,24,30,33],"damage_taken":[{"damage":0,"enemies":"Cultist","floor":1,"turns":5},{"damage":0,"enemies":"Jaw Worm","floor":2,"turns":5},{"damage":4,"enemies":"Small Slimes","floor":3,"turns":4},{"damage":6,"enemies":"3 Louse","floor":4,"turns":6},{"damage":11,"enemies":"3 Sentries","floor":8,"turns":8},{"damage":3,"enemies":"Exordium Thugs","floor":10,"turns":5},{"damage":16,"enemies":"Gremlin Nob","floor":14,"turns":5},{"damage":2,"enemies":"The Guardian","floor":16,"turns":9},{"damage":14,"enemies":"Spheric Guardian","floor":18,"turns":4},{"damage":21,"enemies":"Shell Parasite","floor":19,"turns":5},{"damage":42,"enemies":"Masked Bandits","floor":22,"turns":4},{"damage":19,"enemies":"Slavers","floor":24,"turns":7},{"damage":3,"enemies":"Cultist and Chosen","floor":25,"turns":6},{"damage":12,"enemies":"Gremlin Leader","floor":28,"turns":5},{"damage":3,"enemies":"Centurion and Healer","floor":30,"turns":7},{"damage":13,"enemies":"Sentry and Sphere","floor":31,"turns":6},{"damage":32,"enemies":"Champ","floor":33,"turns":7}],"seed_played":"-2598479533521732107","potions_obtained":[{"floor":2,"key":"EssenceOfSteel"},{"floor":4,"key":"Poison Potion"},{"floor":8,"key":"Weak Potion"},{"floor":16,"key":"SkillPotion"},{"floor":22,"key":"GhostInAJar"},{"floor":28,"key":"SkillPotion"},{"floor":31,"key":"Explosive Potion"}],"is_trial":false,"path_per_floor":["M","M","M","M","$","R","$","E","T","M","R","?","R","E","R","B",null,"M","M","$","?","?","R","E","M","T","R","E","$","M","M","R"],"character_chosen":"THE_SILENT","items_purchased":["Well Laid Plans","Leg Sweep","Glass Knife","Flash of Steel","Caltrops","Caltrops+1","Deep Breath","Panache+1"],"campfire_rested":5,"item_purchase_floors":[5,5,5,5,7,20,20,29],"current_hp_per_floor":[45,45,41,35,35,56,56,59,59,56,56,56,81,65,65,63,79,65,44,44,44,2,27,8,5,5,30,18,18,15,2,27,0],"gold":82,"neow_bonus":"TWO_FIFTY_GOLD","is_prod":false,"is_daily":false,"chose_seed":false,"campfire_upgraded":2,"win_rate":0,"timestamp":1537590170,"path_taken":["M","?","M","M","$","R","$","E","T","?","R","?","R","E","R","BOSS","M","M","$","?","?","R","E","M","T","R","E","$","M","M","R","BOSS"],"build_version":"2018-08-23v2","purchased_purges":1,"victory":false,"max_hp_per_floor":[70,70,70,70,70,70,70,84,84,84,84,84,84,84,84,84,84,84,84,84,84,84,84,84,84,84,84,84,84,84,84,84,84],"card_choices":[{"not_picked":["Sucker Punch","Dagger Throw"],"picked":"Endless Agony","floor":1},{"not_picked":["Slice","PiercingWail"],"picked":"Poisoned Stab","floor":2},{"not_picked":["Deflect","Setup"],"picked":"Cloak And Dagger","floor":3},{"not_picked":["Quick Slash","Poisoned Stab"],"picked":"Terror","floor":4},{"not_picked":["Distraction","Calculated Gamble"],"picked":"Dash","floor":8},{"not_picked":["Blade Dance","Finisher"],"picked":"Well Laid Plans+1","floor":10},{"not_picked":["Catalyst","Cloak And Dagger"],"picked":"Envenom+1","floor":14},{"not_picked":["Die Die Die","Glass Knife"],"picked":"Malaise","floor":16},{"not_picked":["Riddle With Holes","Acrobatics"],"picked":"PiercingWail+1","floor":18},{"not_picked":["Setup","Bane"],"picked":"Outmaneuver+1","floor":19},{"not_picked":["Deflect","Quick Slash"],"picked":"Bouncing Flask","floor":22},{"not_picked":["Flechettes+1","Acrobatics"],"picked":"Dodge and Roll+1","floor":24},{"not_picked":["Sucker Punch","Terror"],"picked":"Backflip","floor":25},{"not_picked":["Concentrate","Acrobatics"],"picked":"Poisoned Stab","floor":28},{"not_picked":["Sucker Punch","Reflex+1"],"picked":"Calculated Gamble","floor":30},{"not_picked":["Finisher","Quick Slash"],"picked":"Slice+1","floor":31}],"player_experience":1751998,"relics_obtained":[{"floor":8,"key":"Mango"},{"floor":9,"key":"Frozen Egg 2"},{"floor":14,"key":"War Paint"},{"floor":22,"key":"Red Mask"},{"floor":24,"key":"Tiny Chest"},{"floor":26,"key":"Mummified Hand"},{"floor":28,"key":"Smiling Mask"}],"event_choices":[{"event_name":"Match and Keep!","player_choice":"2 cards matched","floor":12,"damage_taken":0},{"event_name":"Upgrade Shrine","player_choice":"Upgraded","floor":21,"damage_taken":0},{"event_name":"Masked Bandits","player_choice":"Fought Bandits","floor":22,"damage_taken":0}],"is_beta":false,"boss_relics":[{"not_picked":["Snecko Eye","Empty Cage"],"picked":"Pandora\u0027s Box"}],"items_purged_floors":[20],"is_endless":false,"potions_floor_spawned":[2,4,8,16,22,28,31],"killed_by":"Champ","ascension_level":10}