{"gold_per_floor":[367,367,31,51,66,66,66,93,93,73,102,115,115,128,128,206,206,223,223,173,173,173,173,206,221,298,331,331,363,377,396,396,467,467,540,149,260,260,335,424,466,524,573,653,732,767,294,294,294,294,354,354,354,37,72,72],"floor_reached":57,"playtime":5790,"items_purged":["Strike_P","Defend_P","Defend_P","BowlingBash"],"score":3291,"play_id":"add33f36-db52-4b50-ad77-4a3fdff67395","local_time":"20191022153029","is_ascension_mode":true,"campfire_choices":[{"data":"Eruption","floor":6.0,"key":"SMITH"},{"data":"Ragnarok","floor":13.0,"key":"SMITH"},{"data":"Devotion","floor":15.0,"key":"SMITH"},{"data":"Omniscience","floor":23.0,"key":"SMITH"},{"floor":28.0,"key":"REST"},{"data":"Worship","floor":32.0,"key":"SMITH"},{"floor":49,"key":"RECALL"},{"data":"Wallop","floor":53,"key":"SMITH"}],"neow_cost":"TEN_PERCENT_HP_LOSS","seed_source_timestamp":0,"circlet_count":0,"master_deck":["AscendersBane","Defend_P+1","Eruption+1","Vigilance","Ragnarok+1","CutThroughFate","FearNoEvil","Devotion+1","Omniscience+1","ThirdEye","Worship+1","Omniscience","SandsOfTime","Necronomicurse","EmptyMind","Wallop+1","Vault","EmptyBody+1","Perseverance+1","Wish+1","ClearTheMind","CutThroughFate","TalkToTheHand+1","Evaluate+1","Dark Shackles","CutThroughFate+1"],"special_seed":0,"relics":["PureWater","Centennial Puzzle","Calipers","Mango","Smiling Mask","VioletLotus","Necronomicon","MutagenicStrength","War Paint","Bottled Lightning","Thread and Needle","Pocketwatch","Astrolabe","ClockworkSouvenir","Akabeko","Ginger","Juzu Bracelet","Bag of Marbles","Torii","Strawberry","Toolbox","InkBottle","Lantern"],"potions_floor_usage":[56],"damage_taken":[{"damage":0.0,"enemies":"2 Louse","floor":1.0,"turns":4.0},{"damage":8.0,"enemies":"Small Slimes","floor":4.0,"turns":3.0},{"damage":0.0,"enemies":"Cultist","floor":5.0,"turns":3.0},{"damage":15.0,"enemies":"Lagavulin","floor":8.0,"turns":4.0},{"damage":0.0,"enemies":"Gremlin Nob","floor":11.0,"turns":2.0},{"damage":6.0,"enemies":"Looter","floor":12.0,"turns":2.0},{"damage":1.0,"enemies":"Blue Slaver","floor":14.0,"turns":3.0},{"damage":15.0,"enemies":"The Guardian","floor":16.0,"turns":10.0},{"damage":0.0,"enemies":"Shell Parasite","floor":18.0,"turns":1.0},{"damage":21.0,"enemies":"Slavers","floor":24.0,"turns":2.0},{"damage":0.0,"enemies":"Spheric Guardian","floor":25.0,"turns":2.0},{"damage":0.0,"enemies":"Gremlin Leader","floor":27.0,"turns":2.0},{"damage":0.0,"enemies":"Book of Stabbing","floor":29.0,"turns":1.0},{"damage":0.0,"enemies":"Snake Plant","floor":30.0,"turns":1.0},{"damage":0.0,"enemies":"Sentry and Sphere","floor":31.0,"turns":1.0},{"damage":0.0,"enemies":"Automaton","floor":33.0,"turns":1.0},{"damage":0.0,"enemies":"3 Darklings","floor":35.0,"turns":5.0},{"damage":0.0,"enemies":"2 Orb Walkers","floor":37.0,"turns":1.0},{"damage":0.0,"enemies":"Orb Walker","floor":39.0,"turns":1.0},{"damage":0.0,"enemies":"Reptomancer","floor":40.0,"turns":3.0},{"damage":0.0,"enemies":"Transient","floor":41.0,"turns":6.0},{"damage":0.0,"enemies":"Giant Head","floor":42.0,"turns":4.0},{"damage":5.0,"enemies":"4 Shapes","floor":44.0,"turns":5.0},{"damage":0,"enemies":"3 Darklings","floor":45,"turns":1},{"damage":0,"enemies":"Nemesis","floor":46,"turns":1},{"damage":1,"enemies":"Donu and Deca","floor":50,"turns":5},{"damage":0,"enemies":"Time Eater","floor":51,"turns":4},{"damage":0,"enemies":"Shield and Spear","floor":55,"turns":1},{"damage":19,"enemies":"The Heart","floor":56,"turns":7}],"seed_played":"2488329830694774782","potions_obtained":[{"floor":4.0,"key":"AttackPotion"},{"floor":5.0,"key":"StancePotion"},{"floor":8.0,"key":"CultistPotion"},{"floor":11.0,"key":"LiquidMemories"},{"floor":18.0,"key":"LiquidMemories"},{"floor":24.0,"key":"SteroidPotion"},{"floor":45,"key":"Strength Potion"}],"is_trial":false,"path_per_floor":["M","?","$","M","M","R","?","E","T","?","E","M","R","M","R","B",null,"M","?","$","?","?","R","E","M","T","E","R","E","M","M","R","B",null,"M","$","?","?","M","E","M","E","T","M","M","E","$","?","R","B","B",null,"R","$","E","B",null],"character_chosen":"WATCHER","items_purchased":["Ragnarok","Centennial Puzzle","ClockworkSouvenir","Akabeko","DuplicationPotion","Strawberry","Toolbox","InkBottle"],"campfire_rested":1,"item_purchase_floors":[3,3,36,36,47,47,47,54],"current_hp_per_floor":[61,61,61,53,53,53,58,43,57,57,57,51,51,50,50,35,70,70,70,70,49,49,49,28,28,28,28,52,52,52,52,52,52,74,74,74,74,74,74,74,74,74,74,69,69,69,76,66,66,65,65,82,82,82,82,63],"gold":72,"neow_bonus":"TWO_FIFTY_GOLD","is_prod":false,"is_daily":false,"chose_seed":false,"campfire_upgraded":6,"win_rate":0,"timestamp":1571711429,"path_taken":["M","?","$","M","M","R","?","E","T","?","E","M","R","?","R","BOSS","M","?","$","?","?","R","E","M","T","E","R","E","M","?","R","BOSS","M","$","?","?","M","E","M","E","T","M","M","E","?","?","R","BOSS","BOSS","R","$","E","BOSS"],"build_version":"2019-10-21","purchased_purges":4,"victory":true,"max_hp_per_floor":[62,62,62,62,62,62,67,67,81,81,81,81,81,81,81,81,81,81,81,81,81,81,81,81,81,81,81,81,81,81,81,81,81,81,81,81,81,81,81,81,81,81,81,81,81,81,88,88,88,88,88,88,88,88,88,88],"card_choices":[{"not_picked":["PathToVictory","CutThroughFate"],"picked":"BowlingBash","floor":1.0},{"not_picked":["Evaluate","Study"],"picked":"CutThroughFate","floor":4.0},{"not_picked":["Evaluate","CrushJoints"],"picked":"FearNoEvil","floor":5.0},{"not_picked":["InnerPeace","FlurryOfBlows"],"picked":"Devotion","floor":8.0},{"not_picked":["WaveOfTheHand","PathToVictory"],"picked":"Omniscience","floor":11.0},{"not_picked":["WreathOfFlame","CrushJoints"],"picked":"ThirdEye","floor":12.0},{"not_picked":["CrushJoints","Prostrate"],"picked":"Worship","floor":14.0},{"not_picked":["Devotion","DeusExMachina"],"picked":"Omniscience","floor":16.0},{"not_picked":["Halt","Indignation+1"],"picked":"SandsOfTime","floor":18.0},{"not_picked":["Evaluate","FlurryOfBlows","Halt"],"picked":"SKIP","floor":24.0},{"not_picked":["PathToVictory","TalkToTheHand"],"picked":"EmptyMind","floor":25.0},{"not_picked":["MasterReality","Crescendo"],"picked":"Wallop","floor":27.0},{"not_picked":["JustLucky","EmptyBody","Consecrate"],"picked":"SKIP","floor":29.0},{"not_picked":["ThirdEye","FlyingSleeves","Evaluate"],"picked":"SKIP","floor":30.0},{"not_picked":["JustLucky","FollowUp+1","SashWhip"],"picked":"SKIP","floor":31.0},{"not_picked":["Devotion","Blasphemy"],"picked":"Vault","floor":33.0},{"not_picked":["SignatureMove","Crescendo"],"picked":"ClearTheMind","floor":35.0},{"not_picked":["Sanctity","EmptyFist"],"picked":"CutThroughFate","floor":37.0},{"not_picked":["Prostrate+1","Crescendo","FollowUp+1"],"picked":"SKIP","floor":39.0},{"not_picked":["DeusExMachina","Evaluate"],"picked":"TalkToTheHand+1","floor":40.0},{"not_picked":["CarveReality+1","Crescendo+1","Weave"],"picked":"SKIP","floor":41.0},{"not_picked":["CarveReality+1","Crescendo+1","Weave"],"picked":"SKIP","floor":41.0},{"not_picked":["CarveReality+1","Crescendo+1","Weave"],"picked":"SKIP","floor":41.0},{"not_picked":["SignatureMove","Prostrate","Worship"],"picked":"SKIP","floor":42.0},{"not_picked":["ThirdEye","ClearTheMind"],"picked":"Evaluate+1","floor":44.0},{"not_picked":["PathToVictory","ThirdEye","BowlingBash+1"],"picked":"SKIP","floor":45},{"not_picked":["DeceiveReality","CutThroughFate","Evaluate+1"],"picked":"SKIP","floor":46},{"not_picked":["DeceiveReality","CutThroughFate","Evaluate+1"],"picked":"SKIP","floor":46},{"not_picked":["Forethought","Mind Blast"],"picked":"Dark Shackles","floor":48},{"not_picked":["SashWhip","PathToVictory"],"picked":"CutThroughFate+1","floor":55}],"player_experience":1681293,"relics_obtained":[{"floor":8.0,"key":"Calipers"},{"floor":9.0,"key":"Mango"},{"floor":11.0,"key":"Smiling Mask"},{"floor":21.0,"key":"Necronomicon"},{"floor":24.0,"key":"War Paint"},{"floor":26.0,"key":"Bottled Lightning"},{"floor":27.0,"key":"Thread and Needle"},{"floor":29.0,"key":"Pocketwatch"},{"floor":37.0,"key":"Ginger"},{"floor":40.0,"key":"Juzu Bracelet"},{"floor":42.0,"key":"Bag of Marbles"},{"floor":46,"key":"Torii"},{"floor":55,"key":"Lantern"}],"event_choices":[{"damage_healed":0.0,"max_hp_gain":0.0,"max_hp_loss":0.0,"gold_gain":0.0,"event_name":"The Cleric","player_choice":"Leave","floor":2.0,"gold_loss":0.0,"damage_taken":0.0},{"damage_healed":0.0,"max_hp_gain":5.0,"max_hp_loss":0.0,"gold_gain":0.0,"event_name":"Big Fish","player_choice":"Donut","floor":7.0,"gold_loss":0.0,"damage_taken":0.0},{"damage_healed":0.0,"max_hp_gain":0.0,"max_hp_loss":0.0,"gold_gain":0.0,"event_name":"The Woman in Blue","player_choice":"Bought 1 Potion","floor":10.0,"gold_loss":0.0,"damage_taken":0.0},{"damage_healed":0.0,"max_hp_gain":0.0,"max_hp_loss":0.0,"gold_gain":0.0,"event_name":"Ghosts","player_choice":"Ignored","floor":19.0,"gold_loss":0.0,"damage_taken":0.0},{"damage_healed":0.0,"max_hp_gain":0.0,"max_hp_loss":0.0,"gold_gain":0.0,"event_name":"Cursed Tome","player_choice":"Obtained Book","floor":21.0,"gold_loss":0.0,"damage_taken":21.0},{"damage_healed":0.0,"max_hp_gain":0.0,"max_hp_loss":0.0,"gold_gain":0.0,"event_name":"Drug Dealer","player_choice":"Inject Mutagens","floor":22.0,"gold_loss":0.0,"damage_taken":0.0,"relics_obtained":["MutagenicStrength"]},{"damage_healed":0.0,"max_hp_gain":0.0,"max_hp_loss":0.0,"gold_gain":0.0,"event_name":"Mysterious Sphere","player_choice":"Fight","floor":37.0,"gold_loss":0.0,"damage_taken":0.0},{"cards_removed":["Defend_P"],"damage_healed":0.0,"max_hp_gain":0.0,"max_hp_loss":0.0,"gold_gain":0.0,"event_name":"Falling","player_choice":"Removed Skill","floor":38.0,"gold_loss":0.0,"damage_taken":0.0},{"damage_healed":0,"gold_gain":0,"player_choice":"Memory 3","damage_taken":10,"max_hp_gain":0,"max_hp_loss":0,"event_name":"SensoryStone","floor":48,"gold_loss":0}],"is_beta":true,"boss_relics":[{"not_picked":["Velvet Choker","Busted Crown"],"picked":"VioletLotus"},{"not_picked":["Cursed Key","Sozu"],"picked":"Astrolabe"}],"items_purged_floors":[20,36,47,54],"is_endless":false,"potions_floor_spawned":[4,5,8,11,12,18,24,25,30,39,42,44,45],"ascension_level":20}