{"gold_per_floor":[116,116,9,25,45,77,77,77,77,77,94,112,112,125,125,220,220,239,44,44],"floor_reached":20,"playtime":696,"items_purged":[],"score":191,"play_id":"f8d2d903-1568-4a80-806d-64c5704f0ed1","local_time":"20190907115100","is_ascension_mode":true,"campfire_choices":[{"floor":7,"key":"RECALL"},{"floor":10,"key":"REST"},{"floor":13,"key":"REST"},{"floor":15,"key":"REST"}],"neow_cost":"NONE","seed_source_timestamp":25225872110746,"circlet_count":0,"master_deck":["Strike_R","Strike_R","Strike_R","Strike_R","Strike_R","Defend_R","Defend_R","Defend_R+1","Defend_R","Bash+1","Flex","Flame Barrier","Dropkick","Heavy Blade","Combust","Uppercut","Good Instincts","Anger","Heavy Blade","Shrug It Off","Demon Form","Wild Strike","Intimidate"],"relics":["Burning Blood","Peace Pipe","WingedGreaves","Eternal Feather","Red Skull"],"potions_floor_usage":[16,16,16,18],"damage_taken":[{"damage":8,"enemies":"Jaw Worm","floor":1,"turns":4},{"damage":6,"enemies":"Cultist","floor":4,"turns":3},{"damage":4,"enemies":"2 Louse","floor":5,"turns":3},{"damage":54,"enemies":"3 Sentries","floor":6,"turns":7},{"damage":3,"enemies":"Blue Slaver","floor":11,"turns":4},{"damage":10,"enemies":"Looter","floor":12,"turns":3},{"damage":1,"enemies":"Exordium Wildlife","floor":14,"turns":3},{"damage":26,"enemies":"Slime Boss","floor":16,"turns":10},{"damage":45,"enemies":"Shell Parasite","floor":18,"turns":7},{"damage":58,"enemies":"3 Byrds","floor":20,"turns":4}],"seed_played":"-6585141912859397586","potions_obtained":[{"floor":5,"key":"AttackPotion"},{"floor":6,"key":"Dexterity Potion"},{"floor":12,"key":"FearPotion"},{"floor":14,"key":"Fruit Juice"},{"floor":16,"key":"Regen Potion"}],"is_trial":false,"path_per_floor":["M","?","$","M","M","E","R","?","T","R","M","M","R","M","R","B",null,"M","$","M"],"character_chosen":"IRONCLAD","items_purchased":["Flame Barrier","Dropkick","Red Skull","Intimidate"],"campfire_rested":3,"item_purchase_floors":[3,3,19,19],"current_hp_per_floor":[78,62,62,62,64,16,16,16,16,40,43,39,63,68,80,65,85,58,58,0],"gold":44,"neow_bonus":"RANDOM_COLORLESS","is_prod":false,"is_daily":false,"chose_seed":false,"campfire_upgraded":0,"win_rate":0,"timestamp":1567867860,"path_taken":["M","?","$","M","M","E","R","?","T","R","M","M","R","M","R","BOSS","M","$","?"],"build_version":"2019-07-17","purchased_purges":0,"victory":false,"max_hp_per_floor":[80,80,80,80,80,80,80,80,80,80,80,80,80,80,80,85,85,85,85,85],"card_choices":[{"not_picked":["Blood for Blood","True Grit"],"picked":"Flex","floor":1},{"not_picked":["Whirlwind","Second Wind"],"picked":"Heavy Blade","floor":4},{"not_picked":["Clash","Shrug It Off"],"picked":"Combust","floor":5},{"not_picked":["Body Slam","Clash"],"picked":"Uppercut","floor":6},{"not_picked":["Ghostly Armor","Limit Break"],"picked":"Anger","floor":11},{"not_picked":["Iron Wave","Dropkick"],"picked":"Heavy Blade","floor":12},{"not_picked":["Armaments","Clothesline"],"picked":"Shrug It Off","floor":14},{"not_picked":["Dark Embrace","Impervious"],"picked":"Demon Form","floor":16},{"not_picked":["Clash","Anger+1"],"picked":"Wild Strike","floor":18}],"player_experience":390948,"relics_obtained":[{"floor":6,"key":"Peace Pipe"},{"floor":9,"key":"WingedGreaves"}],"event_choices":[{"damage_healed":0,"gold_gain":0,"player_choice":"Entered Light","damage_taken":16,"max_hp_gain":0,"max_hp_loss":0,"event_name":"Shining Light","floor":2,"gold_loss":0,"cards_upgraded":["Bash","Defend_R"]},{"damage_healed":0,"gold_gain":0,"cards_transformed":["Impatience"],"player_choice":"Transformed","damage_taken":0,"max_hp_gain":0,"max_hp_loss":0,"event_name":"Transmorgrifier","floor":8,"gold_loss":0,"cards_obtained":["Good Instincts"]}],"is_beta":false,"boss_relics":[{"not_picked":["Runic Cube","Runic Dome"],"picked":"Eternal Feather"}],"items_purged_floors":[],"is_endless":false,"potions_floor_spawned":[5,6,12,14,16],"killed_by":"3 Byrds","ascension_level":2}