{"gold_per_floor":[110,110,121,121,136,153,153,188,188,188,67,99,116,130,130,206,206,206,206,64,64,14,14,14,14,14,14,14,14,14,14,14,14,14,14,14,14,14,14,14,0,0,0,0,0,0,0,0,0,0],"floor_reached":51,"playtime":5659,"items_purged":["Strike_P"],"score":1177,"play_id":"c77c9951-06aa-41c9-a853-e529ed8cbd00","local_time":"20190916192913","is_ascension_mode":true,"campfire_choices":[{"data":"TalkToTheHand","floor":7.0,"key":"SMITH"},{"data":"Eruption","floor":10.0,"key":"SMITH"},{"data":"Crescendo","floor":15,"key":"SMITH"},{"floor":25,"key":"REST"},{"floor":32,"key":"REST"},{"floor":40,"key":"REST"},{"data":"Adaptation","floor":45,"key":"SMITH"},{"floor":49,"key":"REST"}],"neow_cost":"NONE","seed_source_timestamp":0,"circlet_count":0,"master_deck":["AscendersBane","Strike_P+1","Strike_P+1","Strike_P+1","Defend_P+1","Defend_P+1","Defend_P+1","Eruption+1","Vigilance+1","FollowUp+1","TalkToTheHand+1","ThirdEye","CarveReality+1","BowlingBash+1","LessonLearned+1","Crescendo+1","CrushJoints+1","Blasphemy+1","FearNoEvil+1","CarveReality+1","EmptyBody+1","FlyingSleeves+1","TalkToTheHand+1","ThirdEye+1","DeceiveReality+1","Vault+1","DevaForm+1","TalkToTheHand+1","Parasite","Adaptation+1","WindmillStrike+1","Wireheading"],"special_seed":0,"relics":["PureWater","Orichalcum","Lizard Tail","Molten Egg 2","Blue Candle","Ectoplasm","MutagenicStrength","Letter Opener","Sundial","Snecko Eye","StoneCalendar","Red Mask","Nunchaku"],"potions_floor_usage":[16,18,24,50],"damage_taken":[{"damage":0.0,"enemies":"Cultist","floor":1.0,"turns":3.0},{"damage":8.0,"enemies":"2 Louse","floor":3.0,"turns":2.0},{"damage":1.0,"enemies":"Small Slimes","floor":5.0,"turns":3.0},{"damage":0.0,"enemies":"2 Fungi Beasts","floor":6.0,"turns":3.0},{"damage":12.0,"enemies":"Gremlin Nob","floor":8.0,"turns":4.0},{"damage":2.0,"enemies":"3 Sentries","floor":12.0,"turns":5.0},{"damage":10,"enemies":"Lots of Slimes","floor":13,"turns":3},{"damage":0,"enemies":"3 Louse","floor":14,"turns":3},{"damage":14,"enemies":"Hexaghost","floor":16,"turns":6},{"damage":9,"enemies":"Shell Parasite","floor":18,"turns":3},{"damage":0,"enemies":"3 Byrds","floor":21,"turns":3},{"damage":30,"enemies":"Book of Stabbing","floor":23,"turns":4},{"damage":0,"enemies":"Snecko","floor":24,"turns":3},{"damage":0,"enemies":"Centurion and Healer","floor":27,"turns":3},{"damage":0,"enemies":"Cultist and Chosen","floor":29,"turns":3},{"damage":5,"enemies":"Sentry and Sphere","floor":31,"turns":4},{"damage":100026,"enemies":"Automaton","floor":33,"turns":10},{"damage":0,"enemies":"Orb Walker","floor":35,"turns":2},{"damage":0,"enemies":"3 Darklings","floor":36,"turns":3},{"damage":0,"enemies":"Sphere and 2 Shapes","floor":38,"turns":3},{"damage":3,"enemies":"2 Orb Walkers","floor":39,"turns":3},{"damage":0,"enemies":"Writhing Mass","floor":42,"turns":4},{"damage":14,"enemies":"4 Shapes","floor":44,"turns":3},{"damage":0,"enemies":"Jaw Worm Horde","floor":46,"turns":2},{"damage":0,"enemies":"Transient","floor":47,"turns":5},{"damage":10,"enemies":"Time Eater","floor":50,"turns":10}],"seed_played":"7446350991918903889","potions_obtained":[{"floor":1.0,"key":"Fire Potion"},{"floor":3.0,"key":"PowerPotion"},{"floor":8.0,"key":"Swift Potion"},{"floor":18,"key":"Fire Potion"},{"floor":23,"key":"Fruit Juice"},{"floor":24,"key":"Explosive Potion"},{"floor":35,"key":"Block Potion"},{"floor":46,"key":"LiquidBronze"}],"is_trial":false,"path_per_floor":["M","?","M","?","M","M","R","E","T","R","$","E","M","M","R","B",null,"M","?","$","M","?","E","M","R","T","M","?","M","?","M","R","B",null,"M","M","?","M","?","R","?","M","T","M","R","M","M","?","R","B",null],"character_chosen":"WATCHER","items_purchased":["CarveReality+1","BowlingBash+1","CarveReality+1"],"campfire_rested":4,"item_purchase_floors":[11,11,20],"current_hp_per_floor":[55,55,47,43,42,42,42,30,30,30,30,28,18,18,18,4,47,38,38,38,38,38,8,13,32,32,32,14,14,14,9,30,35,62,62,62,62,62,59,71,71,71,71,57,57,57,57,57,71,61],"gold":0,"neow_bonus":"RANDOM_COMMON_RELIC","is_prod":false,"is_daily":false,"chose_seed":false,"campfire_upgraded":4,"win_rate":0,"timestamp":1568618953,"path_taken":["M","?","M","?","?","M","R","E","T","R","?","E","M","M","R","BOSS","M","?","$","M","?","E","?","R","T","M","?","M","?","M","R","BOSS","M","M","?","M","?","R","?","?","T","?","R","M","M","?","R","BOSS"],"build_version":"2019-09-12","purchased_purges":1,"victory":true,"max_hp_per_floor":[61,61,61,61,61,61,61,61,61,61,61,61,61,61,61,61,61,61,61,61,61,61,61,66,66,66,66,71,71,71,71,71,71,71,71,71,71,71,71,71,71,71,71,71,71,71,71,71,71,71],"card_choices":[{"not_picked":["Fasting","Clarity","ThirdEye"],"picked":"SKIP","floor":1.0},{"not_picked":["Fasting","Vengeance","Evaluate"],"picked":"SKIP","floor":3.0},{"not_picked":["MentalFortress","Swivel"],"picked":"FollowUp","floor":5.0},{"not_picked":["Sanctity","MentalFortress"],"picked":"TalkToTheHand","floor":6.0},{"not_picked":["Weave","InnerPeace"],"picked":"ThirdEye","floor":8.0},{"not_picked":["ClearTheMind","EmptyFist+1"],"picked":"LessonLearned+1","floor":12.0},{"not_picked":["Halt","Wireheading"],"picked":"Crescendo","floor":13},{"not_picked":["Protect","Weave+1"],"picked":"CrushJoints+1","floor":14},{"not_picked":["Wallop+1","Metaphysics"],"picked":"Blasphemy","floor":16},{"not_picked":["FollowUp+1","Evaluate"],"picked":"FearNoEvil+1","floor":18},{"not_picked":["CrushJoints+1","Sanctity"],"picked":"EmptyBody","floor":21},{"not_picked":["Tantrum+1","Consecrate+1"],"picked":"FlyingSleeves+1","floor":23},{"not_picked":["BowlingBash+1","FlyingSleeves+1"],"picked":"TalkToTheHand+1","floor":24},{"not_picked":["Halt","Weave+1"],"picked":"ThirdEye","floor":27},{"not_picked":["FlyingSleeves+1","Halt"],"picked":"DeceiveReality","floor":29},{"not_picked":["ForeignInfluence","SpiritShield"],"picked":"Vault+1","floor":31},{"not_picked":["Wallop+1","Judgement"],"picked":"DevaForm","floor":33},{"not_picked":["Crescendo","EmptyBody+1"],"picked":"TalkToTheHand+1","floor":35},{"not_picked":["EmptyFist+1","Scrawl","Sanctity"],"picked":"SKIP","floor":36},{"not_picked":["CrushJoints+1","Weave+1","Swivel"],"picked":"SKIP","floor":38},{"not_picked":["EmptyFist+1","Weave+1","FlyingSleeves+1"],"picked":"SKIP","floor":42},{"not_picked":["CutThroughFate+1","Prostrate"],"picked":"Adaptation","floor":44},{"not_picked":["BowlingBash+1","CutThroughFate+1"],"picked":"WindmillStrike+1","floor":46},{"not_picked":["EmptyFist+1","ReachHeaven+1"],"picked":"Wireheading","floor":47}],"player_experience":1109535,"relics_obtained":[{"floor":8.0,"key":"Lizard Tail"},{"floor":9.0,"key":"Molten Egg 2"},{"floor":12.0,"key":"Blue Candle"},{"floor":23,"key":"Letter Opener"},{"floor":26,"key":"Sundial"},{"floor":39,"key":"StoneCalendar"},{"floor":43,"key":"Nunchaku"}],"event_choices":[{"damage_healed":0.0,"max_hp_gain":0.0,"max_hp_loss":0.0,"gold_gain":0.0,"event_name":"Liars Game","player_choice":"Ignored","floor":2.0,"gold_loss":0.0,"damage_taken":0.0},{"damage_healed":0.0,"max_hp_gain":0.0,"max_hp_loss":0.0,"gold_gain":0.0,"event_name":"The Woman in Blue","player_choice":"Bought 0 Potions","floor":4.0,"gold_loss":0.0,"damage_taken":0.0},{"damage_healed":0,"gold_gain":0,"player_choice":"Inject Mutagens","damage_taken":0,"relics_obtained":["MutagenicStrength"],"max_hp_gain":0,"max_hp_loss":0,"event_name":"Drug Dealer","floor":19,"gold_loss":0},{"damage_healed":0,"gold_gain":0,"player_choice":"Bet on Owner","damage_taken":0,"max_hp_gain":0,"max_hp_loss":0,"event_name":"The Joust","floor":22,"gold_loss":50},{"damage_healed":0,"gold_gain":0,"player_choice":"Shed Blood","damage_taken":23,"max_hp_gain":5,"max_hp_loss":0,"event_name":"Forgotten Altar","floor":28,"gold_loss":0},{"damage_healed":0,"gold_gain":0,"player_choice":"Ignored","damage_taken":0,"max_hp_gain":0,"max_hp_loss":0,"event_name":"Vampires","floor":30,"gold_loss":0},{"cards_removed":["Defend_P"],"damage_healed":0,"gold_gain":0,"player_choice":"Removed Skill","damage_taken":0,"max_hp_gain":0,"max_hp_loss":0,"event_name":"Falling","floor":37,"gold_loss":0},{"damage_healed":0,"gold_gain":0,"player_choice":"Fight","damage_taken":0,"max_hp_gain":0,"max_hp_loss":0,"event_name":"Mysterious Sphere","floor":39,"gold_loss":0},{"damage_healed":0,"gold_gain":0,"player_choice":"Paid","damage_taken":0,"relics_obtained":["Red Mask"],"max_hp_gain":0,"max_hp_loss":0,"event_name":"Tomb of Lord Red Mask","floor":41,"gold_loss":14},{"damage_healed":0,"gold_gain":50,"player_choice":"Pray","damage_taken":0,"max_hp_gain":0,"max_hp_loss":0,"event_name":"Golden Shrine","floor":48,"gold_loss":0}],"is_beta":true,"boss_relics":[{"not_picked":["Busted Crown","Velvet Choker"],"picked":"Ectoplasm"},{"not_picked":["SacredBark","Runic Dome"],"picked":"Snecko Eye"}],"items_purged_floors":[20],"is_endless":false,"potions_floor_spawned":[1,3,8,13,18,23,24,35,38,46],"ascension_level":15}