{"gold_per_floor":[113,113,113,130,146,174,194,222,297,297,25,25,42,76,76,173,173,193,204,11,11,30,30,49,49,49,49,62,92,102,115,115,217,217,235,160,160,173,187,187,518,518,518,518,518,547,595,629,629,629],"floor_reached":51,"playtime":11180,"items_purged":["Strike_R"],"score":1043,"play_id":"918dbaf4-420b-4c36-b1f8-46e336379214","local_time":"20180717232235","is_ascension_mode":true,"campfire_choices":[{"floor":10,"key":"REST"},{"floor":12,"key":"REST"},{"floor":15,"key":"REST"},{"floor":23,"key":"REST"},{"data":"Double Tap","floor":25,"key":"SMITH"},{"data":"Rupture","floor":27,"key":"SMITH"},{"floor":32,"key":"REST"},{"data":"Offering","floor":40,"key":"SMITH"},{"data":"Offering","floor":42,"key":"SMITH"},{"floor":44,"key":"REST"},{"floor":49,"key":"REST"}],"neow_cost":"","seed_source_timestamp":0,"circlet_count":0,"master_deck":["Strike_R","Strike_R","Strike_R","Strike_R","Defend_R","Defend_R","Defend_R+1","Defend_R+1","Bash","Double Tap+1","Combust","Flex","Power Through","Burning Pact","True Grit","Rupture+1","Cleave+1","Heavy Blade+1","Shrug It Off","Offering+1","Anger+1","Corruption+1","Master of Strategy","RitualDagger+1","Uppercut+1","Flex","Blood for Blood+1","Body Slam+1","Offering+1","Feel No Pain+1","Bandage Up","Dramatic Entrance+1","Headbutt+1"],"special_seed":0,"relics":["Burning Blood","Dead Branch","Unceasing Top","Ornamental Fan","Molten Egg 2","Happy Flower","Busted Crown","Toolbox","Bag of Preparation","Mark of Pain","Old Coin","Paper Frog","Boot","Charon\u0027s Ashes","Bird Faced Urn"],"potions_floor_usage":[8,50],"damage_taken":[{"damage":0.0,"enemies":"2 Louse","floor":1.0,"turns":3.0},{"damage":5.0,"enemies":"Small Slimes","floor":4.0,"turns":4.0},{"damage":2.0,"enemies":"Jaw Worm","floor":5.0,"turns":3.0},{"damage":30.0,"enemies":"Lagavulin","floor":6.0,"turns":10.0},{"damage":15,"enemies":"Exordium Thugs","floor":7,"turns":6},{"damage":32,"enemies":"Gremlin Nob","floor":8,"turns":5},{"damage":13,"enemies":"Looter","floor":13,"turns":4},{"damage":11,"enemies":"Lagavulin","floor":14,"turns":5},{"damage":56,"enemies":"Hexaghost","floor":16,"turns":9},{"damage":12,"enemies":"Spheric Guardian","floor":18,"turns":3},{"damage":10,"enemies":"Chosen","floor":19,"turns":4},{"damage":22,"enemies":"Snake Plant","floor":22,"turns":4},{"damage":6,"enemies":"Snecko","floor":24,"turns":3},{"damage":31,"enemies":"Slaver and Parasite","floor":28,"turns":2},{"damage":8,"enemies":"Book of Stabbing","floor":29,"turns":2},{"damage":6,"enemies":"3 Cultists","floor":30,"turns":5},{"damage":21,"enemies":"Snake Plant","floor":31,"turns":3},{"damage":12,"enemies":"Collector","floor":33,"turns":3},{"damage":4,"enemies":"Orb Walker","floor":35,"turns":2},{"damage":7,"enemies":"3 Darklings","floor":38,"turns":2},{"damage":20,"enemies":"4 Shapes","floor":39,"turns":3},{"damage":5,"enemies":"2 Orb Walkers","floor":41,"turns":2},{"damage":14,"enemies":"Nemesis","floor":46,"turns":3},{"damage":29,"floor":47,"turns":4},{"damage":5,"enemies":"Giant Head","floor":48,"turns":3},{"damage":30,"enemies":"Time Eater","floor":50,"turns":7}],"seed_played":"1752924321197086455","potions_obtained":[{"floor":1.0,"key":"BloodPotion"},{"floor":14,"key":"SpeedPotion"},{"floor":16,"key":"FairyPotion"},{"floor":18,"key":"FearPotion"},{"floor":28,"key":"EssenceOfSteel"}],"is_trial":false,"path_per_floor":["M","?","?","M","M","E","M","E","T","R","$","R","M","E","R","B",null,"M","M","$","?","M","R","M","R","T","R","M","E","M","M","R","B",null,"M","$","?","M","M","R","E","R","T","R","?","E","?","E","R","B"],"character_chosen":"IRONCLAD","items_purchased":["Molten Egg 2","Cleave","Master of Strategy"],"campfire_rested":7,"item_purchase_floors":[11,11,20],"current_hp_per_floor":[80,80,64,65,69,45,36,18,18,42,42,66,59,54,78,28,80,74,70,70,64,48,72,78,78,78,78,53,51,59,44,68,66,80,80,80,80,79,65,65,66,66,66,80,75,71,52,56,80,71],"gold":629,"neow_bonus":"","is_prod":false,"is_daily":false,"chose_seed":false,"campfire_upgraded":4,"win_rate":0,"timestamp":1531884155,"path_taken":["M","?","?","?","M","E","M","E","T","R","$","R","M","E","R","BOSS","M","M","$","?","M","R","M","R","T","R","M","E","M","M","R","BOSS","M","$","?","?","M","R","E","R","T","R","?","E","?","E","R","BOSS"],"build_version":"2018-06-21v2","purchased_purges":1,"victory":true,"max_hp_per_floor":[80,80,80,80,80,80,80,80,80,80,80,80,80,80,80,80,80,80,80,80,80,80,80,80,80,80,80,80,80,80,80,80,80,80,80,80,80,80,80,80,80,80,80,80,80,80,80,83,83,83],"card_choices":[{"not_picked":["Sentinel","Twin Strike"],"picked":"Combust","floor":1.0},{"not_picked":["Twin Strike","Wild Strike"],"picked":"Flex","floor":4.0},{"not_picked":["Heavy Blade","Rampage"],"picked":"Power Through","floor":5.0},{"not_picked":["Sword Boomerang","Body Slam"],"picked":"Burning Pact","floor":6.0},{"not_picked":["Havoc","Iron Wave"],"picked":"True Grit","floor":7},{"not_picked":["Infernal Blade","Bludgeon"],"picked":"Rupture","floor":8},{"not_picked":["Carnage+1","Warcry"],"picked":"Heavy Blade+1","floor":13},{"not_picked":["Warcry","Sentinel"],"picked":"Shrug It Off","floor":14},{"not_picked":["Bludgeon+1","Berserk"],"picked":"Offering","floor":16},{"not_picked":[],"picked":"Anger+1","floor":18},{"not_picked":[],"picked":"Corruption+1","floor":19},{"not_picked":["Clothesline+1"],"picked":"SKIP","floor":22},{"not_picked":[],"picked":"Uppercut+1","floor":24},{"not_picked":["Wild Strike+1"],"picked":"SKIP","floor":28},{"not_picked":[],"picked":"Flex","floor":29},{"not_picked":[],"picked":"Blood for Blood+1","floor":30},{"not_picked":[],"picked":"Body Slam+1","floor":31},{"not_picked":[],"picked":"Offering","floor":33},{"not_picked":["Clothesline+1"],"picked":"SKIP","floor":35},{"not_picked":[],"picked":"Feel No Pain+1","floor":38},{"not_picked":["Carnage+1"],"picked":"SKIP","floor":39},{"not_picked":[],"picked":"Bandage Up","floor":45},{"not_picked":[],"picked":"Dramatic Entrance+1","floor":45},{"not_picked":[],"picked":"Headbutt+1","floor":46},{"not_picked":["Heavy Blade+1"],"picked":"SKIP","floor":48}],"player_experience":1299268,"relics_obtained":[{"floor":6.0,"key":"Dead Branch"},{"floor":8,"key":"Unceasing Top"},{"floor":9,"key":"Ornamental Fan"},{"floor":14,"key":"Happy Flower"},{"floor":26,"key":"Toolbox"},{"floor":29,"key":"Bag of Preparation"},{"floor":41,"key":"Old Coin"},{"floor":43,"key":"Paper Frog"},{"floor":46,"key":"Boot"},{"floor":47,"key":"Charon\u0027s Ashes"},{"floor":48,"key":"Bird Faced Urn"}],"event_choices":[{"event_name":"Liars Game","player_choice":"disagreed","floor":2.0,"damage_taken":0.0},{"event_name":"Shining Light","player_choice":"Entered Light","floor":3.0,"damage_taken":0.0},{"event_name":"Nest","player_choice":"Joined the Cult","floor":21,"damage_taken":0},{"event_name":"Tomb of Lord Red Mask","player_choice":"Ignored","floor":37,"damage_taken":0},{"event_name":"SensoryStone","player_choice":"Memory 2","floor":45,"damage_taken":0},{"event_name":"Mysterious Sphere","player_choice":"Fight","floor":47,"damage_taken":0}],"boss_relics":[{"not_picked":["Orrery","Eternal Feather"],"picked":"Busted Crown"},{"not_picked":["Black Star","White Beast Statue"],"picked":"Mark of Pain"}],"items_purged_floors":[36],"is_endless":false,"potions_floor_spawned":[1,14,16,18,28,29,39,41,46,48],"ascension_level":2}