{"gold_per_floor":[144,189,24,69,114,114,204,249,249,294,294,294,339,384,384,684,684,729,774,819,864,909,909,143,143,143,188,233,278,303,348,348,648,648,693,108,153,4,4,49,94,94,169,214,40,85,130,130,130,130],"floor_reached":51,"playtime":3601,"items_purged":["Defend_G","Strike_G","Strike_G","Strike_G"],"score":763,"play_id":"8fcaf64b-d019-4b98-8133-d5e0afd88c6a","local_time":"20181104185000","daily_mods":["Specialized","Vintage","Midas"],"is_ascension_mode":false,"campfire_choices":[{"floor":6,"key":"REST"},{"floor":11,"key":"REST"},{"floor":15,"key":"REST"},{"floor":23,"key":"REST"},{"floor":25,"key":"REST"},{"floor":32,"key":"REST"},{"floor":42,"key":"REST"},{"floor":49,"key":"REST"}],"neow_cost":"","seed_source_timestamp":0,"circlet_count":0,"master_deck":["Defend_G","Defend_G","Defend_G","Strike_G","Strike_G","Survivor","Neutralize","Cloak And Dagger+1","Cloak And Dagger","Cloak And Dagger","Cloak And Dagger+1","Cloak And Dagger","Panache","After Image","Envenom+1","Flechettes+1","Bane","Finesse","A Thousand Cuts","Slice","Infinite Blades","Deadly Poison","Dagger Throw","Prepared","Riddle With Holes+1","Underhanded Strike","Blind","Backstab"],"special_seed":17839,"relics":["Ring of the Snake","Vajra","Pocketwatch","Happy Flower","Question Card","Paper Crane","Prayer Wheel","Bottled Lightning","Tingsha","Regal Pillow","Darkstone Periapt","Lizard Tail","Sundial","Smiling Mask","Bag of Preparation","Thread and Needle","Oddly Smooth Stone","Sling","Bag of Marbles","Centennial Puzzle","Dodecahedron","Orichalcum","Bronze Scales","Blue Candle","War Paint","Shuriken","Busted Crown","Kunai","Nunchaku","The Specimen","Whetstone","Matryoshka","Snake Skull","Bottled Tornado","Meat on the Bone","Ninja Scroll","Pen Nib","Letter Opener","Pantograph"],"potions_floor_usage":[7,7,18,19,19,21,28,50,50,50,50],"damage_taken":[{"damage":1,"enemies":"Jaw Worm","floor":1,"turns":6},{"damage":1,"enemies":"Cultist","floor":2,"turns":3},{"damage":0,"enemies":"Small Slimes","floor":4,"turns":3},{"damage":5,"enemies":"Exordium Thugs","floor":5,"turns":5},{"damage":26,"enemies":"Gremlin Nob","floor":7,"turns":5},{"damage":0,"enemies":"Blue Slaver","floor":8,"turns":3},{"damage":0,"enemies":"2 Fungi Beasts","floor":10,"turns":4},{"damage":0,"enemies":"Exordium Wildlife","floor":13,"turns":2},{"damage":0,"enemies":"Large Slime","floor":14,"turns":5},{"damage":23,"enemies":"Slime Boss","floor":16,"turns":14},{"damage":0,"enemies":"3 Byrds","floor":18,"turns":3},{"damage":4,"enemies":"2 Thieves","floor":19,"turns":4},{"damage":20,"enemies":"Snecko","floor":20,"turns":9},{"damage":11,"enemies":"Centurion and Healer","floor":21,"turns":10},{"damage":6,"enemies":"Snake Plant","floor":22,"turns":6},{"damage":0,"enemies":"3 Cultists","floor":27,"turns":5},{"damage":0,"enemies":"Snecko","floor":28,"turns":4},{"damage":1,"enemies":"Chosen and Byrds","floor":29,"turns":4},{"damage":0,"enemies":"Centurion and Healer","floor":31,"turns":4},{"damage":0,"enemies":"Champ","floor":33,"turns":8},{"damage":0,"enemies":"Orb Walker","floor":35,"turns":3},{"damage":0,"enemies":"3 Shapes","floor":37,"turns":2},{"damage":0,"enemies":"Sphere and 2 Shapes","floor":40,"turns":3},{"damage":5,"enemies":"Writhing Mass","floor":41,"turns":4},{"damage":0,"enemies":"4 Shapes","floor":44,"turns":3},{"damage":3,"enemies":"Sphere and 2 Shapes","floor":46,"turns":4},{"damage":0,"enemies":"Spire Growth","floor":47,"turns":3},{"damage":20,"enemies":"Awakened One","floor":50,"turns":7}],"seed_played":"-2369398875627800595","potions_obtained":[{"floor":1,"key":"Regen Potion"},{"floor":4,"key":"SpeedPotion"},{"floor":13,"key":"Dexterity Potion"},{"floor":14,"key":"LiquidBronze"},{"floor":16,"key":"Dexterity Potion"},{"floor":18,"key":"Explosive Potion"},{"floor":19,"key":"Swift Potion"},{"floor":27,"key":"Poison Potion"},{"floor":37,"key":"SmokeBomb"},{"floor":40,"key":"Weak Potion"},{"floor":41,"key":"FearPotion"},{"floor":46,"key":"EntropicBrew"}],"is_trial":false,"path_per_floor":["M","M","$","M","M","R","E","M","T","M","R","?","M","M","R","B",null,"M","M","M","M","M","R","$","R","T","M","M","M","T","M","R","B",null,"M","$","M","$","?","M","M","R","T","M","$","M","M","T","R","B",null],"character_chosen":"THE_SILENT","items_purchased":["Panache","Flechettes","Bane","Finesse","Sling","Bag of Marbles","Centennial Puzzle","Nunchaku","Slice","Infinite Blades","Deadly Poison","Dagger Throw","Prepared","Riddle With Holes","Underhanded Strike","Blind","Backstab"],"campfire_rested":8,"item_purchase_floors":[3,24,24,24,24,24,24,36,36,36,36,36,36,38,38,45,45],"current_hp_per_floor":[69,68,68,68,63,70,50,50,50,50,70,70,70,70,70,47,70,70,66,46,35,29,65,65,70,70,70,70,69,69,69,70,70,70,70,70,70,70,70,70,65,70,70,70,70,67,67,67,70,50],"gold":130,"neow_bonus":"","is_prod":false,"is_daily":true,"chose_seed":false,"campfire_upgraded":0,"win_rate":0,"timestamp":1541375400,"path_taken":["M","M","$","M","M","R","E","M","T","M","R","?","M","M","R","BOSS","M","M","?","M","M","R","$","R","T","M","?","M","?","M","R","BOSS","M","$","M","?","?","M","M","R","T","?","$","M","M","?","R","BOSS"],"build_version":"2018-11-01","purchased_purges":4,"victory":true,"max_hp_per_floor":[70,70,70,70,70,70,70,70,70,70,70,70,70,70,70,70,70,70,70,70,70,70,70,70,70,70,70,70,70,70,70,70,70,70,70,70,70,70,70,70,70,70,70,70,70,70,70,70,70,70],"card_choices":[{"not_picked":["PiercingWail","Blur","Dash"],"picked":"After Image","floor":7},{"not_picked":["Grand Finale","Unload","Glass Knife"],"picked":"Envenom","floor":16},{"not_picked":["Adrenaline","Unload","Venomology"],"picked":"A Thousand Cuts","floor":33}],"player_experience":1918996,"relics_obtained":[{"floor":1,"key":"Vajra"},{"floor":2,"key":"Pocketwatch"},{"floor":4,"key":"Happy Flower"},{"floor":5,"key":"Question Card"},{"floor":7,"key":"Paper Crane"},{"floor":8,"key":"Prayer Wheel"},{"floor":9,"key":"Bottled Lightning"},{"floor":10,"key":"Tingsha"},{"floor":13,"key":"Regal Pillow"},{"floor":14,"key":"Darkstone Periapt"},{"floor":18,"key":"Sundial"},{"floor":19,"key":"Smiling Mask"},{"floor":20,"key":"Bag of Preparation"},{"floor":21,"key":"Thread and Needle"},{"floor":22,"key":"Oddly Smooth Stone"},{"floor":26,"key":"Dodecahedron"},{"floor":27,"key":"Orichalcum"},{"floor":28,"key":"Bronze Scales"},{"floor":29,"key":"Blue Candle"},{"floor":30,"key":"War Paint"},{"floor":31,"key":"Shuriken"},{"floor":35,"key":"Kunai"},{"floor":37,"key":"The Specimen"},{"floor":40,"key":"Whetstone"},{"floor":41,"key":"Matryoshka"},{"floor":43,"key":"Snake Skull"},{"floor":43,"key":"Bottled Tornado"},{"floor":44,"key":"Meat on the Bone"},{"floor":46,"key":"Ninja Scroll"},{"floor":47,"key":"Pen Nib"},{"floor":48,"key":"Letter Opener"},{"floor":48,"key":"Pantograph"}],"event_choices":[{"cards_removed":["Defend_G"],"damage_healed":0,"gold_gain":0,"player_choice":"Offered Basic","damage_taken":0,"max_hp_gain":0,"max_hp_loss":0,"event_name":"Bonfire Elementals","floor":12,"gold_loss":0},{"damage_healed":0,"gold_gain":0,"player_choice":"Forge","damage_taken":0,"max_hp_gain":0,"max_hp_loss":0,"event_name":"Accursed Blacksmith","floor":39,"gold_loss":0,"cards_upgraded":["Envenom"]}],"is_beta":false,"boss_relics":[{"not_picked":["Velvet Choker","Tiny House"],"picked":"Lizard Tail"},{"not_picked":["White Beast Statue","Philosopher\u0027s Stone"],"picked":"Busted Crown"}],"items_purged_floors":[24,36,38,45],"is_endless":false,"potions_floor_spawned":[1,4,13,14,16,18,19,27,37,40,41,46],"ascension_level":0}