{"gold_per_floor":[113,130,39,51,66,66,82,108,108,108,283,358,384,394,394,394],"floor_reached":16,"playtime":535,"items_purged":[],"score":123,"play_id":"5f47ab65-eeef-4517-8a8c-86c883e70112","local_time":"20190913185942","is_ascension_mode":true,"campfire_choices":[{"floor":6,"key":"RECALL"},{"floor":10,"key":"REST"},{"floor":15,"key":"REST"}],"neow_cost":"NONE","seed_source_timestamp":226221741763118,"circlet_count":0,"master_deck":["Strike_R","Strike_R","Strike_R","Strike_R","Strike_R","Defend_R","Defend_R","Defend_R","Defend_R","Bash","Thunderclap","Heavy Blade","Shrug It Off","Evolve","Perfected Strike","Thunderclap","Spot Weakness","Heavy Blade","Doubt","Reckless Charge","Shrug It Off"],"relics":["Burning Blood","Centennial Puzzle","Kunai","White Beast Statue","Nunchaku"],"potions_floor_usage":[13,13,14,16,16],"damage_taken":[{"damage":5,"enemies":"Cultist","floor":1,"turns":5},{"damage":0,"enemies":"2 Louse","floor":2,"turns":2},{"damage":12,"enemies":"Small Slimes","floor":4,"turns":2},{"damage":0,"enemies":"Exordium Wildlife","floor":5,"turns":3},{"damage":11,"enemies":"2 Fungi Beasts","floor":7,"turns":4},{"damage":32,"enemies":"3 Sentries","floor":8,"turns":6},{"damage":16,"enemies":"Gremlin Nob","floor":13,"turns":3},{"damage":13,"enemies":"Large Slime","floor":14,"turns":3},{"damage":69,"enemies":"The Guardian","floor":16,"turns":9}],"seed_played":"3692614396873400287","potions_obtained":[{"floor":4,"key":"Explosive Potion"},{"floor":5,"key":"FearPotion"},{"floor":8,"key":"Energy Potion"},{"floor":13,"key":"AttackPotion"},{"floor":14,"key":"Block Potion"}],"is_trial":false,"path_per_floor":["M","M","$","M","M","R","M","E","T","R","?","?","E","M","R","B"],"character_chosen":"IRONCLAD","items_purchased":["Shrug It Off","Evolve"],"campfire_rested":2,"item_purchase_floors":[3,3],"current_hp_per_floor":[80,80,80,74,80,80,75,49,49,73,73,62,52,45,69,0],"gold":394,"neow_bonus":"RANDOM_COMMON_RELIC","is_prod":false,"is_daily":false,"chose_seed":false,"campfire_upgraded":0,"win_rate":0,"timestamp":1568411982,"path_taken":["M","M","?","M","?","R","M","E","T","R","?","?","E","M","R","BOSS"],"build_version":"2019-09-12","purchased_purges":0,"victory":false,"max_hp_per_floor":[80,80,80,80,80,80,80,80,80,80,80,80,80,80,80,80],"card_choices":[{"not_picked":["Cleave","Headbutt"],"picked":"Thunderclap","floor":1},{"not_picked":["Thunderclap","Sword Boomerang"],"picked":"Heavy Blade","floor":2},{"not_picked":["Feel No Pain","Warcry"],"picked":"Perfected Strike","floor":4},{"not_picked":["Body Slam","Dark Embrace"],"picked":"Thunderclap","floor":5},{"not_picked":["Clothesline","Twin Strike"],"picked":"Spot Weakness","floor":7},{"not_picked":["Rampage","True Grit"],"picked":"Heavy Blade","floor":8},{"not_picked":["Feel No Pain","Seeing Red"],"picked":"Reckless Charge","floor":13},{"not_picked":["Armaments","Pummel"],"picked":"Shrug It Off","floor":14}],"player_experience":415028,"relics_obtained":[{"floor":8,"key":"Kunai"},{"floor":9,"key":"White Beast Statue"},{"floor":13,"key":"Nunchaku"}],"event_choices":[{"damage_healed":0,"gold_gain":175,"player_choice":"AGREE","damage_taken":0,"max_hp_gain":0,"max_hp_loss":0,"event_name":"Liars Game","floor":11,"gold_loss":0,"cards_obtained":["Doubt"]},{"damage_healed":0,"gold_gain":75,"player_choice":"Gather Gold","damage_taken":11,"max_hp_gain":0,"max_hp_loss":0,"event_name":"World of Goop","floor":12,"gold_loss":0}],"is_beta":true,"boss_relics":[],"items_purged_floors":[],"is_endless":false,"potions_floor_spawned":[4,5,8,13,14],"killed_by":"The Guardian","ascension_level":2}