{"gold_per_floor":[116,126,140,190,210,239,239,274,274,304,304,323,81,93,93,166,166,177,1,14,24,37,37,54,79,106,119,119,119,169,169,169,243,243,254,270,270,288,307,307,307],"floor_reached":41,"playtime":3091,"items_purged":[],"score":928,"play_id":"372cd65a-2acd-4f7a-bd62-b6fce66b040d","local_time":"20190429210103","is_ascension_mode":true,"campfire_choices":[{"data":"Intimidate","floor":7.0,"key":"SMITH"},{"data":"Hemokinesis","floor":11.0,"key":"SMITH"},{"floor":15,"key":"REST"},{"floor":23,"key":"REST"},{"floor":28,"key":"REST"},{"data":"Demon Form","floor":32,"key":"SMITH"},{"floor":40,"key":"REST"}],"neow_cost":"NONE","seed_source_timestamp":18319531971329,"circlet_count":0,"master_deck":["AscendersBane","Defend_R+1","Defend_R+1","Defend_R+1","Defend_R+1","Bash","Wild Strike","Spot Weakness","Hemokinesis+1","Twin Strike","Intimidate+1","Seeing Red","Whirlwind","Uppercut","Power Through","Carnage","Demon Form+1","Anger+1","Rage","Metallicize","Shrug It Off","Flame Barrier","Combust","Pummel","Disarm+1","Rupture","Bite","Bite","Bite","Bite","Bite","Reaper","Heavy Blade","Armaments","Parasite","Flex+1"],"special_seed":0,"relics":["Burning Blood","Bronze Scales","Sundial","Vajra","Question Card","Mango","Whetstone","Busted Crown","Orichalcum","Strawberry","Black Star"],"potions_floor_usage":[16,16,18,22,25,25,36,41],"damage_taken":[{"damage":6.0,"enemies":"2 Louse","floor":1.0,"turns":4.0},{"damage":0.0,"enemies":"Cultist","floor":2.0,"turns":2.0},{"damage":9.0,"enemies":"Jaw Worm","floor":3.0,"turns":4.0},{"damage":9.0,"enemies":"Looter","floor":5.0,"turns":2.0},{"damage":0.0,"enemies":"Gremlin Nob","floor":6.0,"turns":3.0},{"damage":30.0,"enemies":"3 Sentries","floor":8.0,"turns":6.0},{"damage":39.0,"enemies":"Gremlin Nob","floor":10.0,"turns":4.0},{"damage":5,"enemies":"3 Louse","floor":12,"turns":2},{"damage":5,"enemies":"Blue Slaver","floor":14,"turns":3},{"damage":32,"enemies":"The Guardian","floor":16,"turns":11},{"damage":9,"enemies":"Chosen","floor":18,"turns":3},{"damage":21,"enemies":"Spheric Guardian","floor":20,"turns":4},{"damage":22,"enemies":"Snecko","floor":21,"turns":5},{"damage":28,"enemies":"Shelled Parasite and Fungi","floor":22,"turns":5},{"damage":22,"enemies":"Snake Plant","floor":24,"turns":3},{"damage":30,"enemies":"Slavers","floor":25,"turns":3},{"damage":3,"enemies":"Centurion and Healer","floor":27,"turns":6},{"damage":49,"enemies":"Champ","floor":33,"turns":9},{"damage":28,"enemies":"Orb Walker","floor":35,"turns":5},{"damage":57,"enemies":"3 Darklings","floor":36,"turns":9},{"damage":42,"enemies":"Writhing Mass","floor":38,"turns":8},{"damage":50,"enemies":"Maw","floor":39,"turns":7},{"damage":53,"enemies":"Giant Head","floor":41,"turns":5}],"seed_played":"-7212128032738014159","potions_obtained":[{"floor":1.0,"key":"SteroidPotion"},{"floor":3.0,"key":"EntropicBrew"},{"floor":10.0,"key":"EssenceOfSteel"},{"floor":14,"key":"Energy Potion"},{"floor":16,"key":"BloodPotion"},{"floor":18,"key":"Strength Potion"},{"floor":21,"key":"AttackPotion"},{"floor":22,"key":"AttackPotion"},{"floor":33,"key":"Regen Potion"},{"floor":38,"key":"Dexterity Potion"},{"floor":39,"key":"PowerPotion"}],"is_trial":false,"path_per_floor":["M","M","M","?","M","E","R","E","T","E","R","M","$","M","R","B",null,"M","$","M","M","M","R","M","E","T","M","R","?","?","?","R","B",null,"M","M","?","M","M","R","E"],"character_chosen":"IRONCLAD","items_purchased":["Power Through","Whetstone","Rage","Metallicize","Shrug It Off"],"campfire_rested":4,"item_purchase_floors":[13,13,19,19,19],"current_hp_per_floor":[68,74,71,71,68,74,74,50,50,31,31,32,32,33,59,33,75,80,80,65,49,27,53,37,13,20,23,51,51,51,51,51,18,55,37,52,52,42,21,41,0],"gold":307,"neow_bonus":"RANDOM_COMMON_RELIC","is_prod":false,"is_daily":false,"chose_seed":false,"campfire_upgraded":3,"win_rate":0,"timestamp":1556586063,"path_taken":["M","M","M","?","M","E","R","E","T","E","R","M","$","M","R","BOSS","M","$","M","M","?","R","M","E","T","M","R","?","?","?","R","BOSS","M","M","?","M","M","R","E"],"build_version":"2019-01-23","purchased_purges":0,"victory":false,"max_hp_per_floor":[75,75,75,75,75,75,75,75,75,89,89,89,89,89,89,89,89,89,89,89,89,89,89,89,89,96,96,96,96,96,67,67,67,67,67,67,67,67,67,67,67],"card_choices":[{"not_picked":["Dual Wield","Blood for Blood"],"picked":"Wild Strike","floor":1.0},{"not_picked":["Metallicize","Pommel Strike"],"picked":"Spot Weakness","floor":2.0},{"not_picked":["Iron Wave","Seeing Red"],"picked":"Hemokinesis","floor":3.0},{"not_picked":["Iron Wave","Clash"],"picked":"Twin Strike","floor":5.0},{"not_picked":["Havoc","Bloodletting"],"picked":"Intimidate","floor":6.0},{"not_picked":["Blood for Blood","Warcry"],"picked":"Seeing Red","floor":8.0},{"not_picked":["Clash","Flex","Sentinel"],"picked":"Whirlwind","floor":10.0},{"not_picked":["Infernal Blade","Warcry","Seeing Red"],"picked":"Uppercut","floor":12},{"not_picked":["Havoc","Anger","Brutality"],"picked":"Carnage","floor":14},{"not_picked":["Immolate","Bludgeon","Limit Break"],"picked":"Demon Form","floor":16},{"not_picked":["Blood for Blood"],"picked":"Anger+1","floor":18},{"not_picked":["Armaments"],"picked":"Flame Barrier","floor":20},{"not_picked":["Flame Barrier"],"picked":"Combust","floor":21},{"not_picked":["Evolve"],"picked":"Pummel","floor":22},{"not_picked":["Headbutt","Fire Breathing"],"picked":"SKIP","floor":24},{"not_picked":["Uppercut"],"picked":"Disarm+1","floor":25},{"not_picked":["Heavy Blade"],"picked":"Rupture","floor":27},{"not_picked":["Double Tap"],"picked":"Reaper","floor":33},{"not_picked":["Wild Strike"],"picked":"Heavy Blade","floor":35},{"not_picked":["Wild Strike+1"],"picked":"Armaments","floor":36},{"not_picked":["Warcry","Whirlwind"],"picked":"SKIP","floor":38},{"not_picked":["Rampage"],"picked":"Flex+1","floor":39}],"player_experience":2544233,"relics_obtained":[{"floor":6.0,"key":"Sundial"},{"floor":8.0,"key":"Vajra"},{"floor":9.0,"key":"Question Card"},{"floor":10.0,"key":"Mango"},{"floor":25,"key":"Orichalcum"},{"floor":26,"key":"Strawberry"}],"event_choices":[{"damage_healed":0.0,"max_hp_gain":0.0,"max_hp_loss":0.0,"gold_gain":50.0,"event_name":"Golden Shrine","player_choice":"Pray","floor":4.0,"gold_loss":0.0,"damage_taken":0.0},{"damage_healed":0,"gold_gain":0,"player_choice":"Simplicity","damage_taken":0,"max_hp_gain":0,"max_hp_loss":0,"event_name":"Back to Basics","floor":29,"gold_loss":0,"cards_upgraded":["Strike_R","Strike_R","Strike_R","Defend_R","Defend_R","Defend_R","Defend_R"]},{"damage_healed":0,"gold_gain":50,"player_choice":"Stole From Cult","damage_taken":0,"max_hp_gain":0,"max_hp_loss":0,"event_name":"Nest","floor":30,"gold_loss":0},{"damage_healed":0,"gold_gain":0,"player_choice":"Became a vampire","damage_taken":0,"max_hp_gain":0,"max_hp_loss":29,"event_name":"Vampires","floor":31,"gold_loss":0,"cards_obtained":["Bite","Bite","Bite","Bite","Bite"]},{"damage_healed":0,"gold_gain":0,"player_choice":"Ignored","damage_taken":0,"max_hp_gain":0,"max_hp_loss":0,"event_name":"Tomb of Lord Red Mask","floor":37,"gold_loss":0}],"is_beta":false,"boss_relics":[{"not_picked":["Empty Cage","Tiny House"],"picked":"Busted Crown"},{"not_picked":["Astrolabe","Runic Dome"],"picked":"Black Star"}],"items_purged_floors":[],"is_endless":false,"potions_floor_spawned":[1,3,10,14,16,18,21,22,24,33,38,39],"killed_by":"Giant Head","ascension_level":18}