{"gold_per_floor":[19,19,0,0,13,13,13,13,13,28,52,86,5,24,24,148,148,167,167,192,30,48,48,48,48,48,86,109,109,209,38,38,169,169,192,8,1007,1107,676,676,165,179,179,4,27,67,91,104,104,104],"floor_reached":50,"playtime":4727,"items_purged":["Defend_B","Defend_B","Normality","Strike_B","Normality"],"score":636,"play_id":"07cb5f77-bdf5-4355-b5cb-429a75431635","local_time":"20180802223818","is_ascension_mode":true,"campfire_choices":[{"data":"Dualcast","floor":6,"key":"SMITH"},{"floor":8,"key":"REST"},{"floor":15,"key":"REST"},{"floor":23,"key":"REST"},{"floor":25,"key":"REST"},{"floor":29,"key":"REST"},{"floor":32,"key":"REST"},{"floor":40,"key":"REST"},{"floor":49,"key":"REST"}],"neow_cost":"NO_GOLD","seed_source_timestamp":96567762858477,"circlet_count":0,"master_deck":["Strike_B","Strike_B","Defend_B","Defend_B","Zap","Dualcast+1","All For One","Gash","Steam Power","Leap","Go for the Eyes","Turbo","Auto Shields","Gash","Sweeping Beam","Hyperbeam","Go for the Eyes","Auto Shields","Steam Power","Leap","Skim","Gash","Beam Cell","Scrape","Reboot","Melter","Self Repair","Rebound","Dark Shackles","Go for the Eyes","Panache","Conserve Battery","Bandage Up","Rebound","Auto Shields+1","Hologram+1","Sunder+1","Compile Driver+1","Conserve Battery"],"relics":["Cracked Core","Golden Idol","Ornamental Fan","Centennial Puzzle","Lizard Tail","Symbiotic Virus","Juzu Bracelet","Sozu","Blue Candle","Bottled Tornado","Regal Pillow"],"potions_floor_usage":[16,16,16,33,33,33],"damage_taken":[{"damage":6,"enemies":"2 Louse","floor":1,"turns":2},{"damage":0,"enemies":"Cultist","floor":5,"turns":3},{"damage":0,"enemies":"Small Slimes","floor":10,"turns":2},{"damage":12,"enemies":"Exordium Thugs","floor":11,"turns":5},{"damage":38,"enemies":"Lagavulin","floor":12,"turns":7},{"damage":0,"enemies":"Exordium Wildlife","floor":14,"turns":3},{"damage":15,"enemies":"Slime Boss","floor":16,"turns":7},{"damage":10,"enemies":"2 Thieves","floor":18,"turns":3},{"damage":12,"enemies":"3 Byrds","floor":20,"turns":4},{"damage":28,"enemies":"Cultist and Chosen","floor":22,"turns":7},{"damage":31,"enemies":"Slavers","floor":27,"turns":5},{"damage":10,"enemies":"Snecko","floor":28,"turns":5},{"damage":62,"enemies":"Champ","floor":33,"turns":10},{"damage":18,"enemies":"Flame Bruiser 1 Orb","floor":35,"turns":7},{"damage":23,"enemies":"3 Shapes","floor":42,"turns":4},{"damage":7,"enemies":"Flame Bruiser 2 Orb","floor":45,"turns":4},{"damage":68,"enemies":"Giant Head","floor":46,"turns":8},{"damage":2,"enemies":"Spire Growth","floor":47,"turns":3},{"damage":4,"enemies":"4 Shapes","floor":48,"turns":3},{"damage":80,"enemies":"Awakened One","floor":50,"turns":10}],"seed_played":"-934106173789823347","potions_obtained":[{"floor":5,"key":"FocusPotion"},{"floor":11,"key":"FocusPotion"},{"floor":12,"key":"Strength Potion"},{"floor":22,"key":"SteroidPotion"},{"floor":27,"key":"LiquidBronze"},{"floor":28,"key":"SneckoOil"}],"is_trial":false,"path_per_floor":["M","?","?","$","M","R","?","R","T","M","M","E","$","M","R","B",null,"M","?","M","$","M","R","$","R","T","E","M","R","?","$","R","B",null,"M","$","?","?","$","R","$","M","T","$","M","E","M","M","R"],"character_chosen":"DEFECT","items_purchased":["Auto Shields","Gash","Steam Power","Leap","Scrape","Self Repair","Rebound","Dark Shackles","Blue Candle","Go for the Eyes","Panache","Conserve Battery","Bandage Up","Rebound"],"campfire_rested":8,"item_purchase_floors":[13,13,21,21,31,36,36,36,39,39,41,41,41,41],"current_hp_per_floor":[69,69,69,69,69,69,51,73,73,73,61,23,23,23,45,30,75,65,65,53,53,25,47,47,69,69,38,28,50,50,50,72,10,75,57,57,57,57,57,75,75,59,59,59,63,37,39,39,75,0],"gold":104,"neow_bonus":"THREE_RARE_CARDS","is_prod":false,"is_daily":false,"chose_seed":false,"campfire_upgraded":1,"win_rate":0,"timestamp":1533263898,"path_taken":["M","?","?","?","?","R","?","R","T","M","M","E","?","M","R","BOSS","M","?","M","$","M","R","$","R","T","E","M","R","?","?","R","BOSS","M","$","?","?","?","R","$","M","T","$","M","E","M","M","R","BOSS"],"build_version":"2018-07-26","purchased_purges":5,"victory":false,"max_hp_per_floor":[75,75,75,75,75,75,75,75,75,75,75,75,75,75,75,75,75,75,75,75,75,75,75,75,75,75,75,75,75,75,75,75,75,75,75,75,75,75,75,75,75,75,75,75,75,75,75,75,75,75],"card_choices":[{"not_picked":["Core Surge","Amplify"],"picked":"All For One","floor":0},{"not_picked":["Cold Snap","Rip and Tear"],"picked":"Gash","floor":1},{"not_picked":["Double Energy","Chaos"],"picked":"Steam Power","floor":5},{"not_picked":["Storm","Coolheaded"],"picked":"Leap","floor":10},{"not_picked":["Undo","Sweeping Beam"],"picked":"Go for the Eyes","floor":11},{"not_picked":["Conserve Battery","Reprogram"],"picked":"Turbo","floor":12},{"not_picked":["Leap","Reinforced Body"],"picked":"Sweeping Beam","floor":14},{"not_picked":["Core Surge","Amplify"],"picked":"Hyperbeam","floor":16},{"not_picked":["Undo","Redo"],"picked":"Go for the Eyes","floor":18},{"not_picked":["Loop+1","Coolheaded"],"picked":"Auto Shields","floor":20},{"not_picked":["White Noise","Darkness"],"picked":"Skim","floor":22},{"not_picked":["Turbo","Stack"],"picked":"Gash","floor":27},{"not_picked":["Loop+1","Leap"],"picked":"Beam Cell","floor":28},{"not_picked":["Fission","Seek"],"picked":"Reboot","floor":33},{"not_picked":["Heatsinks","Conserve Battery+1"],"picked":"Melter","floor":35},{"not_picked":["Reinforced Body+1","Barrage"],"picked":"Auto Shields+1","floor":42},{"not_picked":["Auto Shields+1","Barrage"],"picked":"Hologram+1","floor":45},{"not_picked":["Thunder Strike","Glacier+1"],"picked":"Sunder+1","floor":46},{"not_picked":["Ball Lightning","Coolheaded+1"],"picked":"Compile Driver+1","floor":47},{"not_picked":["Auto Shields","Loop"],"picked":"Conserve Battery","floor":48}],"player_experience":1421673,"relics_obtained":[{"floor":9,"key":"Ornamental Fan"},{"floor":12,"key":"Centennial Puzzle"},{"floor":26,"key":"Symbiotic Virus"},{"floor":27,"key":"Juzu Bracelet"},{"floor":43,"key":"Bottled Tornado"},{"floor":46,"key":"Regal Pillow"}],"event_choices":[{"event_name":"WeMeetAgain","player_choice":"Attack","floor":2,"damage_taken":0},{"event_name":"World of Goop","player_choice":"Left","floor":3,"damage_taken":0},{"event_name":"Golden Idol","player_choice":"Take Damage","floor":7,"damage_taken":0},{"event_name":"Purifier","player_choice":"One Purge","floor":19,"damage_taken":0},{"event_name":"Golden Shrine","player_choice":"Pray","floor":30,"damage_taken":0},{"event_name":"MindBloom","player_choice":"Gold","floor":37,"damage_taken":0},{"event_name":"Golden Shrine","player_choice":"Pray","floor":38,"damage_taken":0}],"is_beta":false,"boss_relics":[{"not_picked":["Ectoplasm","FrozenCore"],"picked":"Lizard Tail"},{"not_picked":["Snecko Eye","Nuclear Battery"],"picked":"Sozu"}],"items_purged_floors":[21,31,39,41,44],"is_endless":false,"potions_floor_spawned":[5,11,12,22,27,28,45,48],"killed_by":"Awakened One","ascension_level":4}