{"gold_per_floor":[365,290,301,311,55,84,84,110,110,142,156,156,156,174,174,248,248,259,209,124,124,124,124],"floor_reached":23,"playtime":1721,"items_purged":["Regret"],"score":464,"play_id":"4293ca37-dd53-4f50-8913-706f1c062336","local_time":"20190923224735","is_ascension_mode":true,"campfire_choices":[{"data":"Eruption","floor":7,"key":"SMITH"},{"data":"TalkToTheHand","floor":15,"key":"SMITH"}],"neow_cost":"CURSE","seed_source_timestamp":0,"circlet_count":0,"master_deck":["AscendersBane","Strike_P","Strike_P","Strike_P","Strike_P","Defend_P","Defend_P","Defend_P","Eruption+1","Vigilance+1","CutThroughFate","Crescendo","BowlingBash","EmptyMind","TalkToTheHand+1","EmptyBody","Devotion","LessonLearned","BowlingBash"],"special_seed":0,"relics":["PureWater","Juzu Bracelet","Letter Opener","Singing Bowl","Gremlin Horn","Sundial","Smiling Mask","Sozu","Oddly Smooth Stone","CaptainsWheel"],"potions_floor_usage":[6,10,16,18],"damage_taken":[{"damage":11,"enemies":"2 Louse","floor":1,"turns":3},{"damage":0,"enemies":"Cultist","floor":3,"turns":2},{"damage":2,"enemies":"Small Slimes","floor":4,"turns":4},{"damage":12,"enemies":"3 Sentries","floor":6,"turns":4},{"damage":12,"enemies":"Lagavulin","floor":8,"turns":7},{"damage":0,"enemies":"3 Sentries","floor":10,"turns":3},{"damage":0,"enemies":"Gremlin Gang","floor":11,"turns":2},{"damage":0,"enemies":"2 Fungi Beasts","floor":14,"turns":2},{"damage":1,"enemies":"Hexaghost","floor":16,"turns":9},{"damage":3,"enemies":"Spheric Guardian","floor":18,"turns":3},{"damage":48,"enemies":"Book of Stabbing","floor":23,"turns":5}],"seed_played":"1230194340779069115","potions_obtained":[{"floor":4,"key":"Strength Potion"},{"floor":8,"key":"AttackPotion"},{"floor":11,"key":"DuplicationPotion"},{"floor":16,"key":"DuplicationPotion"}],"is_trial":false,"path_per_floor":["M","$","M","M","$","E","R","E","T","E","M","?","?","M","R","B",null,"M","?","?","?","T","E"],"character_chosen":"WATCHER","items_purchased":["BowlingBash","Juzu Bracelet","SteroidPotion"],"campfire_rested":0,"item_purchase_floors":[5,5,5],"current_hp_per_floor":[44,44,44,42,42,30,30,18,18,18,18,18,11,11,11,10,48,45,45,45,45,45,0],"gold":124,"neow_bonus":"TWO_FIFTY_GOLD","is_prod":false,"is_daily":false,"chose_seed":false,"campfire_upgraded":2,"win_rate":0,"timestamp":1569235655,"path_taken":["M","$","M","M","$","E","R","E","T","E","M","?","?","M","R","BOSS","M","?","?","?","?","E"],"build_version":"2019-09-20","purchased_purges":1,"victory":false,"max_hp_per_floor":[61,61,61,61,61,61,61,61,61,61,61,61,61,61,61,61,61,61,61,61,61,61,61],"card_choices":[{"not_picked":["Vengeance","Crescendo"],"picked":"CutThroughFate","floor":1},{"not_picked":["Halt","WindmillStrike","StepAndStrike"],"picked":"SKIP","floor":3},{"not_picked":["EmptyMind","Sanctity"],"picked":"Crescendo","floor":4},{"not_picked":["ThirdEye","Weave"],"picked":"EmptyMind","floor":6},{"not_picked":["Crescendo","EmptyMind"],"picked":"FollowUp","floor":8},{"not_picked":["Weave","BowlingBash"],"picked":"TalkToTheHand","floor":10},{"not_picked":["ThirdEye","Prostrate"],"picked":"EmptyBody","floor":11},{"not_picked":["FlurryOfBlows","Collect"],"picked":"Devotion","floor":14},{"not_picked":["Blasphemy","MasterReality"],"picked":"LessonLearned","floor":16},{"not_picked":["Establishment","Protect"],"picked":"BowlingBash","floor":18}],"player_experience":1219843,"relics_obtained":[{"floor":6,"key":"Letter Opener"},{"floor":8,"key":"Singing Bowl"},{"floor":9,"key":"Gremlin Horn"},{"floor":10,"key":"Sundial"},{"floor":22,"key":"CaptainsWheel"}],"event_choices":[{"cards_removed":["FollowUp"],"damage_healed":0,"gold_gain":0,"player_choice":"Gave Card","damage_taken":0,"relics_obtained":["Smiling Mask"],"max_hp_gain":0,"max_hp_loss":0,"event_name":"WeMeetAgain","floor":12,"gold_loss":0},{"cards_removed":["Defend_P"],"damage_healed":0,"gold_gain":0,"player_choice":"Card Removal","damage_taken":7,"max_hp_gain":0,"max_hp_loss":0,"event_name":"Golden Wing","floor":13,"gold_loss":0},{"damage_healed":0,"gold_gain":0,"player_choice":"Bet on Murderer","damage_taken":0,"max_hp_gain":0,"max_hp_loss":0,"event_name":"The Joust","floor":19,"gold_loss":50},{"damage_healed":0,"gold_gain":0,"player_choice":"Obtained Relic","damage_taken":0,"relics_obtained":["Oddly Smooth Stone"],"max_hp_gain":0,"max_hp_loss":0,"event_name":"Addict","floor":20,"gold_loss":85},{"damage_healed":0,"gold_gain":0,"player_choice":"Ignored","damage_taken":0,"max_hp_gain":0,"max_hp_loss":0,"event_name":"Ghosts","floor":21,"gold_loss":0}],"is_beta":true,"boss_relics":[{"not_picked":["Velvet Choker","Black Star"],"picked":"Sozu"}],"items_purged_floors":[2],"is_endless":false,"potions_floor_spawned":[4,8,11,16,18],"killed_by":"Book of Stabbing","ascension_level":20}