{"gold_per_floor":[115,125,140,153,133,167,167,178,258,258,274,274,274],"floor_reached":13,"playtime":941,"items_purged":[],"score":170,"play_id":"e88feedb-7d3f-4ee5-8507-5fab6a0f4adc","local_time":"20190704161124","is_ascension_mode":true,"campfire_choices":[{"data":"Phantasmal Killer","floor":7,"key":"SMITH"},{"floor":10,"key":"REST"},{"data":"Skewer","floor":12,"key":"SMITH"}],"neow_cost":"PERCENT_DAMAGE","seed_source_timestamp":75491122730129,"circlet_count":0,"master_deck":["AscendersBane","Defend_G","Defend_G","Defend_G","Defend_G","Defend_G","Strike_G","Strike_G","Strike_G","Strike_G","Strike_G","Survivor","Neutralize","Skewer+1","Cloak And Dagger","Phantasmal Killer+1","Blur","PiercingWail","Dagger Spray","Footwork"],"relics":["Ring of the Snake","Calipers","Blood Vial","Letter Opener"],"potions_floor_usage":[6,6,11],"damage_taken":[{"damage":4,"enemies":"Small Slimes","floor":1,"turns":4},{"damage":1,"enemies":"Cultist","floor":2,"turns":4},{"damage":1,"enemies":"Jaw Worm","floor":3,"turns":5},{"damage":7,"enemies":"Blue Slaver","floor":4,"turns":5},{"damage":4,"enemies":"Gremlin Nob","floor":6,"turns":3},{"damage":12,"enemies":"3 Louse","floor":8,"turns":6},{"damage":0,"enemies":"Gremlin Gang","floor":11,"turns":4},{"damage":47,"enemies":"Lagavulin","floor":13,"turns":10}],"seed_played":"3230829378609776563","potions_obtained":[{"floor":1,"key":"SpeedPotion"},{"floor":3,"key":"FearPotion"},{"floor":5,"key":"EssenceOfSteel"},{"floor":8,"key":"Energy Potion"}],"is_trial":false,"path_per_floor":["M","M","M","M","?","E","R","M","T","R","M","R","E"],"character_chosen":"THE_SILENT","items_purchased":[],"campfire_rested":1,"item_purchase_floors":[],"current_hp_per_floor":[40,39,38,31,31,27,27,17,17,36,38,38,0],"gold":274,"neow_bonus":"ONE_RARE_RELIC","is_prod":false,"is_daily":false,"chose_seed":false,"campfire_upgraded":2,"win_rate":0,"timestamp":1562271084,"path_taken":["M","M","M","M","?","E","R","M","T","R","M","R","E"],"build_version":"2019-01-23","purchased_purges":0,"victory":false,"max_hp_per_floor":[66,66,66,66,66,66,66,66,66,66,66,66,66],"card_choices":[{"not_picked":["Deadly Poison","Slice"],"picked":"Skewer","floor":1},{"not_picked":["Acrobatics","Dodge and Roll"],"picked":"Cloak And Dagger","floor":2},{"not_picked":["Prepared","Sucker Punch"],"picked":"Phantasmal Killer","floor":3},{"not_picked":["Slice","Reflex"],"picked":"Blur","floor":4},{"not_picked":["Leg Sweep","Backflip"],"picked":"PiercingWail","floor":6},{"not_picked":["Quick Slash","Slice"],"picked":"Dagger Spray","floor":8},{"not_picked":["Calculated Gamble","Caltrops"],"picked":"Footwork","floor":11}],"player_experience":2669263,"relics_obtained":[{"floor":6,"key":"Blood Vial"},{"floor":9,"key":"Letter Opener"}],"event_choices":[{"damage_healed":0,"gold_gain":0,"player_choice":"Bought 1 Potion","damage_taken":0,"max_hp_gain":0,"max_hp_loss":0,"event_name":"The Woman in Blue","floor":5,"gold_loss":0}],"is_beta":false,"boss_relics":[],"items_purged_floors":[],"is_endless":false,"potions_floor_spawned":[1,3,4,8],"killed_by":"Lagavulin","ascension_level":19}