{"gold_per_floor":[15,15,33,47,47,77,77,93,120,120,36,36,69,81,81,81],"floor_reached":16,"playtime":757,"items_purged":[],"score":215,"play_id":"c086a8fa-995c-4364-a36c-56726274c43c","local_time":"20190703103626","is_ascension_mode":true,"campfire_choices":[{"floor":7.0,"key":"REST"},{"floor":10.0,"key":"REST"},{"data":"Footwork","floor":12.0,"key":"SMITH"},{"data":"Corpse Explosion","floor":15,"key":"SMITH"}],"neow_cost":"NO_GOLD","seed_source_timestamp":50098363535441,"circlet_count":0,"master_deck":["AscendersBane","Defend_G","Defend_G","Defend_G","Defend_G","Defend_G","Strike_G","Strike_G","Strike_G","Strike_G+1","Survivor","Neutralize+1","Corpse Explosion+1","PiercingWail","Poisoned Stab","Catalyst","Quick Slash","Dagger Spray","Footwork+1","Deflect","Die Die Die"],"special_seed":0,"relics":["Ring of the Snake","Orichalcum","Whetstone","Anchor"],"potions_floor_usage":[16],"damage_taken":[{"damage":0.0,"enemies":"Jaw Worm","floor":1.0,"turns":6.0},{"damage":2.0,"enemies":"2 Louse","floor":3.0,"turns":3.0},{"damage":0.0,"enemies":"Cultist","floor":4.0,"turns":3.0},{"damage":37.0,"enemies":"Gremlin Nob","floor":6.0,"turns":4.0},{"damage":5.0,"enemies":"Blue Slaver","floor":8.0,"turns":5.0},{"damage":4.0,"enemies":"3 Sentries","floor":13.0,"turns":2.0},{"damage":1,"enemies":"Looter","floor":14,"turns":4},{"damage":49,"enemies":"Slime Boss","floor":16,"turns":9}],"seed_played":"-8825316078814770251","potions_obtained":[{"floor":3.0,"key":"Poison Potion"},{"floor":4.0,"key":"SpeedPotion"},{"floor":8.0,"key":"SkillPotion"},{"floor":13.0,"key":"Poison Potion"}],"is_trial":false,"path_per_floor":["M","?","M","M","?","E","R","M","T","R","$","R","E","M","R","B"],"character_chosen":"THE_SILENT","items_purchased":["Footwork"],"campfire_rested":2,"item_purchase_floors":[11],"current_hp_per_floor":[59,48,46,46,46,9,28,23,23,42,42,42,38,37,37,0],"gold":81,"neow_bonus":"THREE_RARE_CARDS","is_prod":false,"is_daily":false,"chose_seed":false,"campfire_upgraded":2,"win_rate":0,"timestamp":1562164586,"path_taken":["M","?","M","M","?","E","R","M","T","R","$","R","E","M","R","BOSS"],"build_version":"2019-01-23","purchased_purges":0,"victory":false,"max_hp_per_floor":[66,66,66,66,66,66,66,66,66,66,66,66,66,66,66,66],"card_choices":[{"not_picked":["Burst","Malaise"],"picked":"Corpse Explosion","floor":0.0},{"not_picked":["Cloak And Dagger","Reflex"],"picked":"PiercingWail","floor":1.0},{"not_picked":["Dodge and Roll","Deflect"],"picked":"Poisoned Stab","floor":3.0},{"not_picked":["Crippling Poison","Flying Knee"],"picked":"Catalyst","floor":4.0},{"not_picked":["Flying Knee","Blade Dance"],"picked":"Quick Slash","floor":6.0},{"not_picked":["Deflect","Acrobatics"],"picked":"Dagger Spray","floor":8.0},{"not_picked":["Flying Knee","Bane"],"picked":"Deflect","floor":13.0},{"not_picked":["Deflect","Cloak And Dagger"],"picked":"Die Die Die","floor":14}],"player_experience":2668506,"relics_obtained":[{"floor":6.0,"key":"Orichalcum"},{"floor":9.0,"key":"Whetstone"},{"floor":13.0,"key":"Anchor"}],"event_choices":[{"damage_healed":0.0,"max_hp_gain":0.0,"max_hp_loss":0.0,"gold_gain":0.0,"event_name":"Scrap Ooze","player_choice":"Fled","floor":2.0,"gold_loss":0.0,"damage_taken":11.0},{"cards_removed":["Strike_G"],"damage_healed":0.0,"max_hp_gain":0.0,"max_hp_loss":0.0,"gold_gain":0.0,"event_name":"Wheel of Change","player_choice":"Card Removal","floor":5.0,"gold_loss":0.0,"damage_taken":0.0}],"is_beta":false,"boss_relics":[],"items_purged_floors":[],"is_endless":false,"potions_floor_spawned":[3,4,8,13],"killed_by":"Slime Boss","ascension_level":19}