{"gold_per_floor":[109,128,139,153,153,153,153,153,176,176,205,218,235,235],"floor_reached":14,"playtime":1557,"items_purged":[],"score":184,"play_id":"52cdb92f-1b40-4d2c-97a8-929a8f92facb","local_time":"20190722234135","is_ascension_mode":true,"campfire_choices":[{"data":"Neutralize","floor":6,"key":"SMITH"},{"data":"Footwork","floor":8,"key":"SMITH"},{"data":"Caltrops","floor":10,"key":"SMITH"}],"neow_cost":"NONE","seed_source_timestamp":356217851692100,"circlet_count":0,"master_deck":["AscendersBane","Defend_G","Defend_G","Defend_G","Defend_G","Defend_G","Strike_G","Strike_G","Strike_G","Strike_G","Strike_G","Survivor","Neutralize+1","Masterful Stab","Deflect","Footwork+1","Footwork+1","Deflect","Caltrops+1","Backstab","Quick Slash","Dash","Doppelganger","Backstab","Cloak And Dagger"],"relics":["Orrery","Art of War","Smiling Mask"],"potions_floor_usage":[4,11,12,13],"damage_taken":[{"damage":0,"enemies":"Jaw Worm","floor":1,"turns":6},{"damage":0,"enemies":"2 Louse","floor":2,"turns":4},{"damage":0,"enemies":"Cultist","floor":3,"turns":3},{"damage":14,"enemies":"Gremlin Gang","floor":4,"turns":6},{"damage":35,"enemies":"Gremlin Nob","floor":11,"turns":5},{"damage":0,"enemies":"Lots of Slimes","floor":12,"turns":5},{"damage":0,"enemies":"Exordium Wildlife","floor":13,"turns":2},{"damage":6,"enemies":"Red Slaver","floor":14,"turns":1}],"seed_played":"6321761300249060343","potions_obtained":[{"floor":1,"key":"GamblersBrew"},{"floor":2,"key":"Energy Potion"},{"floor":4,"key":"PowerPotion"},{"floor":11,"key":"FearPotion"}],"is_trial":false,"path_per_floor":["M","M","M","M","?","R","?","R","T","R","E","M","M","M"],"character_chosen":"THE_SILENT","items_purchased":[],"campfire_rested":0,"item_purchase_floors":[],"current_hp_per_floor":[59,59,59,45,40,40,40,40,40,40,5,5,5,0],"gold":235,"neow_bonus":"BOSS_RELIC","is_prod":false,"is_daily":false,"chose_seed":false,"campfire_upgraded":3,"win_rate":0,"timestamp":1563853295,"path_taken":["M","M","M","M","?","R","?","R","T","R","E","?","M","M"],"build_version":"2019-01-23","purchased_purges":0,"victory":false,"max_hp_per_floor":[66,66,66,66,66,66,66,66,66,66,66,66,66,66],"card_choices":[{"not_picked":["PiercingWail","Quick Slash"],"picked":"Masterful Stab","floor":0},{"not_picked":["All Out Attack","Expertise"],"picked":"Deflect","floor":0},{"not_picked":["Skewer","Predator"],"picked":"Footwork","floor":0},{"not_picked":["Outmaneuver","Poisoned Stab"],"picked":"Footwork","floor":0},{"not_picked":["Outmaneuver","Dash"],"picked":"Deflect","floor":0},{"not_picked":["Flying Knee","Tactician"],"picked":"Caltrops","floor":1},{"not_picked":["Prepared","Outmaneuver"],"picked":"Backstab","floor":2},{"not_picked":["Riddle With Holes","Storm of Steel"],"picked":"Quick Slash","floor":3},{"not_picked":["Dagger Spray","Leg Sweep"],"picked":"Dash","floor":4},{"not_picked":["Expertise","Slice"],"picked":"Doppelganger","floor":11},{"not_picked":["Outmaneuver","Bane"],"picked":"Backstab","floor":12},{"not_picked":["Tactician","Poisoned Stab"],"picked":"Cloak And Dagger","floor":13}],"player_experience":2722387,"relics_obtained":[{"floor":9,"key":"Art of War"},{"floor":11,"key":"Smiling Mask"}],"event_choices":[{"damage_healed":0,"gold_gain":0,"player_choice":"Fled","damage_taken":5,"max_hp_gain":0,"max_hp_loss":0,"event_name":"Scrap Ooze","floor":5,"gold_loss":0},{"damage_healed":0,"gold_gain":0,"player_choice":"Upgraded","damage_taken":0,"max_hp_gain":0,"max_hp_loss":0,"event_name":"Upgrade Shrine","floor":7,"gold_loss":0,"cards_upgraded":["Footwork"]}],"is_beta":false,"boss_relics":[],"items_purged_floors":[],"is_endless":false,"potions_floor_spawned":[1,2,4,11],"killed_by":"Red Slaver","ascension_level":20}