{"gold_per_floor":[117,53,53,3,3,3,35,53,101,119,49,49,78,94,94,191,191,203,41,41,59,73,73,100,112,124,146,158,200,113,148,148,148],"floor_reached":33,"playtime":1913,"items_purged":["Injury"],"score":451,"play_id":"8a4305ca-426f-4954-8458-825303e859ff","local_time":"20180916234937","is_ascension_mode":true,"campfire_choices":[{"data":"Zap","floor":6.0,"key":"SMITH"},{"data":"1","floor":12.0,"key":"LIFT"},{"data":"2","floor":15.0,"key":"LIFT"},{"floor":23.0,"key":"REST"},{"data":"3","floor":25,"key":"LIFT"},{"floor":28,"key":"REST"},{"floor":32,"key":"REST"}],"neow_cost":"NONE","seed_source_timestamp":0,"circlet_count":0,"master_deck":["Strike_B","Strike_B","Strike_B","Defend_B","Defend_B+1","Defend_B","Zap+1","Dualcast","Buffer","Conserve Battery+1","Melter","Ball Lightning","Sweeping Beam","Steam","Turbo","Ball Lightning","Gash","Skim","Electrodynamics","Loop","Hologram","FTL","Self Repair","FTL","Hologram+1","Ball Lightning","Beam Cell+1","Stack","Steam","FTL"],"special_seed":0,"relics":["Cracked Core","Potion Belt","Girya","Happy Flower","Boot","Cursed Key","MawBank","Nunchaku","Strawberry","War Paint"],"potions_floor_usage":[31,33],"damage_taken":[{"damage":0.0,"enemies":"Small Slimes","floor":1.0,"turns":2.0},{"damage":3.0,"enemies":"Lagavulin","floor":7.0,"turns":6.0},{"damage":1.0,"enemies":"Cultist","floor":8.0,"turns":3.0},{"damage":1.0,"enemies":"2 Louse","floor":10.0,"turns":2.0},{"damage":4.0,"enemies":"Gremlin Nob","floor":13.0,"turns":3.0},{"damage":1.0,"enemies":"Exordium Wildlife","floor":14.0,"turns":2.0},{"damage":36.0,"enemies":"The Guardian","floor":16.0,"turns":12.0},{"damage":17.0,"enemies":"2 Thieves","floor":18.0,"turns":2.0},{"damage":11.0,"enemies":"Spheric Guardian","floor":21.0,"turns":3.0},{"damage":0.0,"enemies":"Centurion and Healer","floor":22.0,"turns":4.0},{"damage":28,"enemies":"Gremlin Leader","floor":24,"turns":6},{"damage":24,"enemies":"Shelled Parasite and Fungi","floor":27,"turns":4},{"damage":22,"enemies":"Book of Stabbing","floor":29,"turns":4},{"damage":36,"enemies":"Slavers","floor":31,"turns":4},{"damage":41,"enemies":"Collector","floor":33,"turns":6}],"seed_played":"-7364600275428109406","potions_obtained":[{"floor":8.0,"key":"GamblersBrew"},{"floor":10.0,"key":"AttackPotion"},{"floor":13.0,"key":"FocusPotion"},{"floor":29,"key":"FocusPotion"},{"floor":31,"key":"Fire Potion"}],"is_trial":false,"path_per_floor":["M","?","?","?","?","R","E","M","T","M","$","R","E","M","R","B",null,"M","$","?","M","M","R","E","R","T","M","R","E","$","E","R"],"character_chosen":"DEFECT","items_purchased":["Turbo","Ball Lightning","Hologram","FTL","Self Repair","Steam"],"campfire_rested":3,"item_purchase_floors":[11,11,19,19,19,30],"current_hp_per_floor":[68,68,61,61,61,61,58,57,57,56,56,56,52,51,51,15,60,43,43,43,39,46,68,47,47,47,30,52,44,44,8,32,0],"gold":148,"neow_bonus":"ONE_RANDOM_RARE_CARD","is_prod":false,"is_daily":false,"chose_seed":false,"campfire_upgraded":1,"win_rate":0,"timestamp":1537156177,"path_taken":["M","?","?","?","?","R","E","M","T","?","$","R","E","M","R","BOSS","M","?","?","M","?","R","E","R","T","M","R","E","$","E","R","BOSS"],"build_version":"2018-08-23v2","purchased_purges":1,"victory":false,"max_hp_per_floor":[75,75,75,75,75,75,75,75,75,75,75,75,75,75,75,75,75,75,75,75,75,75,75,75,75,75,75,75,82,82,82,82,82],"card_choices":[{"not_picked":["Rip and Tear","FTL"],"picked":"Conserve Battery","floor":1.0},{"not_picked":["Sweeping Beam","Chaos"],"picked":"Ball Lightning","floor":7.0},{"not_picked":["Barrage","Steam"],"picked":"Sweeping Beam","floor":8.0},{"not_picked":["Stack","Barrage"],"picked":"Steam","floor":10.0},{"not_picked":["Streamline","Amplify"],"picked":"Gash","floor":13.0},{"not_picked":["Self Repair","Chaos"],"picked":"Skim","floor":14.0},{"not_picked":["Thunder Strike","Core Surge"],"picked":"Electrodynamics","floor":16.0},{"not_picked":["Lockon","Glacier"],"picked":"Loop","floor":18.0},{"not_picked":["Capacitor+1","Compile Driver"],"picked":"FTL","floor":21.0},{"not_picked":["Force Field","Steam"],"picked":"Hologram+1","floor":22.0},{"not_picked":["Conserve Battery","Redo"],"picked":"Ball Lightning","floor":24},{"not_picked":["Conserve Battery","Go for the Eyes"],"picked":"Beam Cell+1","floor":27},{"not_picked":["Recycle","Capacitor"],"picked":"Stack","floor":29},{"not_picked":["Blizzard","Barrage+1"],"picked":"FTL","floor":31}],"player_experience":1732157,"relics_obtained":[{"floor":7.0,"key":"Girya"},{"floor":9.0,"key":"Happy Flower"},{"floor":13.0,"key":"Boot"},{"floor":24,"key":"MawBank"},{"floor":26,"key":"Nunchaku"},{"floor":29,"key":"Strawberry"},{"floor":31,"key":"War Paint"}],"event_choices":[{"event_name":"WeMeetAgain","player_choice":"Gold","floor":2.0,"damage_taken":0.0},{"event_name":"Golden Wing","player_choice":"Card Removal","floor":3.0,"damage_taken":0.0},{"event_name":"The Cleric","player_choice":"Card Removal","floor":4.0,"damage_taken":0.0},{"event_name":"Match and Keep!","player_choice":"1 cards matched","floor":5.0,"damage_taken":0.0},{"event_name":"Vampires","player_choice":"Ignored","floor":20.0,"damage_taken":0.0}],"is_beta":false,"boss_relics":[{"not_picked":["Nuclear Battery","Orrery"],"picked":"Cursed Key"}],"items_purged_floors":[30],"is_endless":false,"potions_floor_spawned":[8,10,13,29,31],"killed_by":"Collector","ascension_level":9}