{"path_per_floor":["M","M","M","?","$","R","?","E","T","M","M","M","T","M","R","B",null,"M","?","M","?","M"],"character_chosen":"IRONCLAD","items_purchased":["Metallicize"],"gold_per_floor":[118,134,145,145,34,34,109,142,142,157,167,184,184,197,197,295,295,307,307,319,319,334],"floor_reached":23,"campfire_rested":1,"playtime":3319,"current_hp_per_floor":[42,45,51,51,51,51,40,50,50,53,57,58,58,52,94,72,94,70,70,59,43,33],"items_purged":["Strike_R"],"gold":334,"score":195,"play_id":"b5e90016-bd5c-41f6-89ae-ab5c081909d0","is_prod":false,"is_daily":false,"is_ascension_mode":false,"campfire_upgraded":1,"path_taken":["M","M","M","?","$","R","?","E","T","M","?","M","?","M","R","BOSS","M","?","?","?","M","E"],"build_version":"2018-02-08-PROD1","purchased_purges":1,"victory":false,"master_deck":["Defend_R","Bash","Clash","Shockwave+1","Dropkick","Dropkick","Flame Barrier","Burning Pact","Metallicize","Clothesline","Pummel","Wild Strike","Demon Form","Anger","Limit Break","Berserk+1","Dual Wield+1","Wild Strike+1","Iron Wave","Body Slam","Madness","Searing Blow+1"],"max_hp_per_floor":[80,80,80,80,80,80,80,94,94,94,94,94,94,94,94,94,94,94,94,94,94,94],"relics":["Burning Blood","Mango","Regal Pillow","Pen Nib","Astrolabe"],"card_choices":[{"not_picked":["Second Wind","Flex"],"picked":"Dropkick"},{"not_picked":["Twin Strike","Rage"],"picked":"Dropkick"},{"not_picked":["Clash","Shrug It Off"],"picked":"Flame Barrier"},{"not_picked":["Clash","Twin Strike"],"picked":"Clothesline"},{"not_picked":["Clash","Body Slam"],"picked":"Pummel"},{"not_picked":["Perfected Strike","Rampage"],"picked":"Wild Strike"},{"not_picked":["Flex","Clash"],"picked":"Demon Form"},{"not_picked":["Pommel Strike","Clothesline"],"picked":"Anger"},{"not_picked":["Brutality","Double Tap"],"picked":"Limit Break"},{"not_picked":["Pommel Strike","Warcry"],"picked":"Iron Wave"},{"not_picked":["Anger","Thunderclap"],"picked":"Body Slam"},{"not_picked":["Feel No Pain","Clash"],"picked":"Searing Blow"}],"player_experience":96306,"potions_floor_usage":[8,8,16,18,23,23],"damage_taken":[{"damage":4,"enemies":"Small Slimes","floor":1,"turns":3},{"damage":3,"enemies":"2 Louse","floor":2,"turns":2},{"damage":0,"enemies":"Cultist","floor":3,"turns":3},{"damage":10,"enemies":"Gremlin Nob","floor":8,"turns":6},{"damage":3,"enemies":"2 Fungi Beasts","floor":10,"turns":5},{"damage":2,"enemies":"Exordium Wildlife","floor":11,"turns":4},{"damage":5,"enemies":"Looter","floor":12,"turns":3},{"damage":12,"enemies":"Lots of Slimes","floor":14,"turns":4},{"damage":28,"enemies":"Hexaghost","floor":16,"turns":5},{"damage":30,"enemies":"2 Thieves","floor":18,"turns":4},{"damage":17,"enemies":"3 Byrds","floor":20,"turns":7},{"damage":16,"enemies":"Snecko","floor":22,"turns":5},{"damage":51,"enemies":"Book of Stabbing","floor":23,"turns":5}],"event_choices":[{"event_name":"Living Wall","player_choice":"Change","floor":4,"damage_taken":0},{"event_name":"World of Goop","player_choice":"Gather Gold","floor":7,"damage_taken":0},{"event_name":"Back to Basics","player_choice":"Elegance","floor":19,"damage_taken":0},{"event_name":"Knowing Skull","player_choice":"CARD ","floor":21,"damage_taken":0}],"boss_relics":[{"not_picked":["Tiny House","Runic Dome"],"picked":"Astrolabe"}],"potions_floor_spawned":[1,2,11,14,20,22],"seed_played":"7712040601832370843","killed_by":"Book of Stabbing","ascension_level":0,"is_trial":false}