{"gold_per_floor":[119,119,119,132,9,9,40,52,52,52,70,80,80,80,80,183,183,200,200,57,72,86,86],"floor_reached":23,"playtime":1633,"items_purged":[],"score":335,"play_id":"2983d664-207e-4f15-9d88-1f85aa8b0dc5","local_time":"20181123130226","is_ascension_mode":true,"campfire_choices":[{"data":"Sunder","floor":6,"key":"SMITH"},{"floor":13,"key":"REST"},{"floor":15,"key":"REST"}],"neow_cost":"NONE","seed_source_timestamp":697679308232730,"circlet_count":0,"master_deck":["AscendersBane","Strike_B","Strike_B","Strike_B","Defend_B","Defend_B","Defend_B","Zap","Dualcast","Conserve Battery","Streamline","Sunder+1","Impatience","Genetic Algorithm","Gash","Gash","Hologram","Fission","Tempest+1","Apotheosis","Gash","Streamline+1"],"relics":["Cracked Core","NeowsBlessing","Dodecahedron","The Courier","Runic Dome","FaceOfCleric"],"potions_floor_usage":[16,22,23],"damage_taken":[{"damage":0,"enemies":"Small Slimes","floor":1,"turns":1},{"damage":0,"enemies":"Jaw Worm","floor":4,"turns":1},{"damage":0,"enemies":"Lagavulin","floor":7,"turns":1},{"damage":5,"enemies":"Cultist","floor":8,"turns":3},{"damage":16,"enemies":"Red Slaver","floor":11,"turns":3},{"damage":15,"enemies":"3 Louse","floor":12,"turns":2},{"damage":28,"enemies":"Slime Boss","floor":16,"turns":9},{"damage":6,"enemies":"Spheric Guardian","floor":18,"turns":3},{"damage":23,"enemies":"Shell Parasite","floor":21,"turns":4},{"damage":15,"enemies":"Snecko","floor":22,"turns":4},{"damage":51,"enemies":"Slavers","floor":23,"turns":4}],"seed_played":"-2390007876598168942","potions_obtained":[{"floor":4,"key":"FearPotion"},{"floor":7,"key":"Swift Potion"},{"floor":11,"key":"Regen Potion"},{"floor":16,"key":"Regen Potion"}],"is_trial":false,"path_per_floor":["M","?","?","M","$","R","E","M","T","$","M","M","R","?","R","B",null,"M","?","$","M","M","E"],"character_chosen":"DEFECT","items_purchased":["Sunder","Impatience","Apotheosis"],"campfire_rested":2,"item_purchase_floors":[5,5,20],"current_hp_per_floor":[68,61,61,61,61,61,61,56,56,56,40,25,47,47,69,41,67,61,61,61,39,37,0],"gold":86,"neow_bonus":"THREE_ENEMY_KILL","is_prod":false,"is_daily":false,"chose_seed":false,"campfire_upgraded":1,"win_rate":0,"timestamp":1542996146,"path_taken":["M","?","?","?","$","R","E","M","T","?","M","M","R","?","R","BOSS","M","?","?","M","?","E"],"build_version":"2018-11-15","purchased_purges":0,"victory":false,"max_hp_per_floor":[75,75,75,75,75,75,75,75,75,75,75,75,75,75,75,75,75,75,75,75,76,77,77],"card_choices":[{"not_picked":["Turbo","Redo"],"picked":"Conserve Battery","floor":1},{"not_picked":["Reprogram","Turbo"],"picked":"Streamline","floor":4},{"not_picked":["BootSequence","Force Field"],"picked":"Genetic Algorithm","floor":7},{"not_picked":["Conserve Battery","Undo"],"picked":"Gash","floor":8},{"not_picked":["Lockon","Stack"],"picked":"Gash","floor":11},{"not_picked":["Hello World","Skim"],"picked":"Hologram","floor":12},{"not_picked":["Machine Learning","Multi-Cast"],"picked":"Fission","floor":16},{"not_picked":["Stack+1","Compile Driver+1"],"picked":"Tempest+1","floor":18},{"not_picked":["Blizzard","Stack"],"picked":"Gash","floor":21},{"not_picked":["Redo","Heatsinks"],"picked":"Streamline+1","floor":22}],"player_experience":2016585,"relics_obtained":[{"floor":7,"key":"Dodecahedron"},{"floor":9,"key":"The Courier"}],"event_choices":[{"cards_removed":["Defend_B"],"damage_healed":0,"gold_gain":0,"player_choice":"Card Removal","damage_taken":7,"max_hp_gain":0,"max_hp_loss":0,"event_name":"Golden Wing","floor":2,"gold_loss":0},{"cards_removed":["Strike_B"],"damage_healed":0,"gold_gain":0,"player_choice":"Purged","damage_taken":0,"max_hp_gain":0,"max_hp_loss":0,"event_name":"Purifier","floor":3,"gold_loss":0},{"damage_healed":0,"gold_gain":0,"player_choice":"Ignored","damage_taken":0,"max_hp_gain":0,"max_hp_loss":0,"event_name":"Liars Game","floor":14,"gold_loss":0},{"damage_healed":0,"gold_gain":0,"player_choice":"Trade","damage_taken":0,"relics_obtained":["FaceOfCleric"],"max_hp_gain":0,"max_hp_loss":0,"event_name":"FaceTrader","floor":19,"gold_loss":0}],"is_beta":false,"boss_relics":[{"not_picked":["Inserter","Philosopher\u0027s Stone"],"picked":"Runic Dome"}],"items_purged_floors":[],"is_endless":false,"potions_floor_spawned":[4,7,11,16,21],"killed_by":"Slavers","ascension_level":11}