{"gold_per_floor":[116,131,131,146,164,164,190,190,190,200,475,184,184,204,204,308,308,319,234,250,37,50,50,82,82,82,82,102,462,491,18,18,119,119,137,154,131,149,149,183,183,200,200,200,58,58,4,38,38,38,38,38,15,49,49],"floor_reached":56,"playtime":5749,"items_purged":["Regret","Strike_P","Strike_P"],"score":1704,"play_id":"53707e53-ed2e-4861-8550-e3ce7b0ddeda","local_time":"20190913234745","is_ascension_mode":true,"campfire_choices":[{"data":"Crescendo","floor":6.0,"key":"SMITH"},{"floor":8.0,"key":"REST"},{"data":"Devotion","floor":13.0,"key":"SMITH"},{"data":"Consecrate","floor":15.0,"key":"SMITH"},{"data":"Adaptation","floor":23.0,"key":"SMITH"},{"data":"FlurryOfBlows","floor":25.0,"key":"SMITH"},{"data":"FlyingSleeves","floor":27.0,"key":"SMITH"},{"data":"Eruption","floor":32.0,"key":"SMITH"},{"floor":41.0,"key":"RECALL"},{"data":"Devotion","floor":49.0,"key":"SMITH"},{"data":"CutThroughFate","floor":52.0,"key":"SMITH"}],"neow_cost":"PERCENT_DAMAGE","seed_source_timestamp":0,"circlet_count":0,"master_deck":["Strike_P","Strike_P","Defend_P","Defend_P","Defend_P","Eruption+1","Vigilance","JustLucky","Crescendo+1","FlurryOfBlows+1","FearNoEvil","EmptyBody+1","Consecrate+1","Worship+1","Devotion+1","PathToVictory+1","Vault","Prostrate+1","Adaptation+1","Protect+1","ForeignInfluence+1","FlyingSleeves+1","Meditate+1","InnerPeace+1","SignatureMove+1","CutThroughFate+1","EmptyMind+1","Parasite","CutThroughFate+1","Shame","Devotion+1","EmptyMind+1","ForeignInfluence+1"],"special_seed":0,"relics":["HolyWater","TungstenRod","Yang","Toxic Egg 2","Eternal Feather","Pen Nib","InkBottle","Toy Ornithopter","Mummified Hand","Cursed Key","Anchor","Vajra","Dream Catcher","Centennial Puzzle"],"potions_floor_usage":[55,55],"damage_taken":[{"damage":3.0,"enemies":"Small Slimes","floor":1.0,"turns":5.0},{"damage":0.0,"enemies":"Cultist","floor":2.0,"turns":2.0},{"damage":0.0,"enemies":"2 Louse","floor":4.0,"turns":3.0},{"damage":9.0,"enemies":"Lots of Slimes","floor":5.0,"turns":4.0},{"damage":11.0,"enemies":"Lagavulin","floor":7.0,"turns":4.0},{"damage":2.0,"enemies":"Large Slime","floor":10.0,"turns":4.0},{"damage":0.0,"enemies":"2 Fungi Beasts","floor":14.0,"turns":3.0},{"damage":0.0,"enemies":"Slime Boss","floor":16.0,"turns":7.0},{"damage":0.0,"enemies":"Shell Parasite","floor":18.0,"turns":2.0},{"damage":0.0,"enemies":"Chosen","floor":20.0,"turns":3.0},{"damage":2.0,"enemies":"Centurion and Healer","floor":22.0,"turns":7.0},{"damage":4.0,"enemies":"Gremlin Leader","floor":24.0,"turns":5.0},{"damage":0.0,"enemies":"3 Cultists","floor":28.0,"turns":2.0},{"damage":0.0,"enemies":"Slavers","floor":30.0,"turns":3.0},{"damage":0.0,"enemies":"Automaton","floor":33.0,"turns":6.0},{"damage":0.0,"enemies":"Orb Walker","floor":35.0,"turns":2.0},{"damage":0.0,"enemies":"3 Shapes","floor":36.0,"turns":3.0},{"damage":0.0,"enemies":"Writhing Mass","floor":38.0,"turns":4.0},{"damage":0.0,"enemies":"Nemesis","floor":40.0,"turns":3.0},{"damage":18.0,"enemies":"Maw","floor":42.0,"turns":5.0},{"damage":0.0,"enemies":"Reptomancer","floor":48.0,"turns":3.0},{"damage":3.0,"enemies":"Donu and Deca","floor":50.0,"turns":5.0},{"damage":0.0,"enemies":"Shield and Spear","floor":54.0,"turns":2.0},{"damage":50,"enemies":"The Heart","floor":55,"turns":6}],"seed_played":"5521213114435932833","potions_obtained":[{"floor":1.0,"key":"FearPotion"},{"floor":10.0,"key":"Fire Potion"},{"floor":20.0,"key":"GamblersBrew"},{"floor":22.0,"key":"SteroidPotion"},{"floor":30.0,"key":"Strength Potion"},{"floor":33.0,"key":"Dexterity Potion"},{"floor":36.0,"key":"AttackPotion"},{"floor":54.0,"key":"Dexterity Potion"}],"is_trial":false,"path_per_floor":["M","M","?","M","M","R","E","R","T","M","?","$","R","M","R","B",null,"M","?","M","$","M","R","E","R","T","R","M","?","E","$","R","B",null,"M","M","$","M","?","E","R","M","T","?","$","?","?","E","R","B",null,"R","$","E","B",null],"character_chosen":"WATCHER","items_purchased":["SteroidPotion","Consecrate","Worship+1","Devotion","Adaptation","Protect+1","InnerPeace+1","Mummified Hand","PowerPotion","EmptyMind+1","Devotion","StancePotion","EmptyMind+1"],"campfire_rested":1,"item_purchase_floors":[12,12,12,12,21,21,31,31,31,37,45,45,53],"current_hp_per_floor":[44,44,49,49,40,40,29,48,48,46,46,46,46,46,46,46,60,60,60,60,60,58,65,61,65,65,65,65,40,40,40,55,60,64,64,64,64,64,64,65,65,47,47,47,47,47,47,52,62,59,61,62,62,62,12],"gold":49,"neow_bonus":"ONE_RARE_RELIC","is_prod":false,"is_daily":false,"chose_seed":false,"campfire_upgraded":9,"win_rate":0,"timestamp":1568375265,"path_taken":["M","M","?","M","?","R","E","R","T","M","?","$","R","?","R","BOSS","M","?","M","$","M","R","E","R","T","R","M","?","E","$","R","BOSS","M","?","$","M","?","E","R","?","T","?","$","?","?","E","R","BOSS","R","$","E","BOSS"],"build_version":"2019-09-12","purchased_purges":3,"victory":true,"max_hp_per_floor":[65,65,65,65,65,65,65,65,65,65,65,65,65,65,65,65,65,65,65,65,65,65,65,65,65,65,65,65,65,65,65,65,65,65,65,65,65,65,65,65,65,65,65,65,65,62,62,62,62,62,62,62,62,62,62],"card_choices":[{"not_picked":["Swivel","Prostrate"],"picked":"JustLucky","floor":1.0},{"not_picked":["Prostrate","Clarity"],"picked":"FollowUp","floor":2.0},{"not_picked":["Scrawl","Halt"],"picked":"Crescendo","floor":4.0},{"not_picked":["PathToVictory","Weave"],"picked":"FlurryOfBlows","floor":5.0},{"not_picked":["EmptyFist","Crescendo"],"picked":"FearNoEvil","floor":7.0},{"not_picked":["Protect+1","EmptyFist"],"picked":"EmptyBody+1","floor":10.0},{"not_picked":["Consecrate","JustLucky"],"picked":"PathToVictory+1","floor":14.0},{"not_picked":["Unraveling+1","Alpha+1"],"picked":"Vault","floor":16.0},{"not_picked":["Clarity+1","Crescendo+1"],"picked":"Prostrate+1","floor":18.0},{"not_picked":["Crescendo+1","Sanctity+1","Consecrate+1"],"picked":"SKIP","floor":20.0},{"not_picked":["DevaForm","EmptyBody+1"],"picked":"ForeignInfluence+1","floor":22.0},{"not_picked":["DeceiveReality+1","BowlingBash"],"picked":"FlyingSleeves","floor":24.0},{"not_picked":["Weave","Protect+1","EmptyBody+1"],"picked":"SKIP","floor":28.0},{"not_picked":["Vault","Halt+1"],"picked":"Meditate+1","floor":30.0},{"not_picked":["Unraveling+1","Omniscience+1"],"picked":"SignatureMove","floor":33.0},{"not_picked":["BowlingBash","Crescendo+1"],"picked":"CutThroughFate","floor":35.0},{"not_picked":["Perseverance+1","FollowUp+1","Halt+1"],"picked":"SKIP","floor":36.0},{"not_picked":["Protect+1","ClearTheMind+1","ThirdEye+1"],"picked":"SKIP","floor":38.0},{"not_picked":["Vengeance+1","CutThroughFate","JustLucky"],"picked":"SKIP","floor":40.0},{"not_picked":["Weave","FollowUp"],"picked":"CutThroughFate+1","floor":42.0},{"not_picked":["ClearTheMind+1","PathToVictory+1","Halt+1"],"picked":"SKIP","floor":48.0},{"not_picked":["Unraveling+1","SandsOfTime"],"picked":"ForeignInfluence+1","floor":54.0}],"player_experience":1037626,"relics_obtained":[{"floor":7.0,"key":"Yang"},{"floor":9.0,"key":"Toxic Egg 2"},{"floor":24.0,"key":"Pen Nib"},{"floor":26.0,"key":"InkBottle"},{"floor":30.0,"key":"Toy Ornithopter"},{"floor":40.0,"key":"Anchor"},{"floor":48.0,"key":"Dream Catcher"},{"floor":54.0,"key":"Centennial Puzzle"}],"event_choices":[{"cards_removed":["FollowUp"],"damage_healed":5.0,"max_hp_gain":0.0,"max_hp_loss":0.0,"gold_gain":0.0,"event_name":"Bonfire Elementals","player_choice":"Offered Common","floor":3.0,"gold_loss":0.0,"damage_taken":0.0},{"cards_removed":["FollowUp"],"damage_healed":5.0,"max_hp_gain":0.0,"max_hp_loss":0.0,"gold_gain":0.0,"event_name":"Bonfire Elementals","player_choice":"Offered Special","floor":3.0,"gold_loss":0.0,"damage_taken":0.0},{"damage_healed":0.0,"max_hp_gain":0.0,"max_hp_loss":0.0,"gold_gain":275.0,"event_name":"Golden Shrine","player_choice":"Desecrate","floor":11.0,"gold_loss":0.0,"damage_taken":0.0,"cards_obtained":["Regret"]},{"damage_healed":0.0,"max_hp_gain":0.0,"max_hp_loss":0.0,"gold_gain":0.0,"event_name":"Addict","player_choice":"Obtained Relic","floor":19.0,"gold_loss":85.0,"damage_taken":0.0,"relics_obtained":["Eternal Feather"]},{"damage_healed":0.0,"max_hp_gain":0.0,"max_hp_loss":0.0,"gold_gain":360.0,"event_name":"Knowing Skull","player_choice":"GOLD GOLD GOLD GOLD ","floor":29.0,"potions_obtained":[],"gold_loss":0.0,"damage_taken":30.0,"cards_obtained":[]},{"damage_healed":0.0,"max_hp_gain":0.0,"max_hp_loss":0.0,"gold_gain":0.0,"event_name":"Upgrade Shrine","player_choice":"Upgraded","floor":39.0,"gold_loss":0.0,"damage_taken":0.0,"cards_upgraded":["SignatureMove"]},{"cards_removed":["Defend_P"],"damage_healed":0.0,"max_hp_gain":0.0,"max_hp_loss":0.0,"gold_gain":0.0,"event_name":"Falling","player_choice":"Removed Skill","floor":44.0,"gold_loss":0.0,"damage_taken":0.0},{"damage_healed":0.0,"max_hp_gain":0.0,"max_hp_loss":3.0,"gold_gain":0.0,"event_name":"Winding Halls","player_choice":"Max HP","floor":46.0,"gold_loss":0.0,"damage_taken":0.0},{"damage_healed":0.0,"max_hp_gain":0.0,"max_hp_loss":0.0,"gold_gain":0.0,"event_name":"WeMeetAgain","player_choice":"Paid Gold","floor":47.0,"gold_loss":54.0,"damage_taken":0.0,"relics_obtained":["Vajra"]}],"is_beta":true,"boss_relics":[{"not_picked":["Tiny House","Fusion Hammer"],"picked":"HolyWater"},{"not_picked":["SacredBark","Runic Dome"],"picked":"Cursed Key"}],"items_purged_floors":[12,21,31],"is_endless":false,"potions_floor_spawned":[1,10,20,22,30,33,35,36,54],"ascension_level":5}