{"gold_per_floor":[111,15,65,77,95,95,129,129,129,129,155,166,177,197,197,271,271,282,88,141,160,160,160,198,212,212,250,250,250,279,279,279,279],"floor_reached":33,"playtime":3049,"items_purged":[],"score":554,"play_id":"b79b81c2-ad02-40c7-9c96-021b25f94053","local_time":"20190802221104","is_ascension_mode":true,"campfire_choices":[{"floor":6,"key":"REST"},{"data":"True Grit","floor":8,"key":"SMITH"},{"data":"Bash","floor":10,"key":"SMITH"},{"floor":15,"key":"REST"},{"floor":23,"key":"REST"},{"floor":29,"key":"REST"},{"floor":32,"key":"REST"}],"neow_cost":"PERCENT_DAMAGE","seed_source_timestamp":518044413964942,"circlet_count":0,"master_deck":["AscendersBane","Strike_R+1","Strike_R+1","Strike_R+1","Strike_R+1","Strike_R+1","Defend_R+1","Defend_R+1","Defend_R+1","Defend_R+1","Bash+1","Disarm","Metallicize","True Grit+1","Sword Boomerang","Disarm","Feel No Pain","Pummel","Wild Strike","Metallicize","Shockwave","Immolate","Havoc+1","HandOfGreed","Anger+1","Headbutt+1","Rage","Spot Weakness"],"relics":["Burning Blood","Ornamental Fan","Paper Frog","Happy Flower","Sozu","Red Mask","Boot","Bag of Marbles"],"potions_floor_usage":[7,7,16,18],"damage_taken":[{"damage":15,"enemies":"Small Slimes","floor":1,"turns":3},{"damage":6,"enemies":"Cultist","floor":4,"turns":5},{"damage":8,"enemies":"2 Louse","floor":5,"turns":4},{"damage":26,"enemies":"Gremlin Nob","floor":7,"turns":4},{"damage":34,"enemies":"Lagavulin","floor":11,"turns":10},{"damage":4,"enemies":"Looter","floor":12,"turns":3},{"damage":3,"enemies":"2 Fungi Beasts","floor":13,"turns":6},{"damage":5,"enemies":"Blue Slaver","floor":14,"turns":4},{"damage":26,"enemies":"The Guardian","floor":16,"turns":14},{"damage":22,"enemies":"Spheric Guardian","floor":18,"turns":7},{"damage":38,"enemies":"Masked Bandits","floor":20,"turns":6},{"damage":0,"enemies":"3 Byrds","floor":21,"turns":5},{"damage":26,"enemies":"Colosseum Slavers","floor":22,"turns":6},{"damage":18,"enemies":"Sentry and Sphere","floor":24,"turns":7},{"damage":3,"enemies":"Snake Plant","floor":25,"turns":5},{"damage":7,"enemies":"Centurion and Healer","floor":27,"turns":6},{"damage":20,"enemies":"Gremlin Leader","floor":30,"turns":4},{"damage":69,"enemies":"Champ","floor":33,"turns":9}],"seed_played":"7937797610800206857","potions_obtained":[{"floor":1,"key":"Poison Potion"},{"floor":4,"key":"AttackPotion"},{"floor":12,"key":"GamblersBrew"},{"floor":13,"key":"SpeedPotion"}],"is_trial":false,"path_per_floor":["M","$","?","M","M","R","E","R","T","R","E","M","M","M","R","B",null,"M","$","?","M","?","R","M","M","T","M","?","R","E","?","R","B"],"character_chosen":"IRONCLAD","items_purchased":["Metallicize","True Grit","HandOfGreed"],"campfire_rested":5,"item_purchase_floors":[2,2,19],"current_hp_per_floor":[55,55,47,47,45,71,51,51,51,51,23,25,28,29,55,35,76,60,60,28,34,14,40,28,31,31,30,30,56,42,42,68,0],"gold":279,"neow_bonus":"TWENTY_PERCENT_HP_BONUS","is_prod":false,"is_daily":false,"chose_seed":false,"campfire_upgraded":2,"win_rate":0,"timestamp":1564798264,"path_taken":["M","$","?","M","M","R","E","R","T","R","E","M","?","M","R","BOSS","M","$","?","M","?","R","M","M","T","M","?","R","E","?","R","BOSS"],"build_version":"2019-01-23","purchased_purges":0,"victory":false,"max_hp_per_floor":[89,89,89,89,89,89,89,89,89,89,89,89,89,89,89,89,89,89,89,89,89,89,89,89,89,89,89,89,89,89,89,89,89],"card_choices":[{"not_picked":["Second Wind","Headbutt"],"picked":"Disarm","floor":1},{"not_picked":["Havoc","Twin Strike"],"picked":"Sword Boomerang","floor":4},{"not_picked":["Infernal Blade","Wild Strike"],"picked":"Disarm","floor":5},{"not_picked":["Clothesline","Sword Boomerang"],"picked":"Feel No Pain","floor":7},{"not_picked":["Clash","Berserk"],"picked":"Pummel","floor":11},{"not_picked":["Twin Strike","Rampage"],"picked":"Wild Strike","floor":12},{"not_picked":["Entrench","Clothesline"],"picked":"Metallicize","floor":13},{"not_picked":["Clash","Headbutt"],"picked":"Shockwave","floor":14},{"not_picked":["Dark Embrace","Exhume"],"picked":"Immolate","floor":16},{"not_picked":["Shrug It Off","Iron Wave"],"picked":"Havoc+1","floor":18},{"not_picked":["Body Slam","Shrug It Off"],"picked":"Anger+1","floor":20},{"not_picked":["Iron Wave","Entrench","Body Slam"],"picked":"SKIP","floor":21},{"not_picked":["True Grit","Dark Embrace"],"picked":"Headbutt+1","floor":24},{"not_picked":["Iron Wave","Pommel Strike"],"picked":"Rage","floor":25},{"not_picked":["Second Wind","Wild Strike"],"picked":"Spot Weakness","floor":27},{"not_picked":["Headbutt","Sword Boomerang","Armaments"],"picked":"SKIP","floor":30}],"player_experience":2757801,"relics_obtained":[{"floor":7,"key":"Ornamental Fan"},{"floor":9,"key":"Paper Frog"},{"floor":11,"key":"Happy Flower"},{"floor":20,"key":"Red Mask"},{"floor":26,"key":"Boot"},{"floor":30,"key":"Bag of Marbles"}],"event_choices":[{"damage_healed":0,"gold_gain":50,"player_choice":"Touch","damage_taken":8,"max_hp_gain":0,"max_hp_loss":0,"event_name":"FaceTrader","floor":3,"gold_loss":0},{"damage_healed":0,"gold_gain":0,"player_choice":"Fought Bandits","damage_taken":0,"max_hp_gain":0,"max_hp_loss":0,"event_name":"Masked Bandits","floor":20,"gold_loss":0},{"damage_healed":0,"gold_gain":0,"player_choice":"Fight","damage_taken":0,"max_hp_gain":0,"max_hp_loss":0,"event_name":"Colosseum","floor":22,"gold_loss":0},{"damage_healed":0,"gold_gain":0,"player_choice":"Fled From Nobs","damage_taken":0,"max_hp_gain":0,"max_hp_loss":0,"event_name":"Colosseum","floor":22,"gold_loss":0},{"damage_healed":0,"gold_gain":0,"player_choice":"Simplicity","damage_taken":0,"max_hp_gain":0,"max_hp_loss":0,"event_name":"Back to Basics","floor":28,"gold_loss":0,"cards_upgraded":["Strike_R","Strike_R","Strike_R","Strike_R","Strike_R","Defend_R","Defend_R","Defend_R","Defend_R"]},{"damage_healed":0,"gold_gain":0,"player_choice":"Ignored","damage_taken":0,"max_hp_gain":0,"max_hp_loss":0,"event_name":"Vampires","floor":31,"gold_loss":0}],"is_beta":false,"boss_relics":[{"not_picked":["Busted Crown","Coffee Dripper"],"picked":"Sozu"}],"items_purged_floors":[],"is_endless":false,"potions_floor_spawned":[1,4,5,12,13,18,24,25],"killed_by":"Champ","ascension_level":20}