{"path_per_floor":["M","?","?","M","?","R","E","$","T","E","T","M","?","M","R","B",null,"M","?","M","?","M","E","R","E","T","R","?","M","M","M","R","B",null,"M","M","M","?","?","R","E","R","T","?","M","M","M","?","R"],"character_chosen":"IRONCLAD","items_purchased":["Shrug It Off"],"gold_per_floor":[111,111,61,79,79,79,115,14,14,49,76,100,100,123,123,252,252,252,252,252,252,252,252,252,252,252,252,167,167,167,167,167,167,167,167,167,167,167,0,0,0,0,0,0,0,0,0,0,0],"floor_reached":50,"campfire_rested":3,"playtime":6147,"current_hp_per_floor":[80,60,60,63,63,63,42,42,42,33,33,42,42,48,48,34,80,80,72,69,69,65,43,67,58,58,58,58,61,59,73,73,29,80,80,57,27,17,17,41,32,71,71,71,47,34,31,70,70],"items_purged":["Defend_R"],"gold":0,"score":522,"play_id":"4cfb24a8-bdcc-41cd-b9e8-3735084d0802","is_prod":false,"is_daily":false,"is_ascension_mode":false,"campfire_upgraded":5,"path_taken":["M","?","?","M","?","R","E","$","T","E","?","M","?","?","R","BOSS","M","?","M","?","?","E","R","E","T","R","?","?","M","M","R","BOSS","M","M","M","?","?","R","E","R","T","?","M","?","?","?","R","BOSS"],"build_version":"2018-02-12-PROD1","purchased_purges":1,"victory":false,"master_deck":["Strike_R","Strike_R","Strike_R","Strike_R","Strike_R","Bash","Shrug It Off","Spot Weakness+1","Combust","Shrug It Off","Sword Boomerang+1","Power Through","Second Wind","Flame Barrier+1","Headbutt","Demon Form+1","Berserk","Shockwave+1","Sword Boomerang","Pommel Strike+1","Immolate","Clothesline+1","Perfected Strike","Bloodletting+1","Wild Strike","Bludgeon","Dual Wield+1","Perfected Strike","Body Slam+1","Madness","Madness","Limit Break+1","Metallicize+1","Intimidate","Armaments","True Grit","Battle Trance"],"max_hp_per_floor":[80,80,80,80,80,80,80,80,80,80,80,80,80,80,80,80,80,80,80,80,80,80,80,80,80,80,80,80,80,80,80,80,80,80,80,80,80,80,80,80,80,80,80,80,80,80,80,70,70],"relics":["Burning Blood","Golden Idol","Prayer Wheel","Magic Flower","Gremlin Horn","Ectoplasm","Nloth\u0027s Gift","Omamori","Orichalcum","Centennial Puzzle","Smiling Mask","Runic Cube","Red Mask","Regal Pillow","Dream Catcher"],"card_choices":[{"not_picked":["Warcry","Sword Boomerang"],"picked":"Shrug It Off"},{"not_picked":["Twin Strike","Anger"],"picked":"Spot Weakness"},{"not_picked":["Iron Wave","Juggernaut"],"picked":"Combust"},{"not_picked":["Havoc","Fire Breathing"],"picked":"Sword Boomerang"},{"not_picked":["Combust","Twin Strike"],"picked":"Power Through"},{"not_picked":["Armaments","Intimidate"],"picked":"Second Wind"},{"not_picked":["Dropkick","Havoc"],"picked":"Flame Barrier"},{"not_picked":["Burning Pact","Twin Strike"],"picked":"Demon Form"},{"not_picked":["Juggernaut","Immolate"],"picked":"Berserk"},{"not_picked":["Headbutt","Searing Blow"],"picked":"Body Slam"},{"not_picked":["Blood for Blood","True Grit"],"picked":"Shockwave"},{"not_picked":["Anger","Warcry"],"picked":"Sword Boomerang"},{"not_picked":["Shrug It Off","Sword Boomerang"],"picked":"Pommel Strike"},{"not_picked":["Armaments","Clothesline"],"picked":"Immolate"},{"not_picked":["Pommel Strike","Sentinel"],"picked":"Clothesline"},{"not_picked":["Burning Pact","Wild Strike"],"picked":"Perfected Strike"},{"not_picked":["Cleave","Body Slam"],"picked":"Bloodletting"},{"not_picked":["Warcry","Bloodletting"],"picked":"Wild Strike"},{"not_picked":["Berserk","Demon Form"],"picked":"Bludgeon"},{"not_picked":["Shrug It Off","Havoc"],"picked":"Dual Wield"},{"not_picked":["Searing Blow","Rage"],"picked":"Perfected Strike"},{"not_picked":["Shockwave","Armaments"],"picked":"Body Slam"},{"not_picked":["Sword Boomerang","Feel No Pain"],"picked":"Limit Break"},{"not_picked":["Pommel Strike","Warcry"],"picked":"Metallicize"},{"not_picked":["Berserk","Wild Strike"],"picked":"Armaments"},{"not_picked":["Corruption","Burning Pact"],"picked":"True Grit"},{"not_picked":["Thunderclap","Pommel Strike"],"picked":"Battle Trance"}],"player_experience":106562,"potions_floor_usage":[23,25,31,33,41,41,50,50],"damage_taken":[{"damage":0,"enemies":"Small Slimes","floor":1,"turns":3},{"damage":3,"enemies":"Jaw Worm","floor":4,"turns":4},{"damage":27,"enemies":"3 Sentries","floor":7,"turns":7},{"damage":18,"enemies":"Gremlin Nob","floor":10,"turns":3},{"damage":0,"enemies":"2 Louse","floor":12,"turns":2},{"damage":3,"enemies":"Red Slaver","floor":14,"turns":3},{"damage":23,"enemies":"Hexaghost","floor":16,"turns":8},{"damage":0,"enemies":"3 Byrds","floor":18,"turns":2},{"damage":12,"enemies":"Spheric Guardian","floor":20,"turns":3},{"damage":13,"enemies":"3 Cultists","floor":22,"turns":5},{"damage":31,"enemies":"Gremlin Leader","floor":23,"turns":7},{"damage":18,"enemies":"Slavers","floor":25,"turns":5},{"damage":6,"enemies":"Snecko","floor":29,"turns":4},{"damage":11,"enemies":"Sentry and Sphere","floor":30,"turns":6},{"damage":15,"enemies":"Centurion and Healer","floor":31,"turns":5},{"damage":53,"enemies":"Champ","floor":33,"turns":8},{"damage":6,"enemies":"Orb Walker","floor":35,"turns":4},{"damage":32,"enemies":"3 Darklings","floor":36,"turns":5},{"damage":39,"enemies":"4 Shapes","floor":37,"turns":5},{"damage":43,"enemies":"2 Orb Walkers","floor":41,"turns":6},{"damage":33,"enemies":"Sphere and 2 Shapes","floor":45,"turns":6},{"damage":22,"enemies":"3 Darklings","floor":46,"turns":4},{"damage":12,"enemies":"4 Shapes","floor":47,"turns":4},{"damage":81,"enemies":"Donu and Deca","floor":50,"turns":7}],"event_choices":[{"event_name":"Golden Idol","player_choice":"Take Damage","floor":2,"damage_taken":0},{"event_name":"The Cleric","player_choice":"Card Removal","floor":3,"damage_taken":0},{"event_name":"Liars Game","player_choice":"disagreed","floor":5,"damage_taken":0},{"event_name":"Living Wall","player_choice":"Change","floor":13,"damage_taken":0},{"event_name":"Wheel of Change","player_choice":"Damage","floor":19,"damage_taken":0},{"event_name":"N\u0027loth","player_choice":"Traded a Bag of Marbles","floor":21,"damage_taken":0},{"event_name":"Addict","player_choice":"Obtained Relic","floor":28,"damage_taken":0},{"event_name":"Winding Halls","player_choice":"Embrace Madness","floor":38,"damage_taken":0},{"event_name":"Tomb of Lord Red Mask","player_choice":"Paid","floor":39,"damage_taken":0},{"event_name":"Transmorgrifier","player_choice":"Transform","floor":44,"damage_taken":0},{"event_name":"The Moai Head","player_choice":"Heal","floor":48,"damage_taken":0}],"boss_relics":[{"not_picked":["Snecko Eye","Orrery"],"picked":"Ectoplasm"},{"not_picked":["Black Star","Philosopher\u0027s Stone"],"picked":"Runic Cube"}],"potions_floor_spawned":[7,10,14,18,20,22,23,29,36,46,47],"seed_played":"9090049450258223010","killed_by":"Donu and Deca","ascension_level":0,"is_trial":false}