{"gold_per_floor":[114,114,126,146,146,172,172,187,187,187,201,201,201,51,51,153,153,168,168,186,200,10,37,37,37,37,82,99,110,110,120,120,218,218,238,238,0,0,0,30,30,42,124,124,142,142,142,155,155,155],"floor_reached":50,"playtime":4207,"items_purged":["Strike_R"],"score":515,"play_id":"305ed768-fab5-4001-839e-77553631936a","local_time":"20181228002941","is_ascension_mode":false,"campfire_choices":[{"data":"Infernal Blade","floor":7.0,"key":"SMITH"},{"data":"Rage","floor":10.0,"key":"SMITH"},{"floor":12.0,"key":"RECALL"},{"data":"Shrug It Off","floor":15,"key":"SMITH"},{"floor":25,"key":"REST"},{"data":"Limit Break","floor":30,"key":"SMITH"},{"floor":32,"key":"REST"},{"floor":44,"key":"REST"},{"floor":46,"key":"REST"},{"data":"Demon Form","floor":49,"key":"SMITH"}],"neow_cost":"NONE","seed_source_timestamp":0,"circlet_count":0,"master_deck":["Strike_R","Strike_R","Strike_R","Defend_R","Defend_R","Defend_R","Defend_R","Bash","Madness","Iron Wave","Shrug It Off+1","Combust","Infernal Blade+1","Rage+1","Thunderclap","Barricade","Cleave+1","Battle Trance","Anger+1","Metallicize","Limit Break+1","Impervious","Warcry+1","Cleave+1","Demon Form+1","Clothesline+1","Metallicize","Impatience","Madness","Madness","Pummel","Pommel Strike","Clash+1","Blind","Panacea","Body Slam+1"],"special_seed":0,"relics":["Burning Blood","Boot","Shuriken","Happy Flower","Black Star","Calipers","Pantograph","Self Forming Clay","Lantern","Mark of Pain","Oddly Smooth Stone","Letter Opener","Mercury Hourglass"],"potions_floor_usage":[16,20,23,31,33,48],"damage_taken":[{"damage":8.0,"enemies":"Jaw Worm","floor":1.0,"turns":4.0},{"damage":2.0,"enemies":"Small Slimes","floor":3.0,"turns":4.0},{"damage":1.0,"enemies":"Cultist","floor":4.0,"turns":4.0},{"damage":39.0,"enemies":"3 Sentries","floor":6.0,"turns":8.0},{"damage":4.0,"enemies":"Large Slime","floor":8.0,"turns":3.0},{"damage":1.0,"enemies":"Exordium Wildlife","floor":11.0,"turns":3.0},{"damage":37,"enemies":"Hexaghost","floor":16,"turns":8},{"damage":2,"enemies":"3 Byrds","floor":18,"turns":6},{"damage":11,"enemies":"Spheric Guardian","floor":20,"turns":6},{"damage":26,"enemies":"Centurion and Healer","floor":21,"turns":6},{"damage":30,"enemies":"Slavers","floor":23,"turns":3},{"damage":18,"enemies":"3 Cultists","floor":28,"turns":5},{"damage":14,"enemies":"Shelled Parasite and Fungi","floor":29,"turns":8},{"damage":22,"enemies":"Snake Plant","floor":31,"turns":3},{"damage":43,"enemies":"Automaton","floor":33,"turns":12},{"damage":22,"enemies":"3 Shapes","floor":35,"turns":6},{"damage":44,"enemies":"Giant Head","floor":40,"turns":10},{"damage":10,"enemies":"3 Darklings","floor":42,"turns":5},{"damage":11,"enemies":"4 Shapes","floor":45,"turns":7},{"damage":17,"enemies":"Jaw Worm Horde","floor":48,"turns":4},{"damage":72,"enemies":"Awakened One","floor":50,"turns":5}],"seed_played":"-3833286280500586275","potions_obtained":[{"floor":1.0,"key":"BloodPotion"},{"floor":6.0,"key":"Ancient Potion"},{"floor":11.0,"key":"PowerPotion"},{"floor":16,"key":"Ancient Potion"},{"floor":19,"key":"Dexterity Potion"},{"floor":19,"key":"FairyPotion"},{"floor":21,"key":"Explosive Potion"},{"floor":28,"key":"LiquidBronze"},{"floor":31,"key":"Ancient Potion"},{"floor":45,"key":"SkillPotion"},{"floor":48,"key":"SteroidPotion"}],"is_trial":false,"path_per_floor":["M","?","M","M","?","E","R","M","T","R","M","R","?","$","R","B",null,"M","?","M","M","$","E","?","R","T","T","M","M","R","M","R","B",null,"M","?","$","?","?","E","$","M","T","R","M","R","?","M","R","B"],"character_chosen":"IRONCLAD","items_purchased":["Happy Flower","Metallicize","Limit Break","Metallicize","Impatience"],"campfire_rested":4,"item_purchase_floors":[14,22,22,37,37],"current_hp_per_floor":[78,75,79,80,80,55,55,57,57,57,62,62,62,62,62,31,80,80,80,75,55,55,31,31,55,55,55,43,35,35,19,43,31,80,64,64,64,64,54,16,16,12,12,36,31,55,50,39,39,0],"gold":155,"neow_bonus":"RANDOM_COLORLESS","is_prod":false,"is_daily":false,"chose_seed":false,"campfire_upgraded":5,"win_rate":0,"timestamp":1545974981,"path_taken":["M","?","M","M","?","E","R","M","T","R","M","R","?","$","R","BOSS","M","?","M","?","$","E","?","R","T","?","M","M","R","M","R","BOSS","M","?","$","?","?","E","?","M","T","R","M","R","?","M","R","BOSS"],"build_version":"2018-12-20","purchased_purges":1,"victory":false,"max_hp_per_floor":[80,80,80,80,80,80,80,80,80,80,80,80,80,80,80,80,80,80,80,80,80,80,80,80,80,80,80,80,80,80,80,80,80,80,80,80,80,80,80,80,80,80,80,80,80,80,80,80,80,80],"card_choices":[{"not_picked":["Twin Strike","Sword Boomerang"],"picked":"Iron Wave","floor":1.0},{"not_picked":["Wild Strike","Clash"],"picked":"Shrug It Off","floor":3.0},{"not_picked":["Seeing Red","Reckless Charge"],"picked":"Combust","floor":4.0},{"not_picked":["Berserk","Heavy Blade"],"picked":"Infernal Blade","floor":6.0},{"not_picked":["Headbutt","Heavy Blade"],"picked":"Rage","floor":8.0},{"not_picked":["Twin Strike","Cleave"],"picked":"Thunderclap","floor":11.0},{"not_picked":["Feed","Reaper"],"picked":"Barricade","floor":16},{"not_picked":["Thunderclap","Ghostly Armor"],"picked":"Cleave+1","floor":18},{"not_picked":["Reckless Charge","Warcry"],"picked":"Battle Trance","floor":20},{"not_picked":["Combust","Iron Wave"],"picked":"Anger+1","floor":21},{"not_picked":["Clash","Rage"],"picked":"Impervious","floor":23},{"not_picked":["Headbutt","Reckless Charge"],"picked":"Warcry+1","floor":28},{"not_picked":["Armaments","Infernal Blade"],"picked":"Fire Breathing","floor":29},{"not_picked":["Inflame","Uppercut"],"picked":"Cleave+1","floor":31},{"not_picked":["Exhume","Dark Embrace"],"picked":"Demon Form","floor":33},{"not_picked":["Headbutt+1","Flex"],"picked":"Clothesline+1","floor":35},{"not_picked":["Carnage","Wild Strike+1"],"picked":"Pummel","floor":40},{"not_picked":["Armaments","Thunderclap+1"],"picked":"Pommel Strike","floor":42},{"not_picked":["Uppercut","Anger"],"picked":"Clash+1","floor":45},{"not_picked":["Bandage Up","Apotheosis"],"picked":"Blind","floor":47},{"not_picked":["Good Instincts","Discovery"],"picked":"Panacea","floor":47},{"not_picked":["Havoc","Sword Boomerang"],"picked":"Body Slam+1","floor":48}],"player_experience":2125895,"relics_obtained":[{"floor":6.0,"key":"Shuriken"},{"floor":23,"key":"Calipers"},{"floor":23,"key":"Pantograph"},{"floor":26,"key":"Self Forming Clay"},{"floor":27,"key":"Lantern"},{"floor":40,"key":"Oddly Smooth Stone"},{"floor":40,"key":"Letter Opener"},{"floor":43,"key":"Mercury Hourglass"}],"event_choices":[{"damage_healed":0.0,"max_hp_gain":0.0,"max_hp_loss":0.0,"gold_gain":0.0,"event_name":"Scrap Ooze","player_choice":"Success","floor":2.0,"gold_loss":0.0,"damage_taken":3.0,"relics_obtained":["Boot"]},{"damage_healed":0.0,"max_hp_gain":0.0,"max_hp_loss":0.0,"gold_gain":0.0,"event_name":"Liars Game","player_choice":"Ignored","floor":5.0,"gold_loss":0.0,"damage_taken":0.0},{"cards_removed":["Strike_R"],"damage_healed":0.0,"max_hp_gain":0.0,"max_hp_loss":0.0,"gold_gain":0.0,"event_name":"Living Wall","player_choice":"Forget","floor":13.0,"gold_loss":0.0,"damage_taken":0.0},{"damage_healed":0,"gold_gain":0,"player_choice":"Got Potions","damage_taken":0,"max_hp_gain":0,"max_hp_loss":0,"event_name":"Lab","floor":19,"gold_loss":0},{"damage_healed":0,"gold_gain":0,"player_choice":"Ignored","damage_taken":0,"max_hp_gain":0,"max_hp_loss":0,"event_name":"Beggar","floor":24,"gold_loss":0},{"damage_healed":0,"gold_gain":0,"player_choice":"Ignored","damage_taken":0,"max_hp_gain":0,"max_hp_loss":0,"event_name":"Tomb of Lord Red Mask","floor":36,"gold_loss":0},{"cards_removed":["Fire Breathing"],"damage_healed":0,"gold_gain":0,"player_choice":"Removed Power","damage_taken":0,"max_hp_gain":0,"max_hp_loss":0,"event_name":"Falling","floor":38,"gold_loss":0},{"damage_healed":0,"gold_gain":0,"player_choice":"Embrace Madness","damage_taken":10,"max_hp_gain":0,"max_hp_loss":0,"event_name":"Winding Halls","floor":39,"gold_loss":0,"cards_obtained":["Madness","Madness"]},{"damage_healed":0,"gold_gain":0,"player_choice":"Memory 2","damage_taken":5,"max_hp_gain":0,"max_hp_loss":0,"event_name":"SensoryStone","floor":47,"gold_loss":0}],"is_beta":false,"boss_relics":[{"not_picked":["Busted Crown","Fusion Hammer"],"picked":"Black Star"},{"not_picked":["Runic Dome","Snecko Eye"],"picked":"Mark of Pain"}],"items_purged_floors":[37],"is_endless":false,"potions_floor_spawned":[1,6,11,16,21,28,31,45,48],"killed_by":"Awakened One","ascension_level":0}