{"gold_per_floor":[116,116,77,89,109,109,140,160,460,450,425,575,59,86,86,165,165,177,177,18,18,37,68,68,68,91,91,109,143,159,182,182,255,255,265,279,25,25],"floor_reached":38,"playtime":3911,"items_purged":["Doubt","Strike_G"],"score":810,"play_id":"a81492d3-cf4a-4ee6-89c6-614a5a1045ab","local_time":"20190310182623","is_ascension_mode":true,"campfire_choices":[{"data":"Neutralize","floor":6.0,"key":"SMITH"},{"data":"Bouncing Flask","floor":15.0,"key":"SMITH"},{"floor":24.0,"key":"REST"},{"data":"Panacea","floor":25.0,"key":"SMITH"},{"floor":27.0,"key":"REST"},{"data":"Footwork","floor":32.0,"key":"SMITH"}],"neow_cost":"CURSE","seed_source_timestamp":1239668414578056,"circlet_count":0,"master_deck":["AscendersBane","Defend_G","Defend_G","Defend_G","Defend_G+1","Defend_G","Strike_G","Strike_G","Strike_G","Strike_G","Survivor","Neutralize+1","Backflip","Footwork+1","Sucker Punch","Dagger Spray","Poisoned Stab","Well Laid Plans","Slice","Deflect+1","Quick Slash","Bouncing Flask+1","Die Die Die","Noxious Fumes+1","Panacea+1","Cloak And Dagger","Poisoned Stab","Footwork","Slice+1","PiercingWail","Dodge and Roll","Envenom","Deadly Poison","Leg Sweep","Burst"],"special_seed":0,"relics":["Ring of the Snake","Thread and Needle","WingedGreaves","Old Coin","War Paint","Sling","Torii","Lizard Tail","Bottled Lightning","Strawberry","Blood Vial","Regal Pillow","Black Star"],"potions_floor_usage":[38],"damage_taken":[{"damage":0.0,"enemies":"Jaw Worm","floor":1.0,"turns":6.0},{"damage":0.0,"enemies":"Cultist","floor":4.0,"turns":5.0},{"damage":0.0,"enemies":"Small Slimes","floor":5.0,"turns":3.0},{"damage":13.0,"enemies":"Gremlin Nob","floor":7.0,"turns":6.0},{"damage":0.0,"enemies":"Looter","floor":8.0,"turns":4.0},{"damage":0.0,"enemies":"Exordium Thugs","floor":10.0,"turns":4.0},{"damage":9.0,"enemies":"3 Sentries","floor":14.0,"turns":7.0},{"damage":2.0,"enemies":"The Guardian","floor":16.0,"turns":10.0},{"damage":1.0,"enemies":"3 Byrds","floor":18.0,"turns":5.0},{"damage":26.0,"enemies":"2 Thieves","floor":22.0,"turns":5.0},{"damage":18.0,"enemies":"Book of Stabbing","floor":23.0,"turns":7.0},{"damage":0.0,"enemies":"Cultist and Chosen","floor":28.0,"turns":7.0},{"damage":1.0,"enemies":"Gremlin Leader","floor":29.0,"turns":7.0},{"damage":7.0,"enemies":"3 Cultists","floor":30.0,"turns":6.0},{"damage":90,"enemies":"Collector","floor":33,"turns":14},{"damage":2,"enemies":"3 Shapes","floor":35,"turns":7},{"damage":27,"enemies":"3 Darklings","floor":36,"turns":8},{"damage":56,"enemies":"4 Shapes","floor":38,"turns":10}],"seed_played":"-6220127638796256735","potions_obtained":[{"floor":4.0,"key":"PowerPotion"},{"floor":7.0,"key":"Swift Potion"},{"floor":8.0,"key":"GamblersBrew"},{"floor":16.0,"key":"Energy Potion"},{"floor":22.0,"key":"FearPotion"},{"floor":28.0,"key":"Weak Potion"},{"floor":29.0,"key":"Poison Potion"},{"floor":36,"key":"Regen Potion"}],"is_trial":false,"path_per_floor":["M","?","$","M","M","R","E","M","T","M","$","?","$","E","R","B",null,"M","?","$","?","M","E","R","R","T","R","M","E","M","T","R","B",null,"M","M","$","M"],"character_chosen":"THE_SILENT","items_purchased":["Footwork","Deflect","Quick Slash","War Paint","Sling","Panacea","Cloak And Dagger","Burst"],"campfire_rested":2,"item_purchase_floors":[3,11,13,13,13,20,20,37],"current_hp_per_floor":[59,59,59,59,59,59,46,46,46,46,46,46,46,37,37,35,58,57,57,57,57,31,13,32,32,39,60,60,59,54,54,54,9,57,57,32,32,0],"gold":25,"neow_bonus":"ONE_RARE_RELIC","is_prod":false,"is_daily":false,"chose_seed":false,"campfire_upgraded":4,"win_rate":0,"timestamp":1552256783,"path_taken":["M","?","$","M","M","R","E","M","T","M","$","?","$","E","R","BOSS","M","?","$","?","?","E","R","R","T","R","M","E","M","?","R","BOSS","M","M","$","M"],"build_version":"2019-01-23","purchased_purges":2,"victory":false,"max_hp_per_floor":[66,66,66,66,66,66,66,66,66,66,66,66,66,66,66,66,66,66,66,66,66,66,66,66,66,73,73,73,73,73,73,73,73,73,73,73,73,73],"card_choices":[{"not_picked":["Bane","Sucker Punch"],"picked":"Backflip","floor":1.0},{"not_picked":["Blade Dance","Underhanded Strike"],"picked":"Sucker Punch","floor":4.0},{"not_picked":["Backflip","Deflect"],"picked":"Dagger Spray","floor":5.0},{"not_picked":["Heel Hook","Unload"],"picked":"Poisoned Stab","floor":7.0},{"not_picked":["Outmaneuver","Blade Dance"],"picked":"Well Laid Plans","floor":8.0},{"not_picked":["Outmaneuver","Finisher"],"picked":"Slice","floor":10.0},{"not_picked":["Phantasmal Killer","Choke"],"picked":"Bouncing Flask","floor":14.0},{"not_picked":["Wraith Form v2","Phantasmal Killer"],"picked":"Die Die Die","floor":16.0},{"not_picked":["Backstab+1","Acrobatics"],"picked":"Noxious Fumes","floor":18.0},{"not_picked":["Heel Hook","Slice"],"picked":"Poisoned Stab","floor":22.0},{"not_picked":["Expertise","A Thousand Cuts"],"picked":"Footwork","floor":23.0},{"not_picked":["Dodge and Roll","Outmaneuver"],"picked":"Slice+1","floor":28.0},{"not_picked":["Dagger Throw+1","Infinite Blades"],"picked":"PiercingWail","floor":29.0},{"not_picked":["Blade Dance","Predator"],"picked":"Dodge and Roll","floor":30.0},{"not_picked":["Unload","Tools of the Trade"],"picked":"Envenom","floor":33},{"not_picked":["Cloak And Dagger","Poisoned Stab"],"picked":"Deadly Poison","floor":35},{"not_picked":["Outmaneuver","All Out Attack"],"picked":"Leg Sweep","floor":36}],"player_experience":2361960,"relics_obtained":[{"floor":7.0,"key":"WingedGreaves"},{"floor":9.0,"key":"Old Coin"},{"floor":14.0,"key":"Torii"},{"floor":23.0,"key":"Bottled Lightning"},{"floor":26.0,"key":"Strawberry"},{"floor":29.0,"key":"Blood Vial"},{"floor":31.0,"key":"Regal Pillow"}],"event_choices":[{"cards_removed":["Clumsy"],"damage_healed":0.0,"max_hp_gain":0.0,"max_hp_loss":0.0,"gold_gain":0.0,"event_name":"Fountain of Cleansing","player_choice":"Removed Curses","floor":2.0,"gold_loss":0.0,"damage_taken":0.0},{"damage_healed":0.0,"max_hp_gain":0.0,"max_hp_loss":0.0,"gold_gain":150.0,"event_name":"Liars Game","player_choice":"AGREE","floor":12.0,"gold_loss":0.0,"damage_taken":0.0,"cards_obtained":["Doubt"]},{"damage_healed":0.0,"max_hp_gain":0.0,"max_hp_loss":0.0,"gold_gain":0.0,"event_name":"Cursed Tome","player_choice":"Ignored","floor":19.0,"gold_loss":0.0,"damage_taken":0.0},{"damage_healed":0.0,"max_hp_gain":0.0,"max_hp_loss":0.0,"gold_gain":0.0,"event_name":"Upgrade Shrine","player_choice":"Upgraded","floor":21.0,"gold_loss":0.0,"damage_taken":0.0,"cards_upgraded":["Noxious Fumes"]}],"is_beta":false,"boss_relics":[{"not_picked":["Astrolabe","Calling Bell"],"picked":"Lizard Tail"},{"not_picked":["Runic Pyramid","Pandora\u0027s Box"],"picked":"Black Star"}],"items_purged_floors":[13,37],"is_endless":false,"potions_floor_spawned":[4,7,8,16,22,28,29,36],"killed_by":"4 Shapes","ascension_level":16}