{"gold_per_floor":[111,131,32,32,46,80,80,109,109,123,123,135,151,186,186,291,291,306,22,22,22,22,22,28,43,118,118,147,4,4,17,17,118,118,132,148,158,177,21,21,21,34,34,34,47,47,65,65,65,65],"floor_reached":50,"playtime":3066,"items_purged":[],"score":557,"play_id":"a4566b98-bad9-408a-bdc1-9330cd23bcef","local_time":"20190824205148","is_ascension_mode":true,"campfire_choices":[{"floor":7,"key":"REST"},{"floor":11,"key":"REST"},{"data":"Heavy Blade","floor":15,"key":"SMITH"},{"floor":23,"key":"REST"},{"floor":27,"key":"REST"},{"floor":32,"key":"REST"},{"floor":40,"key":"REST"},{"floor":49,"key":"REST"}],"neow_cost":"NONE","seed_source_timestamp":564602990951514,"circlet_count":0,"master_deck":["Strike_R+1","Strike_R+1","Strike_R+1","Strike_R+1","Strike_R+1","Defend_R+1","Defend_R+1","Defend_R+1","Defend_R+1","Bash","Thunderclap","Bludgeon+1","Power Through","Sword Boomerang","Heavy Blade+1","Anger","Armaments","Clash","True Grit","Cleave+1","Reaper+1","Armaments","The Bomb+1","Combust","Heavy Blade+1","Perfected Strike+1","Demon Form","Rage","Twin Strike+1","Wild Strike+1","Infernal Blade","Demon Form","Perfected Strike+1","Carnage+1","Uppercut+1","Pommel Strike+1","Perfected Strike+1","Carnage+1","Doubt","Inflame+1","Cleave+1","Thinking Ahead"],"relics":["Burning Blood","Ornamental Fan","Bronze Scales","The Courier","Molten Egg 2","Lizard Tail","War Paint","Mercury Hourglass","Potion Belt","Regal Pillow","Juzu Bracelet"],"potions_floor_usage":[13,14,14,16,28,31,37,38,50],"damage_taken":[{"damage":7,"enemies":"2 Louse","floor":1,"turns":4},{"damage":13,"enemies":"Cultist","floor":2,"turns":6},{"damage":0,"enemies":"Jaw Worm","floor":5,"turns":1},{"damage":15,"enemies":"Gremlin Nob","floor":6,"turns":4},{"damage":31,"enemies":"Lagavulin","floor":8,"turns":4},{"damage":8,"enemies":"Large Slime","floor":10,"turns":3},{"damage":18,"enemies":"2 Fungi Beasts","floor":12,"turns":2},{"damage":13,"enemies":"3 Louse","floor":13,"turns":2},{"damage":6,"enemies":"Gremlin Nob","floor":14,"turns":3},{"damage":32,"enemies":"Slime Boss","floor":16,"turns":13},{"damage":26,"enemies":"Spheric Guardian","floor":18,"turns":5},{"damage":36,"enemies":"2 Thieves","floor":24,"turns":4},{"damage":18,"enemies":"Chosen and Byrds","floor":25,"turns":3},{"damage":44,"enemies":"Book of Stabbing","floor":28,"turns":5},{"damage":48,"enemies":"Snake Plant","floor":31,"turns":2},{"damage":46,"enemies":"Collector","floor":33,"turns":9},{"damage":34,"enemies":"3 Darklings","floor":35,"turns":3},{"damage":16,"enemies":"Orb Walker","floor":36,"turns":3},{"damage":21,"enemies":"4 Shapes","floor":37,"turns":3},{"damage":62,"enemies":"Spire Growth","floor":38,"turns":5},{"damage":94,"enemies":"Transient","floor":42,"turns":5},{"damage":64,"enemies":"3 Darklings","floor":45,"turns":5},{"damage":38,"enemies":"Sphere and 2 Shapes","floor":47,"turns":4},{"damage":63,"enemies":"Time Eater","floor":50,"turns":4}],"seed_played":"1818134544366700174","potions_obtained":[{"floor":6,"key":"AttackPotion"},{"floor":8,"key":"BloodPotion"},{"floor":13,"key":"AttackPotion"},{"floor":14,"key":"Swift Potion"},{"floor":18,"key":"SteroidPotion"},{"floor":28,"key":"SteroidPotion"},{"floor":36,"key":"Regen Potion"},{"floor":37,"key":"Block Potion"},{"floor":45,"key":"FearPotion"}],"is_trial":false,"path_per_floor":["M","M","$","?","M","E","R","E","T","M","R","M","M","E","R","B",null,"M","$","?","?","?","R","M","M","T","R","E","$","?","M","R","B",null,"M","M","M","M","$","R","$","M","T","?","M","?","M","?","R","B"],"character_chosen":"IRONCLAD","items_purchased":["Power Through","Sword Boomerang","The Bomb","Combust","War Paint","Rage","Twin Strike+1","Wild Strike+1","Regal Pillow","Perfected Strike+1"],"campfire_rested":7,"item_purchase_floors":[3,3,19,19,19,29,29,29,39,39],"current_hp_per_floor":[87,80,80,80,86,77,88,63,63,61,87,75,68,88,88,62,88,68,68,51,51,82,93,73,68,68,93,55,55,55,13,40,8,93,65,55,75,19,19,61,61,52,52,93,50,50,18,18,60,0],"gold":65,"neow_bonus":"TEN_PERCENT_HP_BONUS","is_prod":false,"is_daily":false,"chose_seed":false,"campfire_upgraded":1,"win_rate":0,"timestamp":1566690708,"path_taken":["M","M","$","?","M","E","R","E","T","?","R","M","M","E","R","BOSS","M","$","?","?","?","R","M","M","T","R","E","$","?","M","R","BOSS","M","M","M","M","$","R","$","M","T","?","M","?","M","?","R","BOSS"],"build_version":"2019-07-17","purchased_purges":0,"victory":false,"max_hp_per_floor":[88,88,88,88,88,88,88,88,88,88,88,88,88,88,88,88,88,88,88,93,93,93,93,93,93,93,93,93,93,93,93,93,93,93,93,93,93,93,93,93,93,93,93,93,93,93,93,93,93,93],"card_choices":[{"not_picked":["Warcry","Sword Boomerang"],"picked":"Thunderclap","floor":1},{"not_picked":["Twin Strike","Intimidate"],"picked":"Bludgeon","floor":2},{"not_picked":["Headbutt","Sword Boomerang"],"picked":"Heavy Blade","floor":5},{"not_picked":["Disarm","Impervious"],"picked":"Shockwave","floor":6},{"not_picked":["Clothesline","Blood for Blood"],"picked":"Anger","floor":8},{"not_picked":["Iron Wave","Uppercut"],"picked":"Armaments","floor":10},{"not_picked":["Battle Trance","Clothesline"],"picked":"Clash","floor":12},{"not_picked":["Reckless Charge","Headbutt"],"picked":"True Grit","floor":13},{"not_picked":["Sword Boomerang","Havoc"],"picked":"Cleave","floor":14},{"not_picked":["Berserk","Impervious"],"picked":"Reaper+1","floor":16},{"not_picked":["Sword Boomerang+1","Feel No Pain"],"picked":"Armaments","floor":18},{"not_picked":["Havoc+1","Whirlwind+1"],"picked":"Heavy Blade+1","floor":24},{"not_picked":["Heavy Blade+1","Searing Blow+1"],"picked":"Perfected Strike+1","floor":25},{"not_picked":["Cleave+1","Perfected Strike+1"],"picked":"Demon Form","floor":28},{"not_picked":["Headbutt+1","Corruption"],"picked":"Infernal Blade","floor":31},{"not_picked":["Dark Embrace","Limit Break"],"picked":"Demon Form","floor":33},{"not_picked":["Dropkick+1","Thunderclap+1"],"picked":"Perfected Strike+1","floor":35},{"not_picked":["Headbutt+1","Anger+1"],"picked":"Carnage+1","floor":36},{"not_picked":["Intimidate+1","Clothesline+1"],"picked":"Uppercut+1","floor":37},{"not_picked":["Whirlwind+1","Body Slam+1"],"picked":"Pommel Strike+1","floor":38},{"not_picked":["Havoc","Cleave+1"],"picked":"Carnage+1","floor":42},{"not_picked":["Bloodletting+1","Power Through+1"],"picked":"Inflame+1","floor":45},{"not_picked":["Combust","Armaments"],"picked":"Cleave+1","floor":47},{"not_picked":["Deep Breath","Jack Of All Trades"],"picked":"Thinking Ahead","floor":48}],"player_experience":349076,"relics_obtained":[{"floor":6,"key":"Ornamental Fan"},{"floor":8,"key":"Bronze Scales"},{"floor":9,"key":"The Courier"},{"floor":14,"key":"Molten Egg 2"},{"floor":26,"key":"Mercury Hourglass"},{"floor":28,"key":"Potion Belt"},{"floor":43,"key":"Juzu Bracelet"}],"event_choices":[{"damage_healed":0,"gold_gain":0,"player_choice":"Upgraded","damage_taken":0,"max_hp_gain":0,"max_hp_loss":0,"event_name":"Upgrade Shrine","floor":4,"gold_loss":0,"cards_upgraded":["Bludgeon"]},{"damage_healed":0,"gold_gain":0,"player_choice":"Shed Blood","damage_taken":22,"max_hp_gain":5,"max_hp_loss":0,"event_name":"Forgotten Altar","floor":20,"gold_loss":0},{"damage_healed":0,"gold_gain":0,"player_choice":"Ignored","damage_taken":0,"max_hp_gain":0,"max_hp_loss":0,"event_name":"Vampires","floor":21,"gold_loss":0},{"damage_healed":31,"gold_gain":0,"player_choice":"Heal","damage_taken":0,"max_hp_gain":0,"max_hp_loss":0,"event_name":"The Library","floor":22,"gold_loss":0},{"damage_healed":0,"gold_gain":0,"player_choice":"Simplicity","damage_taken":0,"max_hp_gain":0,"max_hp_loss":0,"event_name":"Back to Basics","floor":30,"gold_loss":0,"cards_upgraded":["Strike_R","Strike_R","Strike_R","Strike_R","Strike_R","Defend_R","Defend_R","Defend_R"]},{"damage_healed":41,"gold_gain":0,"player_choice":"Heal","damage_taken":0,"max_hp_gain":0,"max_hp_loss":0,"event_name":"MindBloom","floor":44,"gold_loss":0,"cards_obtained":["Doubt"]},{"cards_removed":["Shockwave"],"damage_healed":0,"gold_gain":0,"player_choice":"Removed Skill","damage_taken":0,"max_hp_gain":0,"max_hp_loss":0,"event_name":"Falling","floor":46,"gold_loss":0},{"damage_healed":0,"gold_gain":0,"player_choice":"Memory 1","damage_taken":0,"max_hp_gain":0,"max_hp_loss":0,"event_name":"SensoryStone","floor":48,"gold_loss":0}],"is_beta":false,"boss_relics":[{"not_picked":["Velvet Choker","Pandora\u0027s Box"],"picked":"Lizard Tail"},{"not_picked":[]}],"items_purged_floors":[],"is_endless":false,"potions_floor_spawned":[6,8,13,14,18,28,36,37,45],"killed_by":"Time Eater","ascension_level":2}