{"gold_per_floor":[112,37,37,112,131,165,165,182,263,280,280,280,294,306,306,380,380,392,426,476,28,46,46,46,78,78,78,95,111,25,42,42,113,113,129,129,45,56,56,56,75,75,75,75,107,107,133,133,133,133,133],"floor_reached":52,"playtime":1136,"items_purged":["Defend_R","Defend_R"],"score":2256,"play_id":"0d6bd1ac-b355-4d8d-bf1b-1f409e2ad821","local_time":"20191027101704","is_ascension_mode":true,"campfire_choices":[{"data":"Spot Weakness","floor":7.0,"key":"SMITH"},{"data":"Heavy Blade","floor":11.0,"key":"SMITH"},{"data":"Spot Weakness","floor":15.0,"key":"SMITH"},{"data":"Limit Break","floor":23.0,"key":"SMITH"},{"data":"Limit Break","floor":27.0,"key":"SMITH"},{"floor":32.0,"key":"REST"},{"data":"Offering","floor":40.0,"key":"SMITH"},{"data":"PanicButton","floor":42.0,"key":"SMITH"},{"data":"Inflame","floor":44.0,"key":"SMITH"},{"data":"Limit Break","floor":49,"key":"SMITH"}],"neow_cost":"NONE","seed_source_timestamp":2031519195662,"circlet_count":0,"master_deck":["AscendersBane","Strike_R","Strike_R","Strike_R","Strike_R","Strike_R","Defend_R+1","Bash+1","Cleave+1","Spot Weakness+1","Feed","Heavy Blade+1","Spot Weakness+1","Limit Break+1","Inflame+1","Battle Trance+1","Limit Break+1","Offering+1","Heavy Blade+1","PanicButton+1","Limit Break+1"],"special_seed":0,"relics":["Burning Blood","NeowsBlessing","Whetstone","Gremlin Horn","Philosopher\u0027s Stone","Red Mask","Membership Card","Gambling Chip","War Paint","Blue Candle","Orichalcum","SacredBark","DollysMirror","Nunchaku","StrikeDummy","Smiling Mask","The Courier"],"potions_floor_usage":[51],"damage_taken":[{"damage":0.0,"enemies":"2 Louse","floor":1.0,"turns":1.0},{"damage":0.0,"enemies":"Jaw Worm","floor":5.0,"turns":1.0},{"damage":0.0,"enemies":"Lagavulin","floor":6.0,"turns":1.0},{"damage":0.0,"enemies":"Small Slimes","floor":8.0,"turns":2.0},{"damage":0.0,"enemies":"Exordium Thugs","floor":10.0,"turns":2.0},{"damage":19.0,"enemies":"Gremlin Gang","floor":13.0,"turns":3.0},{"damage":6.0,"enemies":"Looter","floor":14.0,"turns":2.0},{"damage":57.0,"enemies":"The Guardian","floor":16.0,"turns":9.0},{"damage":12.0,"enemies":"Spheric Guardian","floor":18.0,"turns":3.0},{"damage":0.0,"enemies":"Masked Bandits","floor":19.0,"turns":2.0},{"damage":13.0,"enemies":"3 Byrds","floor":22.0,"turns":3.0},{"damage":0.0,"enemies":"Gremlin Leader","floor":25.0,"turns":3.0},{"damage":5.0,"enemies":"Snake Plant","floor":28.0,"turns":2.0},{"damage":12.0,"enemies":"Cultist and Chosen","floor":29.0,"turns":4.0},{"damage":24.0,"enemies":"Chosen and Byrds","floor":31.0,"turns":5.0},{"damage":2.0,"enemies":"Collector","floor":33.0,"turns":4.0},{"damage":12.0,"enemies":"Orb Walker","floor":35.0,"turns":2.0},{"damage":19.0,"enemies":"3 Shapes","floor":38.0,"turns":3.0},{"damage":6.0,"enemies":"3 Darklings","floor":41.0,"turns":2.0},{"damage":6,"enemies":"Reptomancer","floor":45,"turns":2},{"damage":10,"enemies":"Giant Head","floor":47,"turns":3},{"damage":6,"enemies":"Time Eater","floor":50,"turns":2},{"damage":6,"enemies":"Donu and Deca","floor":51,"turns":3}],"seed_played":"-5947801914137336504","potions_obtained":[{"floor":6.0,"key":"DistilledChaos"},{"floor":8.0,"key":"SneckoOil"},{"floor":13.0,"key":"Energy Potion"},{"floor":14.0,"key":"Fire Potion"},{"floor":29.0,"key":"BloodPotion"},{"floor":31.0,"key":"Explosive Potion"},{"floor":41.0,"key":"DuplicationPotion"}],"is_trial":false,"path_per_floor":["M","$","?","?","M","E","R","M","T","M","R","?","M","M","R","B",null,"M","?","?","$","M","R","?","E","T","R","M","M","$","M","R","B",null,"M","?","$","M","?","R","M","R","T","R","E","?","E","T","R","B","B",null],"character_chosen":"IRONCLAD","items_purchased":["Membership Card","Gambling Chip","FairyPotion","Orichalcum","DollysMirror"],"campfire_rested":1,"item_purchase_floors":[21,21,21,30,37],"current_hp_per_floor":[74,74,74,63,69,75,75,75,75,75,75,80,70,70,70,19,67,64,70,70,70,66,66,40,46,46,46,47,44,44,49,79,86,99,96,96,96,86,86,86,89,89,89,89,89,89,88,88,88,88,91],"gold":133,"neow_bonus":"THREE_ENEMY_KILL","is_prod":false,"is_daily":false,"chose_seed":false,"campfire_upgraded":9,"win_rate":0,"timestamp":1572167824,"path_taken":["M","$","?","?","M","E","R","M","T","?","R","?","M","M","R","BOSS","M","?","?","$","M","R","?","E","T","R","M","M","$","M","R","BOSS","M","?","$","?","?","R","M","R","T","R","E","?","E","?","R","BOSS","BOSS"],"build_version":"2019-10-25-V3","purchased_purges":2,"victory":true,"max_hp_per_floor":[75,75,75,75,75,75,75,75,75,75,75,80,83,83,83,83,83,86,86,86,86,89,89,94,94,94,94,94,97,97,100,100,103,103,106,106,106,109,109,109,112,112,112,112,112,112,115,115,115,115,118],"card_choices":[{"not_picked":["Clash","True Grit"],"picked":"Cleave","floor":1.0},{"not_picked":["Flame Barrier","Iron Wave","Combust"],"picked":"SKIP","floor":5.0},{"not_picked":["Shrug It Off","Flex"],"picked":"Spot Weakness","floor":6.0},{"not_picked":["Hemokinesis","Thunderclap"],"picked":"Feed","floor":8.0},{"not_picked":["Reckless Charge","Disarm"],"picked":"Heavy Blade","floor":10.0},{"not_picked":["Twin Strike","Second Wind","Cleave"],"picked":"SKIP","floor":13.0},{"not_picked":["Pummel","True Grit"],"picked":"Spot Weakness","floor":14.0},{"not_picked":["Immolate","Feed"],"picked":"Limit Break","floor":16.0},{"not_picked":["True Grit","Iron Wave"],"picked":"Inflame","floor":18.0},{"not_picked":["Pommel Strike","Clothesline"],"picked":"Battle Trance","floor":19.0},{"not_picked":["Blood for Blood","Cleave+1","Havoc+1"],"picked":"SKIP","floor":22.0},{"not_picked":["Anger","Feed"],"picked":"Limit Break","floor":25.0},{"not_picked":["True Grit","Armaments","Anger"],"picked":"SKIP","floor":28.0},{"not_picked":["Hemokinesis","Power Through","Armaments"],"picked":"SKIP","floor":29.0},{"not_picked":["Clash","True Grit","Perfected Strike+1"],"picked":"SKIP","floor":31.0},{"not_picked":["Double Tap","Limit Break"],"picked":"Offering","floor":33.0},{"not_picked":["True Grit","Pommel Strike","Sword Boomerang"],"picked":"SKIP","floor":35.0},{"not_picked":["Uppercut+1","Combust","Pommel Strike+1"],"picked":"SKIP","floor":38.0},{"not_picked":["Enlightenment","Deep Breath"],"picked":"PanicButton","floor":39.0},{"not_picked":["Bludgeon","True Grit","Cleave"],"picked":"SKIP","floor":41.0},{"not_picked":["Barricade","Rampage"],"picked":"Limit Break","floor":45},{"not_picked":["Pummel","Clothesline","Armaments"],"picked":"SKIP","floor":47}],"player_experience":899720,"relics_obtained":[{"floor":6.0,"key":"Whetstone"},{"floor":9.0,"key":"Gremlin Horn"},{"floor":19.0,"key":"Red Mask"},{"floor":25.0,"key":"War Paint"},{"floor":26.0,"key":"Blue Candle"},{"floor":43.0,"key":"Nunchaku"},{"floor":45,"key":"StrikeDummy"},{"floor":47,"key":"Smiling Mask"},{"floor":48,"key":"The Courier"}],"event_choices":[{"damage_healed":0.0,"max_hp_gain":0.0,"max_hp_loss":0.0,"gold_gain":0.0,"event_name":"Liars Game","player_choice":"Ignored","floor":3.0,"gold_loss":0.0,"damage_taken":0.0},{"damage_healed":0.0,"max_hp_gain":0.0,"max_hp_loss":0.0,"gold_gain":75.0,"event_name":"World of Goop","player_choice":"Gather Gold","floor":4.0,"gold_loss":0.0,"damage_taken":11.0},{"damage_healed":0.0,"max_hp_gain":5.0,"max_hp_loss":0.0,"gold_gain":0.0,"event_name":"Big Fish","player_choice":"Donut","floor":12.0,"gold_loss":0.0,"damage_taken":0.0},{"damage_healed":0.0,"max_hp_gain":0.0,"max_hp_loss":0.0,"gold_gain":0.0,"event_name":"Masked Bandits","player_choice":"Fought Bandits","floor":19.0,"gold_loss":0.0,"damage_taken":0.0},{"damage_healed":0.0,"max_hp_gain":0.0,"max_hp_loss":0.0,"gold_gain":50.0,"event_name":"Nest","player_choice":"Stole From Cult","floor":20.0,"gold_loss":0.0,"damage_taken":0.0},{"damage_healed":0.0,"max_hp_gain":5.0,"max_hp_loss":0.0,"gold_gain":0.0,"event_name":"Forgotten Altar","player_choice":"Shed Blood","floor":24.0,"gold_loss":0.0,"damage_taken":31.0},{"cards_removed":["Defend_R"],"damage_healed":0.0,"max_hp_gain":0.0,"max_hp_loss":0.0,"gold_gain":0.0,"event_name":"Purifier","player_choice":"Purged","floor":36.0,"gold_loss":0.0,"damage_taken":0.0},{"damage_healed":0.0,"max_hp_gain":0.0,"max_hp_loss":0.0,"gold_gain":0.0,"event_name":"SensoryStone","player_choice":"Memory 1","floor":39.0,"gold_loss":0.0,"damage_taken":0.0},{"damage_healed":0,"gold_gain":0,"player_choice":"Ignored","damage_taken":0,"max_hp_gain":0,"max_hp_loss":0,"event_name":"Tomb of Lord Red Mask","floor":46,"gold_loss":0}],"is_beta":true,"boss_relics":[{"not_picked":["Black Star","Empty Cage"],"picked":"Philosopher\u0027s Stone"},{"not_picked":["Snecko Eye","Cursed Key"],"picked":"SacredBark"}],"items_purged_floors":[2,21],"is_endless":false,"potions_floor_spawned":[6,8,13,14,25,29,31,41,45],"ascension_level":20}