{"gold_per_floor":[115,128,60,80,80,80,5,23,103,103,116,116,145,145,145,248,248,262,262,262,262,281,281,281],"floor_reached":24,"playtime":1256,"items_purged":["Strike_G"],"score":262,"play_id":"123b9497-7440-43f3-ab56-812fdd15e2b9","local_time":"20180903232119","is_ascension_mode":true,"campfire_choices":[{"data":"Noxious Fumes","floor":6,"key":"SMITH"},{"data":"Footwork","floor":10,"key":"SMITH"},{"floor":15,"key":"REST"},{"floor":23,"key":"REST"}],"neow_cost":"NONE","seed_source_timestamp":418852229501029,"circlet_count":0,"master_deck":["Defend_G+1","Defend_G","Defend_G+1","Defend_G","Defend_G","Strike_G","Strike_G","Strike_G","Strike_G","Survivor","Neutralize+1","Dagger Spray","PiercingWail","Noxious Fumes+1","Footwork+1","Deadly Poison","Venomology","Corpse Explosion","Blur"],"relics":["Ring of the Snake","Frozen Egg 2","War Paint","Fusion Hammer","MutagenicStrength","Potion Belt","Bottled Lightning"],"potions_floor_usage":[16,16,18,18,18,22,24,24],"damage_taken":[{"damage":0,"enemies":"2 Louse","floor":1,"turns":2},{"damage":1,"enemies":"Jaw Worm","floor":2,"turns":6},{"damage":0,"enemies":"Cultist","floor":4,"turns":4},{"damage":3,"enemies":"Blue Slaver","floor":8,"turns":5},{"damage":8,"enemies":"3 Louse","floor":11,"turns":3},{"damage":22,"enemies":"3 Sentries","floor":13,"turns":7},{"damage":21,"enemies":"Hexaghost","floor":16,"turns":11},{"damage":16,"enemies":"2 Thieves","floor":18,"turns":3},{"damage":12,"enemies":"Spheric Guardian","floor":22,"turns":5},{"damage":57,"enemies":"Book of Stabbing","floor":24,"turns":6}],"seed_played":"-8739004445256490548","potions_obtained":[{"floor":2,"key":"Energy Potion"},{"floor":4,"key":"AttackPotion"},{"floor":13,"key":"Regen Potion"},{"floor":16,"key":"Energy Potion"},{"floor":18,"key":"SteroidPotion"}],"is_trial":false,"path_per_floor":["M","M","$","M","$","R","$","M","T","R","M","?","E","?","R","B",null,"M","?","?","T","M","R"],"character_chosen":"THE_SILENT","items_purchased":["Noxious Fumes"],"campfire_rested":2,"item_purchase_floors":[3],"current_hp_per_floor":[63,62,62,62,62,62,62,59,59,59,51,51,29,29,50,44,64,48,48,48,48,36,57,0],"gold":281,"neow_bonus":"UPGRADE_CARD","is_prod":false,"is_daily":false,"chose_seed":false,"campfire_upgraded":2,"win_rate":0,"timestamp":1536031279,"path_taken":["M","M","$","M","$","R","$","M","T","R","M","?","E","?","R","BOSS","M","?","?","?","M","R","E"],"build_version":"2018-08-23v2","purchased_purges":1,"victory":false,"max_hp_per_floor":[70,70,70,70,70,70,70,70,70,70,70,70,70,70,70,70,70,70,70,70,70,70,70,70],"card_choices":[{"not_picked":["PiercingWail","Deflect"],"picked":"Dagger Spray","floor":1},{"not_picked":["Prepared","Acrobatics"],"picked":"PiercingWail","floor":2},{"not_picked":["Quick Slash","Dagger Spray"],"picked":"Footwork","floor":4},{"not_picked":["Tactician","Dagger Spray","Acrobatics"],"picked":"SKIP","floor":8},{"not_picked":["Outmaneuver","Blade Dance"],"picked":"Deadly Poison","floor":11},{"not_picked":["Expertise","Outmaneuver"],"picked":"Venomology","floor":13},{"not_picked":["A Thousand Cuts+1","Doppelganger"],"picked":"Corpse Explosion","floor":16},{"not_picked":["Dodge and Roll","Endless Agony","Masterful Stab"],"picked":"SKIP","floor":18},{"not_picked":["Flying Knee","Finisher"],"picked":"Blur","floor":22}],"player_experience":1648946,"relics_obtained":[{"floor":9,"key":"Frozen Egg 2"},{"floor":13,"key":"War Paint"},{"floor":21,"key":"Bottled Lightning"}],"event_choices":[{"event_name":"Shining Light","player_choice":"Ignored","floor":12,"damage_taken":0},{"event_name":"The Woman in Blue","player_choice":"Bought 0 Potions","floor":14,"damage_taken":0},{"event_name":"Drug Dealer","player_choice":"Inject Mutagens","floor":19,"damage_taken":0},{"event_name":"The Mausoleum","player_choice":"Yes","floor":20,"damage_taken":0}],"is_beta":false,"boss_relics":[{"not_picked":["Ectoplasm","Coffee Dripper"],"picked":"Fusion Hammer"}],"items_purged_floors":[7],"is_endless":false,"potions_floor_spawned":[2,4,13,16,18],"killed_by":"Book of Stabbing","ascension_level":7}