{"gold_per_floor":[112,112,131,4,17,17,35,70,70,87,101,121,121,136,136,207,207,224,239,254,62,74,74,92,124,124,124,139,172,192,210,210,210],"floor_reached":33,"playtime":3249,"items_purged":["Parasite"],"score":594,"play_id":"9e795aa3-09ed-45af-8ae8-ef395ab7466e","local_time":"20190829234507","is_ascension_mode":true,"campfire_choices":[{"data":"True Grit","floor":6.0,"key":"SMITH"},{"data":"Disarm","floor":13.0,"key":"SMITH"},{"data":"Clothesline","floor":15.0,"key":"SMITH"},{"data":"Body Slam","floor":23,"key":"SMITH"},{"floor":27,"key":"REST"},{"floor":32,"key":"REST"}],"neow_cost":"CURSE","seed_source_timestamp":863959609533582,"circlet_count":0,"master_deck":["AscendersBane","Strike_R","Strike_R","Strike_R","Strike_R","Strike_R+1","Defend_R","Defend_R","Defend_R","Defend_R","Bash","True Grit+1","Flame Barrier","Iron Wave","Thunderclap","Combust","Shrug It Off","Battle Trance","Disarm+1","Body Slam+1","Clothesline+1","Demon Form","Headbutt+1","Heavy Blade","Shockwave","Shrug It Off","Cleave","Limit Break","Iron Wave+1"],"special_seed":0,"relics":["Burning Blood","FossilizedHelix","Bag of Preparation","Meat on the Bone","Matryoshka","Busted Crown","Whetstone","Molten Egg 2","Shuriken","Oddly Smooth Stone"],"potions_floor_usage":[24,25,25,29,29],"damage_taken":[{"damage":0.0,"enemies":"Small Slimes","floor":1.0,"turns":3.0},{"damage":0.0,"enemies":"Jaw Worm","floor":3.0,"turns":3.0},{"damage":0.0,"enemies":"Cultist","floor":5.0,"turns":4.0},{"damage":0.0,"enemies":"Looter","floor":7.0,"turns":3.0},{"damage":19.0,"enemies":"3 Sentries","floor":8.0,"turns":7.0},{"damage":13.0,"enemies":"Large Slime","floor":10.0,"turns":6.0},{"damage":2.0,"enemies":"3 Louse","floor":11.0,"turns":3.0},{"damage":0.0,"enemies":"2 Fungi Beasts","floor":12.0,"turns":5.0},{"damage":0.0,"enemies":"Exordium Wildlife","floor":14.0,"turns":10.0},{"damage":18.0,"enemies":"The Guardian","floor":16.0,"turns":16.0},{"damage":20.0,"enemies":"Spheric Guardian","floor":18.0,"turns":7.0},{"damage":4.0,"enemies":"Shell Parasite","floor":19.0,"turns":7.0},{"damage":18.0,"enemies":"Centurion and Healer","floor":20.0,"turns":6.0},{"damage":9,"enemies":"Snake Plant","floor":22,"turns":6},{"damage":19,"enemies":"3 Cultists","floor":24,"turns":5},{"damage":9,"enemies":"Slavers","floor":25,"turns":6},{"damage":15,"enemies":"Chosen and Byrds","floor":28,"turns":6},{"damage":18,"enemies":"Gremlin Leader","floor":29,"turns":7},{"damage":19,"enemies":"Snake Plant","floor":30,"turns":5},{"damage":38,"enemies":"3 Cultists","floor":31,"turns":6},{"damage":55,"enemies":"Collector","floor":33,"turns":5}],"seed_played":"-4654506759272876686","potions_obtained":[{"floor":5.0,"key":"Weak Potion"},{"floor":7.0,"key":"Strength Potion"},{"floor":11.0,"key":"Block Potion"},{"floor":20.0,"key":"PowerPotion"},{"floor":22,"key":"Fire Potion"},{"floor":24,"key":"Fire Potion"},{"floor":25,"key":"SpeedPotion"},{"floor":28,"key":"SkillPotion"}],"is_trial":false,"path_per_floor":["M","?","M","$","M","R","M","E","T","M","M","M","R","M","R","B",null,"M","M","M","$","M","R","M","E","T","R","M","E","M","M","R","B"],"character_chosen":"IRONCLAD","items_purchased":["Iron Wave","Heavy Blade","Shockwave","Shrug It Off"],"campfire_rested":2,"item_purchase_floors":[4,21,21,21],"current_hp_per_floor":[74,69,75,72,72,72,72,59,59,52,56,62,62,68,68,56,68,54,56,44,44,53,53,52,49,49,70,61,49,48,28,49,0],"gold":210,"neow_bonus":"ONE_RARE_RELIC","is_prod":false,"is_daily":false,"chose_seed":false,"campfire_upgraded":4,"win_rate":0,"timestamp":1567136707,"path_taken":["M","?","M","?","M","R","M","E","T","M","M","M","R","M","R","BOSS","M","M","M","$","?","R","M","E","T","R","M","E","M","M","R","BOSS"],"build_version":"2019-01-23","purchased_purges":1,"victory":false,"max_hp_per_floor":[75,75,75,72,72,72,72,72,72,72,72,72,72,72,72,72,72,72,72,72,72,72,72,72,72,72,72,72,72,72,72,72,72],"card_choices":[{"not_picked":["Havoc","Battle Trance"],"picked":"True Grit","floor":1.0},{"not_picked":["Iron Wave","Twin Strike"],"picked":"Flame Barrier","floor":3.0},{"not_picked":["Flex","Brutality"],"picked":"Thunderclap","floor":5.0},{"not_picked":["Havoc","Ghostly Armor"],"picked":"Combust","floor":7.0},{"not_picked":["Clash","Iron Wave"],"picked":"Shrug It Off","floor":8.0},{"not_picked":["Clash","Second Wind"],"picked":"Battle Trance","floor":10.0},{"not_picked":["Shrug It Off","Sword Boomerang"],"picked":"Disarm","floor":11.0},{"not_picked":["Flex","Perfected Strike"],"picked":"Body Slam","floor":12.0},{"not_picked":["Uppercut","Reckless Charge"],"picked":"Clothesline","floor":14.0},{"not_picked":["Offering","Impervious"],"picked":"Demon Form","floor":16.0},{"not_picked":["Flex"],"picked":"SKIP","floor":18.0},{"not_picked":[],"picked":"Headbutt","floor":19.0},{"not_picked":["Perfected Strike"],"picked":"SKIP","floor":20.0},{"not_picked":["Headbutt"],"picked":"SKIP","floor":22},{"not_picked":["Headbutt+1"],"picked":"SKIP","floor":24},{"not_picked":[],"picked":"Cleave","floor":25},{"not_picked":["Entrench"],"picked":"SKIP","floor":28},{"not_picked":[],"picked":"Limit Break","floor":29},{"not_picked":[],"picked":"Iron Wave+1","floor":30},{"not_picked":["Clash+1"],"picked":"SKIP","floor":31}],"player_experience":2880301,"relics_obtained":[{"floor":8.0,"key":"Meat on the Bone"},{"floor":9.0,"key":"Matryoshka"},{"floor":25,"key":"Whetstone"},{"floor":26,"key":"Molten Egg 2"},{"floor":26,"key":"Shuriken"},{"floor":29,"key":"Oddly Smooth Stone"}],"event_choices":[{"damage_healed":0.0,"max_hp_gain":0.0,"max_hp_loss":0.0,"gold_gain":0.0,"event_name":"Scrap Ooze","player_choice":"Success","floor":2.0,"gold_loss":0.0,"damage_taken":5.0,"relics_obtained":["Bag of Preparation"]}],"is_beta":false,"boss_relics":[{"not_picked":["Runic Cube","Calling Bell"],"picked":"Busted Crown"}],"items_purged_floors":[4],"is_endless":false,"potions_floor_spawned":[5,7,11,12,20,22,24,25,28],"killed_by":"Collector","ascension_level":20}