{"gold_per_floor":[15,15,15,27,27,27,62,75,75,88,88,38,50,65,65,163,163,181,281,14,30,30,30,57,57,138,155,67,86,86,49,49,150,150,170,180,11,21,32,57,57,74,74,92,102,119,139,152,152,152],"floor_reached":51,"playtime":5345,"items_purged":["Strike_G"],"score":943,"play_id":"64f15dea-bf68-41e3-b882-d9695df631a1","local_time":"20180905220741","is_ascension_mode":true,"campfire_choices":[{"data":"Neutralize","floor":6,"key":"SMITH"},{"floor":11,"key":"REST"},{"data":"Footwork","floor":15,"key":"SMITH"},{"floor":23,"key":"REST"},{"floor":25,"key":"REST"},{"data":"Cloak And Dagger","floor":30,"key":"SMITH"},{"floor":32,"key":"REST"},{"floor":41,"key":"REST"},{"floor":49,"key":"REST"}],"neow_cost":"NO_GOLD","seed_source_timestamp":453358073931092,"circlet_count":0,"master_deck":["Defend_G","Defend_G","Defend_G","Defend_G","Strike_G","Strike_G","Survivor","Neutralize+1","After Image","Poisoned Stab","Masterful Stab","After Image","Footwork+1","Outmaneuver","Escape Plan","Corpse Explosion","Dash+1","Bane+1","Poisoned Stab+1","PiercingWail+1","A Thousand Cuts+1","Infinite Blades+1","Predator","Terror+1","Shame","Distraction+1","Sucker Punch+1","Accuracy+1","Cloak And Dagger+1","Heel Hook+1","Caltrops+1","Malaise","Cloak And Dagger","Accuracy+1","Footwork+1","Prepared","Jack Of All Trades","Outmaneuver+1","Concentrate+1","Escape Plan","Cloak And Dagger+1","Escape Plan","Infinite Blades+1","Backflip+1","Sucker Punch+1","Leg Sweep+1"],"relics":["Ring of the Snake","Mercury Hourglass","Vajra","Lantern","Astrolabe","Turnip","Frozen Egg 2","Ornamental Fan","Thread and Needle","Bottled Flame","Fusion Hammer","Blood Vial","Bottled Lightning"],"potions_floor_usage":[16,16,16,19,19,27,33,36,45,46,47,50],"damage_taken":[{"damage":0,"enemies":"Small Slimes","floor":1,"turns":6},{"damage":1,"enemies":"Jaw Worm","floor":4,"turns":4},{"damage":14,"enemies":"Lagavulin","floor":7,"turns":8},{"damage":6,"enemies":"2 Louse","floor":8,"turns":3},{"damage":5,"enemies":"Exordium Wildlife","floor":10,"turns":4},{"damage":0,"enemies":"Exordium Thugs","floor":13,"turns":5},{"damage":0,"enemies":"Looter","floor":14,"turns":2},{"damage":6,"enemies":"Slime Boss","floor":16,"turns":10},{"damage":0,"enemies":"Chosen","floor":18,"turns":4},{"damage":0,"enemies":"Colosseum Slavers","floor":19,"turns":4},{"damage":30,"enemies":"Colosseum Nobs","floor":19,"turns":3},{"damage":2,"enemies":"Shell Parasite","floor":21,"turns":6},{"damage":14,"enemies":"Gremlin Leader","floor":24,"turns":6},{"damage":0,"enemies":"Snake Plant","floor":27,"turns":5},{"damage":10,"enemies":"Centurion and Healer","floor":29,"turns":5},{"damage":28,"enemies":"Collector","floor":33,"turns":7},{"damage":0,"enemies":"Orb Walker","floor":35,"turns":4},{"damage":0,"enemies":"3 Darklings","floor":36,"turns":5},{"damage":0,"enemies":"Flame Bruiser 2 Orb","floor":38,"turns":4},{"damage":1,"enemies":"Sphere and 2 Shapes","floor":39,"turns":4},{"damage":40,"enemies":"2 Orb Walkers","floor":40,"turns":4},{"damage":15,"enemies":"4 Shapes","floor":42,"turns":4},{"damage":2,"enemies":"Flame Bruiser 2 Orb","floor":44,"turns":5},{"damage":0,"enemies":"Spire Growth","floor":45,"turns":4},{"damage":7,"enemies":"3 Darklings","floor":46,"turns":4},{"damage":1,"enemies":"Maw","floor":47,"turns":5},{"damage":0,"enemies":"Sphere and 2 Shapes","floor":48,"turns":5},{"damage":44,"enemies":"Donu and Deca","floor":50,"turns":6}],"seed_played":"-6364032083563489053","potions_obtained":[{"floor":7,"key":"Strength Potion"},{"floor":13,"key":"Explosive Potion"},{"floor":14,"key":"Energy Potion"},{"floor":16,"key":"AttackPotion"},{"floor":18,"key":"Dexterity Potion"},{"floor":29,"key":"SkillPotion"},{"floor":33,"key":"SpeedPotion"},{"floor":38,"key":"Ancient Potion"},{"floor":40,"key":"PowerPotion"},{"floor":42,"key":"Energy Potion"},{"floor":45,"key":"SpeedPotion"},{"floor":48,"key":"SpeedPotion"}],"is_trial":false,"path_per_floor":["M","?","?","M","$","R","E","M","T","M","R","?","M","M","R","B",null,"M","?","$","M","?","R","E","R","T","M","$","M","R","$","R","B",null,"M","M","$","M","M","E","R","M","T","M","M","M","M","M","R","B"],"character_chosen":"THE_SILENT","items_purchased":["Infinite Blades+1","GhostInAJar","Predator","Accuracy+1","Cloak And Dagger","Caltrops+1","Footwork+1","Prepared","Jack Of All Trades"],"campfire_rested":6,"item_purchase_floors":[20,20,20,28,28,31,37,37,37],"current_hp_per_floor":[63,63,56,55,55,55,41,35,35,30,51,51,51,51,51,45,64,64,34,34,32,32,53,39,60,60,60,60,50,50,50,70,42,63,63,63,63,63,62,22,43,30,30,30,32,27,28,30,51,9],"gold":152,"neow_bonus":"THREE_RARE_CARDS","is_prod":false,"is_daily":false,"chose_seed":false,"campfire_upgraded":3,"win_rate":0,"timestamp":1536199661,"path_taken":["M","?","?","M","?","R","E","?","T","M","R","?","M","M","R","BOSS","M","?","$","M","?","R","E","R","T","M","$","?","R","?","R","BOSS","M","M","$","M","?","E","R","M","T","M","M","M","M","M","R","BOSS"],"build_version":"2018-08-23v2","purchased_purges":1,"victory":true,"max_hp_per_floor":[70,70,70,70,70,70,70,70,70,70,70,70,70,70,70,70,70,70,70,70,70,70,70,70,70,70,70,70,70,70,70,70,70,70,70,70,70,70,70,70,70,70,70,70,70,70,70,70,70,70],"card_choices":[{"not_picked":["Grand Finale","Phantasmal Killer"],"picked":"After Image","floor":0},{"not_picked":["Underhanded Strike","Outmaneuver"],"picked":"Poisoned Stab","floor":1},{"not_picked":["Heel Hook","Dagger Spray"],"picked":"Masterful Stab","floor":4},{"not_picked":["Acrobatics","Heel Hook"],"picked":"After Image","floor":7},{"not_picked":["Poisoned Stab","Well Laid Plans"],"picked":"Footwork","floor":8},{"not_picked":["Deadly Poison","Backflip"],"picked":"Outmaneuver","floor":10},{"not_picked":["Expertise","Dodge and Roll","Underhanded Strike"],"picked":"SKIP","floor":13},{"not_picked":["Dagger Spray","Deflect"],"picked":"Escape Plan","floor":14},{"not_picked":["Wraith Form v2","Venomology"],"picked":"Corpse Explosion","floor":16},{"not_picked":["Flying Knee","Dagger Throw"],"picked":"PiercingWail+1","floor":18},{"not_picked":["Dodge and Roll","Cloak And Dagger"],"picked":"A Thousand Cuts","floor":19},{"not_picked":["Flying Knee","Dagger Throw"],"picked":"Terror+1","floor":21},{"not_picked":["Choke","Dagger Throw"],"picked":"Distraction+1","floor":24},{"not_picked":["Deadly Poison","Predator"],"picked":"Sucker Punch+1","floor":27},{"not_picked":["Deflect","Concentrate"],"picked":"Heel Hook+1","floor":29},{"not_picked":["Wraith Form v2+1","Glass Knife"],"picked":"Malaise","floor":33},{"not_picked":["Well Laid Plans+1","Prepared+1"],"picked":"Cloak And Dagger","floor":35},{"not_picked":["Bane+1","Endless Agony+1"],"picked":"Accuracy+1","floor":36},{"not_picked":["Underhanded Strike+1","Slice+1"],"picked":"Outmaneuver+1","floor":38},{"not_picked":["Bouncing Flask","Deadly Poison+1"],"picked":"Concentrate+1","floor":39},{"not_picked":["Choke","Grand Finale"],"picked":"Escape Plan","floor":40},{"not_picked":["Flying Knee+1","Quick Slash"],"picked":"Cloak And Dagger+1","floor":42},{"not_picked":["Dagger Throw+1","Predator"],"picked":"Escape Plan","floor":44},{"not_picked":["Quick Slash+1","Outmaneuver"],"picked":"Infinite Blades+1","floor":45},{"not_picked":["Acrobatics","PiercingWail+1"],"picked":"Backflip+1","floor":46},{"not_picked":["Underhanded Strike+1","Dagger Throw+1"],"picked":"Sucker Punch+1","floor":47},{"not_picked":["Backstab+1","Catalyst+1"],"picked":"Leg Sweep+1","floor":48}],"player_experience":1655650,"relics_obtained":[{"floor":7,"key":"Vajra"},{"floor":9,"key":"Lantern"},{"floor":19,"key":"Turnip"},{"floor":19,"key":"Frozen Egg 2"},{"floor":24,"key":"Thread and Needle"},{"floor":26,"key":"Bottled Flame"},{"floor":40,"key":"Blood Vial"},{"floor":43,"key":"Bottled Lightning"}],"event_choices":[{"event_name":"Liars Game","player_choice":"disagreed","floor":2,"damage_taken":0},{"event_name":"Scrap Ooze","player_choice":"success","floor":3,"damage_taken":7},{"event_name":"World of Goop","player_choice":"Left","floor":12,"damage_taken":0},{"event_name":"Colosseum","player_choice":"Fight","floor":19,"damage_taken":0},{"event_name":"Colosseum","player_choice":"Fought Nobs","floor":19,"damage_taken":0},{"event_name":"Addict","player_choice":"Stole Relic","floor":22,"damage_taken":0}],"is_beta":false,"boss_relics":[{"not_picked":["Empty Cage","Velvet Choker"],"picked":"Astrolabe"},{"not_picked":["Snecko Eye","Tiny House"],"picked":"Fusion Hammer"}],"items_purged_floors":[20],"is_endless":false,"potions_floor_spawned":[7,13,14,16,18,29,33,38,40,42,45,48],"ascension_level":7}