{"gold_per_floor":[117,192,205,217,228,228,255,274,274,290,290,307,307,63,63,138,138,149,161,171,241,241,271,271,296,320,334,334,344,175,195,195,195],"floor_reached":33,"playtime":2443,"items_purged":["Strike_R"],"score":631,"play_id":"6aca89c3-0998-481e-bc93-56b273868e64","local_time":"20190421194355","is_ascension_mode":true,"campfire_choices":[{"data":"Rage","floor":6.0,"key":"SMITH"},{"data":"Armaments","floor":11.0,"key":"SMITH"},{"data":"Whirlwind","floor":15.0,"key":"SMITH"},{"floor":24.0,"key":"REST"},{"data":"Shockwave","floor":28.0,"key":"SMITH"},{"data":"Rage","floor":32.0,"key":"SMITH"}],"neow_cost":"TEN_PERCENT_HP_LOSS","seed_source_timestamp":328913319688397,"circlet_count":0,"master_deck":["AscendersBane","Strike_R","Strike_R","Defend_R","Defend_R","Defend_R","Bash","Flame Barrier","Whirlwind+1","Cleave","Rage+1","Intimidate","Anger","Armaments+1","Flex","Reaper","Battle Trance+1","True Grit","Shockwave+1","Rage+1","Blind","Shrug It Off"],"special_seed":0,"relics":["Burning Blood","Gambling Chip","Meat on the Bone","Singing Bowl","Chemical X","Empty Cage","Sundial","PreservedInsect","Torii","Omamori"],"potions_floor_usage":[33,33],"damage_taken":[{"damage":7.0,"enemies":"Small Slimes","floor":1.0,"turns":4.0},{"damage":2.0,"enemies":"Jaw Worm","floor":3.0,"turns":5.0},{"damage":1.0,"enemies":"Cultist","floor":4.0,"turns":4.0},{"damage":1.0,"enemies":"3 Louse","floor":5.0,"turns":3.0},{"damage":55.0,"enemies":"Gremlin Nob","floor":7.0,"turns":6.0},{"damage":0.0,"enemies":"Gremlin Gang","floor":8.0,"turns":2.0},{"damage":15.0,"enemies":"Red Slaver","floor":10.0,"turns":4.0},{"damage":0.0,"enemies":"2 Fungi Beasts","floor":12.0,"turns":2.0},{"damage":0.0,"enemies":"Slime Boss","floor":16.0,"turns":6.0},{"damage":21.0,"enemies":"Spheric Guardian","floor":18.0,"turns":4.0},{"damage":0.0,"enemies":"3 Byrds","floor":19.0,"turns":5.0},{"damage":31.0,"enemies":"Centurion and Healer","floor":20.0,"turns":5.0},{"damage":48.0,"enemies":"Slavers","floor":23.0,"turns":6.0},{"damage":13.0,"enemies":"Gremlin Leader","floor":25.0,"turns":5.0},{"damage":0.0,"enemies":"3 Cultists","floor":27.0,"turns":2.0},{"damage":1.0,"enemies":"Snake Plant","floor":29.0,"turns":4.0},{"damage":11.0,"enemies":"Centurion and Healer","floor":31.0,"turns":3.0},{"damage":106,"enemies":"Champ","floor":33,"turns":15}],"seed_played":"-5723104485802683049","potions_obtained":[{"floor":1.0,"key":"SpeedPotion"},{"floor":3.0,"key":"GamblersBrew"},{"floor":7.0,"key":"EssenceOfSteel"},{"floor":10.0,"key":"Swift Potion"},{"floor":19.0,"key":"Poison Potion"},{"floor":23.0,"key":"Fire Potion"},{"floor":25.0,"key":"Regen Potion"},{"floor":31.0,"key":"Strength Potion"}],"is_trial":false,"path_per_floor":["M","?","M","M","M","R","E","M","T","M","R","M","?","$","R","B",null,"M","M","M","T","?","E","R","E","T","M","R","M","$","M","R","B"],"character_chosen":"IRONCLAD","items_purchased":["Chemical X","Flex","Blind"],"campfire_rested":1,"item_purchase_floors":[14,14,30],"current_hp_per_floor":[67,56,60,65,68,68,19,37,37,40,40,48,48,48,48,54,66,59,71,46,46,36,35,57,62,62,70,70,75,75,70,70,0],"gold":195,"neow_bonus":"ONE_RARE_RELIC","is_prod":false,"is_daily":false,"chose_seed":false,"campfire_upgraded":5,"win_rate":0,"timestamp":1555890235,"path_taken":["M","?","M","M","M","R","E","M","T","M","R","M","?","$","R","BOSS","M","M","M","?","?","E","R","E","T","?","R","M","?","M","R","BOSS"],"build_version":"2019-01-23","purchased_purges":1,"victory":false,"max_hp_per_floor":[68,68,68,68,68,68,68,68,68,68,68,70,70,70,70,70,70,72,72,72,72,72,74,74,74,74,76,76,76,76,76,76,76],"card_choices":[{"not_picked":["Corruption","Dropkick"],"picked":"Flame Barrier","floor":1.0},{"not_picked":["Twin Strike","Body Slam"],"picked":"Whirlwind","floor":3.0},{"not_picked":["Warcry","Body Slam"],"picked":"Cleave","floor":4.0},{"not_picked":["Berserk","True Grit"],"picked":"Rage","floor":5.0},{"not_picked":["Seeing Red","Corruption"],"picked":"Intimidate","floor":7.0},{"not_picked":["Twin Strike","Clothesline"],"picked":"Anger","floor":8.0},{"not_picked":["Rampage","Shrug It Off"],"picked":"Armaments","floor":10.0},{"not_picked":["Cleave","Evolve","Entrench"],"picked":"Singing Bowl","floor":12.0},{"not_picked":["Impervious","Brutality"],"picked":"Reaper","floor":16.0},{"not_picked":["Evolve","Infernal Blade","Anger"],"picked":"Singing Bowl","floor":18.0},{"not_picked":["Pommel Strike","Heavy Blade+1"],"picked":"Battle Trance+1","floor":19.0},{"not_picked":["Twin Strike","Body Slam"],"picked":"True Grit","floor":20.0},{"not_picked":["Dual Wield","Iron Wave","Body Slam"],"picked":"Singing Bowl","floor":23.0},{"not_picked":["Headbutt","Feed"],"picked":"Shockwave","floor":25.0},{"not_picked":["Burning Pact","Headbutt+1","Cleave"],"picked":"Singing Bowl","floor":27.0},{"not_picked":["Havoc+1","Infernal Blade"],"picked":"Rage","floor":29.0},{"not_picked":["Uppercut","Bloodletting"],"picked":"Shrug It Off","floor":31.0}],"player_experience":2509007,"relics_obtained":[{"floor":7.0,"key":"Meat on the Bone"},{"floor":9.0,"key":"Singing Bowl"},{"floor":21.0,"key":"Sundial"},{"floor":23.0,"key":"PreservedInsect"},{"floor":25.0,"key":"Torii"},{"floor":26.0,"key":"Omamori"}],"event_choices":[{"damage_healed":0.0,"max_hp_gain":0.0,"max_hp_loss":0.0,"gold_gain":75.0,"event_name":"World of Goop","player_choice":"Gather Gold","floor":2.0,"gold_loss":0.0,"damage_taken":11.0},{"cards_removed":["Strike_R"],"damage_healed":0.0,"max_hp_gain":0.0,"max_hp_loss":0.0,"gold_gain":0.0,"event_name":"Bonfire Elementals","player_choice":"Offered Basic","floor":13.0,"gold_loss":0.0,"damage_taken":0.0},{"damage_healed":0.0,"max_hp_gain":0.0,"max_hp_loss":0.0,"gold_gain":0.0,"event_name":"Wheel of Change","player_choice":"Damaged","floor":22.0,"gold_loss":0.0,"damage_taken":10.0}],"is_beta":false,"boss_relics":[{"not_picked":["Runic Dome","Black Blood"],"picked":"Empty Cage"}],"items_purged_floors":[30],"is_endless":false,"potions_floor_spawned":[1,3,7,10,16,19,23,25,31],"killed_by":"Champ","ascension_level":17}