{"gold_per_floor":[118,68,68,68,93,93,104,120,120,120,130,130,160,21,21,118,118,133,151,151,162,179,179,204,79,104,104,104,104,139,158,158,259,259,269,669,669,682,366,366,396,396,396,422,442,442,454,5,5,5],"floor_reached":51,"playtime":4144,"items_purged":["Strike_B","Strike_B","Defend_B"],"score":1129,"play_id":"a34d328a-47ac-4915-a593-d8e4e3e2fac6","local_time":"20181125224507","is_ascension_mode":true,"campfire_choices":[{"data":"Zap","floor":6,"key":"SMITH"},{"floor":12,"key":"REST"},{"floor":15,"key":"REST"},{"floor":23,"key":"REST"},{"data":"Panacea","floor":27,"key":"SMITH"},{"data":"Biased Cognition","floor":29,"key":"SMITH"},{"floor":32,"key":"REST"},{"floor":40,"key":"REST"},{"floor":42,"key":"REST"},{"floor":49,"key":"REST"}],"neow_cost":"NONE","seed_source_timestamp":716066980748032,"circlet_count":0,"master_deck":["AscendersBane","Strike_B","Defend_B+1","Defend_B+1","Zap+1","Dualcast","Panacea+1","Ball Lightning","Genetic Algorithm","Seek","Gash","FTL","Electrodynamics","Biased Cognition+1","Doom and Gloom","Sweeping Beam+1","Sweeping Beam+1","Skim+1","Coolheaded+1","Gash","Gash","Echo Form","Conserve Battery+1","Go for the Eyes+1","Biased Cognition+1","Gash+1","Thunder Strike","Loop","Beam Cell","Tempest+1","Defragment","Gash"],"relics":["Cracked Core","Omamori","Ancient Tea Set","Mummified Hand","Calling Bell","Bag of Preparation","Singing Bowl","Emotion Chip","Red Mask","Boot","Centennial Puzzle","Philosopher\u0027s Stone","Old Coin","Shuriken","Kunai","Dead Branch","OrangePellets"],"potions_floor_usage":[13,30,36],"damage_taken":[{"damage":3,"enemies":"Small Slimes","floor":1,"turns":3},{"damage":12,"enemies":"Jaw Worm","floor":7,"turns":3},{"damage":1,"enemies":"2 Louse","floor":8,"turns":2},{"damage":10,"enemies":"Exordium Thugs","floor":11,"turns":4},{"damage":14,"enemies":"Lagavulin","floor":13,"turns":7},{"damage":25,"enemies":"The Guardian","floor":16,"turns":11},{"damage":5,"enemies":"Shell Parasite","floor":18,"turns":4},{"damage":0,"enemies":"3 Byrds","floor":19,"turns":2},{"damage":16,"enemies":"Snake Plant","floor":21,"turns":3},{"damage":4,"enemies":"Cultist and Chosen","floor":22,"turns":4},{"damage":0,"enemies":"Masked Bandits","floor":24,"turns":1},{"damage":0,"enemies":"Book of Stabbing","floor":30,"turns":3},{"damage":10,"enemies":"Snecko","floor":31,"turns":4},{"damage":33,"enemies":"Collector","floor":33,"turns":6},{"damage":1,"enemies":"3 Shapes","floor":35,"turns":2},{"damage":21,"enemies":"Mind Bloom Boss Battle","floor":36,"turns":6},{"damage":1,"enemies":"Orb Walker","floor":38,"turns":2},{"damage":25,"enemies":"Reptomancer","floor":41,"turns":4},{"damage":4,"enemies":"Giant Head","floor":44,"turns":5},{"damage":0,"enemies":"Maw","floor":45,"turns":4},{"damage":5,"enemies":"3 Darklings","floor":47,"turns":3},{"damage":8,"enemies":"Time Eater","floor":50,"turns":4}],"seed_played":"3430219674031763101","potions_obtained":[{"floor":1,"key":"Weak Potion"},{"floor":8,"key":"SteroidPotion"},{"floor":13,"key":"LiquidBronze"},{"floor":21,"key":"Block Potion"},{"floor":33,"key":"SteroidPotion"},{"floor":35,"key":"SkillPotion"},{"floor":36,"key":"SkillPotion"}],"is_trial":false,"path_per_floor":["M","?","$","?","T","R","M","M","T","?","M","R","E","$","R","B",null,"M","M","?","M","M","R","?","$","T","R","?","R","E","M","R","B",null,"M","?","?","M","$","R","E","R","T","E","M","?","M","$","R","B",null],"character_chosen":"DEFECT","items_purchased":["Electrodynamics","Gash","Thunder Strike","Loop","OrangePellets","Defragment","Gash"],"campfire_rested":7,"item_purchase_floors":[14,25,39,39,48,48,48],"current_hp_per_floor":[65,65,65,58,58,58,46,45,45,30,20,42,28,28,50,25,63,58,58,51,35,31,53,53,53,53,53,53,53,55,47,70,37,69,68,47,47,46,46,69,44,67,67,65,67,67,62,62,83,75],"gold":5,"neow_bonus":"RANDOM_COLORLESS","is_prod":false,"is_daily":false,"chose_seed":false,"campfire_upgraded":3,"win_rate":0,"timestamp":1543203907,"path_taken":["M","?","$","?","?","R","M","M","T","?","?","R","E","$","R","BOSS","M","M","?","M","?","R","?","$","T","R","?","R","E","M","R","BOSS","M","?","?","M","$","R","E","R","T","E","?","?","?","?","R","BOSS"],"build_version":"2018-11-15","purchased_purges":3,"victory":true,"max_hp_per_floor":[75,75,75,75,75,75,75,75,75,75,75,75,75,75,75,75,75,75,75,75,75,75,75,75,75,75,75,75,75,77,79,79,79,79,79,79,79,79,79,79,79,79,79,81,83,83,83,83,83,83],"card_choices":[{"not_picked":["Turbo","Sweeping Beam"],"picked":"Ball Lightning","floor":1},{"not_picked":["Stack","Reinforced Body"],"picked":"Genetic Algorithm","floor":7},{"not_picked":["Redo","Go for the Eyes"],"picked":"Seek","floor":8},{"not_picked":["Genetic Algorithm","Undo"],"picked":"Gash","floor":11},{"not_picked":["Ball Lightning","Hologram"],"picked":"FTL","floor":13},{"not_picked":["Electrodynamics","Buffer"],"picked":"Biased Cognition","floor":16},{"not_picked":["Rebound","Steam"],"picked":"Doom and Gloom","floor":18},{"not_picked":["Rebound","Turbo+1"],"picked":"Sweeping Beam+1","floor":19},{"not_picked":["Go for the Eyes","Rip and Tear"],"picked":"Sweeping Beam+1","floor":21},{"not_picked":["Rebound","Reinforced Body"],"picked":"Skim+1","floor":22},{"not_picked":["Meteor Strike","Blizzard+1"],"picked":"Coolheaded+1","floor":24},{"not_picked":["Fusion","Redo","Double Energy"],"picked":"Singing Bowl","floor":30},{"not_picked":["Leap","Hologram","Glacier"],"picked":"Singing Bowl","floor":31},{"not_picked":["Fission","Electrodynamics"],"picked":"Echo Form","floor":33},{"not_picked":["Streamline+1","Heatsinks"],"picked":"Conserve Battery+1","floor":35},{"not_picked":["Sunder+1","Compile Driver+1"],"picked":"Go for the Eyes+1","floor":36},{"not_picked":["Double Energy+1","Barrage"],"picked":"Gash+1","floor":38},{"not_picked":["Cold Snap","Chaos+1"],"picked":"Beam Cell","floor":41},{"not_picked":["Rebound+1","Blizzard","Steam"],"picked":"Singing Bowl","floor":44},{"not_picked":["Stack","Glacier+1","Skim+1"],"picked":"Singing Bowl","floor":45},{"not_picked":["Stack","Amplify"],"picked":"Tempest+1","floor":47}],"player_experience":2025423,"relics_obtained":[{"floor":5,"key":"Omamori"},{"floor":9,"key":"Ancient Tea Set"},{"floor":13,"key":"Mummified Hand"},{"floor":17,"key":"Bag of Preparation"},{"floor":17,"key":"Singing Bowl"},{"floor":17,"key":"Emotion Chip"},{"floor":24,"key":"Red Mask"},{"floor":26,"key":"Boot"},{"floor":30,"key":"Centennial Puzzle"},{"floor":36,"key":"Old Coin"},{"floor":41,"key":"Shuriken"},{"floor":43,"key":"Kunai"},{"floor":44,"key":"Dead Branch"}],"event_choices":[{"cards_removed":["Strike_B"],"damage_healed":0,"gold_gain":0,"player_choice":"Card Removal","damage_taken":0,"max_hp_gain":0,"max_hp_loss":0,"event_name":"The Cleric","floor":2,"gold_loss":50},{"cards_removed":["Defend_B"],"damage_healed":0,"gold_gain":0,"player_choice":"Card Removal","damage_taken":7,"max_hp_gain":0,"max_hp_loss":0,"event_name":"Golden Wing","floor":4,"gold_loss":0},{"damage_healed":0,"gold_gain":0,"player_choice":"Entered Light","damage_taken":15,"max_hp_gain":0,"max_hp_loss":0,"event_name":"Shining Light","floor":10,"gold_loss":0,"cards_upgraded":["Defend_B","Defend_B"]},{"damage_healed":0,"gold_gain":0,"player_choice":"","damage_taken":7,"max_hp_gain":0,"max_hp_loss":0,"event_name":"Knowing Skull","floor":20,"potions_obtained":[],"gold_loss":0,"cards_obtained":[]},{"damage_healed":0,"gold_gain":0,"player_choice":"Fought Bandits","damage_taken":0,"max_hp_gain":0,"max_hp_loss":0,"event_name":"Masked Bandits","floor":24,"gold_loss":0},{"damage_healed":0,"gold_gain":0,"player_choice":"Read","damage_taken":0,"max_hp_gain":0,"max_hp_loss":0,"event_name":"The Library","floor":28,"gold_loss":0,"cards_obtained":["Gash"]},{"damage_healed":0,"gold_gain":0,"player_choice":"Fight","damage_taken":0,"max_hp_gain":0,"max_hp_loss":0,"event_name":"MindBloom","floor":36,"gold_loss":0},{"damage_healed":0,"gold_gain":0,"player_choice":"Copied","damage_taken":0,"max_hp_gain":0,"max_hp_loss":0,"event_name":"Duplicator","floor":37,"gold_loss":0,"cards_obtained":["Biased Cognition"]},{"cards_removed":["Clumsy"],"damage_healed":0,"gold_gain":0,"player_choice":"Removed Curses","damage_taken":0,"max_hp_gain":0,"max_hp_loss":0,"event_name":"Fountain of Cleansing","floor":46,"gold_loss":0}],"is_beta":false,"boss_relics":[{"not_picked":["Orrery","Snecko Eye"],"picked":"Calling Bell"},{"not_picked":["Eternal Feather","Empty Cage"],"picked":"Philosopher\u0027s Stone"}],"items_purged_floors":[25,39,48],"is_endless":false,"potions_floor_spawned":[1,8,13,21,22,33,35,36],"ascension_level":11}