{"gold_per_floor":[114,114,22,37,52,82,82,97,97,26,61,61,37,52,52,152,202,217,417,432,1,1,1,16,16,16,56,86,101,101,101],"floor_reached":31,"playtime":1518,"items_purged":[],"score":357,"play_id":"d07db957-a8d2-4628-8ced-002e8bd77379","local_time":"20191012191820","daily_mods":["Shiny","Colorless Cards","Binary"],"is_ascension_mode":false,"campfire_choices":[{"floor":7,"key":"REST"},{"data":"The Bomb","floor":12,"key":"SMITH"},{"data":"Die Die Die","floor":15,"key":"SMITH"},{"data":"Dagger Spray","floor":23,"key":"SMITH"},{"data":"Storm of Steel","floor":25,"key":"SMITH"},{"floor":30,"key":"REST"}],"neow_cost":"","seed_source_timestamp":0,"circlet_count":0,"master_deck":["Venomology","Corpse Explosion","Malaise","Phantasmal Killer","Die Die Die+1","Adrenaline","Envenom","Doppelganger","Burst","Wraith Form v2","Tools of the Trade","Night Terror","Unload","After Image","Bullet Time","Storm of Steel+1","Glass Knife","A Thousand Cuts","Grand Finale","Thinking Ahead","Metamorphosis","Master of Strategy","Magnetism","Chrysalis","Transmutation+1","HandOfGreed","Mayhem","Apotheosis","Secret Weapon","Panache","Violence","Secret Technique","The Bomb+1","Sadistic Nature","Blur","Blur","Flying Knee","Good Instincts","Caltrops","Accuracy","Flying Knee","Backflip","Dodge and Roll","Leg Sweep","Underhanded Strike","Slice","Storm of Steel","Jack Of All Trades","Dodge and Roll","Poisoned Stab","Dagger Spray+1","Deadly Poison","PiercingWail","Caltrops","Quick Slash","Cloak And Dagger","Dodge and Roll","Outmaneuver"],"special_seed":18181,"relics":["Ring of the Snake","Orichalcum","Meat on the Bone","Tiny House","Ninja Scroll","Boot","Molten Egg 2"],"potions_floor_usage":[16,27,28,28],"damage_taken":[{"damage":1,"enemies":"Small Slimes","floor":1,"turns":3},{"damage":6,"enemies":"Cultist","floor":4,"turns":3},{"damage":0,"enemies":"2 Louse","floor":5,"turns":2},{"damage":4,"enemies":"3 Sentries","floor":6,"turns":4},{"damage":0,"enemies":"Lots of Slimes","floor":8,"turns":1},{"damage":3,"enemies":"2 Fungi Beasts","floor":11,"turns":2},{"damage":0,"enemies":"Gremlin Gang","floor":14,"turns":1},{"damage":0,"enemies":"Slime Boss","floor":16,"turns":4},{"damage":0,"enemies":"Chosen","floor":18,"turns":4},{"damage":0,"enemies":"3 Byrds","floor":20,"turns":2},{"damage":9,"enemies":"Shelled Parasite and Fungi","floor":24,"turns":7},{"damage":12,"enemies":"Centurion and Healer","floor":27,"turns":4},{"damage":39,"enemies":"Slavers","floor":28,"turns":3},{"damage":17,"enemies":"Snake Plant","floor":29,"turns":4},{"damage":70,"enemies":"Book of Stabbing","floor":31,"turns":5}],"seed_played":"7316738918245520927","potions_obtained":[{"floor":4,"key":"SkillPotion"},{"floor":6,"key":"Explosive Potion"},{"floor":8,"key":"PowerPotion"},{"floor":16,"key":"PowerPotion"},{"floor":17,"key":"FairyPotion"},{"floor":27,"key":"EssenceOfSteel"}],"is_trial":false,"path_per_floor":["M","?","$","M","M","E","R","M","T","$","M","R","$","M","R","B",null,"M","?","M","$","?","R","M","R","T","M","E","M","R","E"],"character_chosen":"THE_SILENT","items_purchased":["Blur","Flying Knee","Backflip","Dodge and Roll","Underhanded Strike","Ninja Scroll","Dagger Spray","Deadly Poison","PiercingWail","Caltrops"],"campfire_rested":2,"item_purchase_floors":[3,3,10,10,13,21,21,21,21,21],"current_hp_per_floor":[69,69,69,63,63,59,70,70,70,70,67,67,67,67,67,67,75,75,75,75,75,75,75,66,66,66,54,27,22,44,0],"gold":101,"neow_bonus":"","is_prod":false,"is_daily":true,"chose_seed":false,"campfire_upgraded":4,"win_rate":0,"timestamp":1570918700,"path_taken":["M","?","$","M","M","E","R","M","T","$","M","R","?","M","R","BOSS","M","?","?","$","?","R","?","R","T","M","E","?","R","E"],"build_version":"2019-10-11","purchased_purges":0,"victory":false,"max_hp_per_floor":[70,70,70,70,70,70,70,70,70,70,70,70,70,70,70,70,75,75,75,75,75,75,75,75,75,75,75,75,75,75,75],"card_choices":[{"not_picked":["Bane"],"picked":"Blur","floor":1},{"not_picked":["Concentrate"],"picked":"Good Instincts","floor":4},{"not_picked":["Acrobatics"],"picked":"Caltrops","floor":5},{"not_picked":["Dodge and Roll"],"picked":"Accuracy","floor":6},{"not_picked":["PiercingWail"],"picked":"Flying Knee","floor":8},{"not_picked":["Prepared"],"picked":"Leg Sweep","floor":11},{"not_picked":["Tactician"],"picked":"Slice","floor":14},{"not_picked":["Transmutation"],"picked":"Storm of Steel","floor":16},{"not_picked":["Reflex"],"picked":"Jack Of All Trades","floor":17},{"not_picked":["Jack Of All Trades"],"picked":"Dodge and Roll","floor":18},{"not_picked":["Blind"],"picked":"Poisoned Stab","floor":20},{"not_picked":["Finesse+1"],"picked":"Quick Slash","floor":24},{"not_picked":["Acrobatics"],"picked":"Cloak And Dagger","floor":27},{"not_picked":["Riddle With Holes"],"picked":"Dodge and Roll","floor":28},{"not_picked":["Flechettes+1"],"picked":"Outmaneuver","floor":29}],"player_experience":452060,"relics_obtained":[{"floor":6,"key":"Orichalcum"},{"floor":9,"key":"Meat on the Bone"},{"floor":26,"key":"Boot"},{"floor":28,"key":"Molten Egg 2"}],"event_choices":[{"damage_healed":0,"gold_gain":0,"player_choice":"Ignored","damage_taken":0,"max_hp_gain":0,"max_hp_loss":0,"event_name":"Purifier","floor":2,"gold_loss":0},{"damage_healed":0,"gold_gain":250,"player_choice":"Bet on Owner","damage_taken":0,"max_hp_gain":0,"max_hp_loss":0,"event_name":"The Joust","floor":19,"gold_loss":50},{"damage_healed":0,"gold_gain":0,"player_choice":"Got Potions","damage_taken":0,"max_hp_gain":0,"max_hp_loss":0,"event_name":"Lab","floor":22,"gold_loss":0}],"is_beta":true,"boss_relics":[{"not_picked":["Snecko Eye","Ring of the Serpent"],"picked":"Tiny House"}],"items_purged_floors":[],"is_endless":false,"potions_floor_spawned":[4,6,8,16,18,20,27],"killed_by":"Book of Stabbing","ascension_level":0}