{"gold_per_floor":[109,109,127,137,155,155,182,182,182,199,232,232,232,55,55,158,158,177,129,139,139,139],"floor_reached":22,"playtime":1862,"items_purged":[],"score":291,"play_id":"63b3521e-2797-40cb-95f7-cf5f9ac26397","local_time":"20180926192600","is_ascension_mode":true,"campfire_choices":[{"data":"Perfected Strike","floor":6,"key":"SMITH"},{"floor":13,"key":"REST"},{"data":"Perfected Strike","floor":15,"key":"SMITH"}],"neow_cost":"TEN_PERCENT_HP_LOSS","seed_source_timestamp":281169975660257,"circlet_count":0,"master_deck":["Strike_R","Strike_R","Strike_R","Strike_R","Strike_R","Defend_R","Defend_R","Defend_R","Defend_R","Bash","AscendersBane","Clothesline+1","Perfected Strike+1","Blood for Blood","Dropkick","Feed","Perfected Strike+1","Perfected Strike+1","Mayhem","Immolate","Flame Barrier","Shrug It Off","Rage+1","Decay"],"relics":["Black Blood","Torii","Ornamental Fan","Bottled Flame","Turnip"],"potions_floor_usage":[4,5,10,22],"damage_taken":[{"damage":0,"enemies":"Small Slimes","floor":1,"turns":3},{"damage":10,"enemies":"Cultist","floor":3,"turns":5},{"damage":0,"enemies":"2 Louse","floor":4,"turns":1},{"damage":10,"enemies":"2 Fungi Beasts","floor":5,"turns":3},{"damage":25,"enemies":"Lagavulin","floor":7,"turns":6},{"damage":8,"enemies":"Lots of Slimes","floor":10,"turns":3},{"damage":31,"enemies":"3 Sentries","floor":11,"turns":7},{"damage":32,"enemies":"The Guardian","floor":16,"turns":8},{"damage":34,"enemies":"Shell Parasite","floor":18,"turns":5},{"damage":23,"enemies":"Spheric Guardian","floor":20,"turns":4},{"damage":42,"enemies":"Centurion and Healer","floor":22,"turns":3}],"seed_played":"-5336078356152758482","potions_obtained":[{"floor":1,"key":"FearPotion"},{"floor":3,"key":"Explosive Potion"},{"floor":7,"key":"SneckoOil"},{"floor":8,"key":"FairyPotion"},{"floor":8,"key":"FearPotion"},{"floor":8,"key":"SteroidPotion"},{"floor":18,"key":"FairyPotion"}],"is_trial":false,"path_per_floor":["M","?","M","M","M","R","E","?","T","M","E","?","R","$","R","B",null,"M","$","M","?"],"character_chosen":"IRONCLAD","items_purchased":["Mayhem","Shrug It Off"],"campfire_rested":1,"item_purchase_floors":[14,19],"current_hp_per_floor":[72,72,68,72,68,68,49,49,49,50,28,28,51,51,51,25,65,41,41,28,28,0],"gold":139,"neow_bonus":"ONE_RARE_RELIC","is_prod":false,"is_daily":false,"chose_seed":false,"campfire_upgraded":2,"win_rate":0,"timestamp":1538004360,"path_taken":["M","?","M","M","M","R","E","?","T","?","E","?","R","$","R","BOSS","M","$","M","?","M"],"build_version":"2018-08-23v2","purchased_purges":0,"victory":false,"max_hp_per_floor":[72,72,72,72,72,72,72,72,72,75,78,78,78,78,78,78,78,78,78,78,78,78],"card_choices":[{"not_picked":["Intimidate","Cleave"],"picked":"Clothesline","floor":1},{"not_picked":["Body Slam","Rampage"],"picked":"Perfected Strike","floor":3},{"not_picked":["Body Slam","Infernal Blade"],"picked":"Blood for Blood","floor":4},{"not_picked":["Feel No Pain","Dual Wield"],"picked":"Dropkick","floor":5},{"not_picked":["Headbutt","True Grit"],"picked":"Feed","floor":7},{"not_picked":["Headbutt","Rupture"],"picked":"Perfected Strike","floor":10},{"not_picked":["Twin Strike","Dropkick"],"picked":"Perfected Strike","floor":11},{"not_picked":["Offering","Feed"],"picked":"Immolate","floor":16},{"not_picked":["Thunderclap","Twin Strike"],"picked":"Flame Barrier","floor":18},{"not_picked":["Heavy Blade+1","Evolve"],"picked":"Rage+1","floor":20}],"player_experience":1769216,"relics_obtained":[{"floor":7,"key":"Ornamental Fan"},{"floor":9,"key":"Bottled Flame"},{"floor":11,"key":"Turnip"}],"event_choices":[{"event_name":"Upgrade Shrine","player_choice":"Upgraded","floor":2,"damage_taken":0},{"event_name":"The Lab","player_choice":"Got Potions","floor":8,"damage_taken":0},{"event_name":"Accursed Blacksmith","player_choice":"Forge","floor":12,"damage_taken":0},{"event_name":"Forgotten Altar","player_choice":"Smashed Altar","floor":21,"damage_taken":0}],"is_beta":false,"boss_relics":[{"not_picked":["Runic Cube","Runic Pyramid"],"picked":"Black Blood"}],"items_purged_floors":[],"is_endless":false,"potions_floor_spawned":[1,3,7,18],"killed_by":"Centurion and Healer","ascension_level":10}