{"gold_per_floor":[119,131,9,9,9,9,39,69,69,86,105,123,123,123,123,227,227,247,162,180,180,196,196,196,213,239,239,73,73,85,85],"floor_reached":31,"playtime":2772,"items_purged":[],"score":353,"play_id":"e676629a-d03f-4550-8a5a-86a57cac60ad","local_time":"20180930135551","is_ascension_mode":true,"campfire_choices":[{"data":"Deep Breath","floor":6.0,"key":"SMITH"},{"floor":13.0,"key":"REST"},{"data":"Leg Sweep","floor":15.0,"key":"SMITH"},{"floor":23,"key":"REST"},{"floor":27,"key":"REST"}],"neow_cost":"NONE","seed_source_timestamp":0,"circlet_count":0,"master_deck":["Defend_G","Defend_G","Defend_G","Defend_G","Defend_G","Strike_G","Strike_G","Strike_G","Strike_G","Strike_G","Survivor","Neutralize","AscendersBane","Bouncing Flask","PiercingWail","Slice","Deep Breath+1","Blur","Caltrops","Deflect","Cloak And Dagger","Leg Sweep+1","After Image","Blade Dance+1","Outmaneuver","Caltrops","Well Laid Plans+1","Noxious Fumes","Catalyst","Bane","Prepared+1"],"special_seed":0,"relics":["Ring of the Serpent","Boot","Lantern","Odd Mushroom","Darkstone Periapt","Paper Crane","Blood Vial"],"potions_floor_usage":[16,22,25],"damage_taken":[{"damage":1.0,"enemies":"Cultist","floor":1.0,"turns":5.0},{"damage":6.0,"enemies":"Jaw Worm","floor":2.0,"turns":3.0},{"damage":24.0,"enemies":"3 Sentries","floor":7.0,"turns":9.0},{"damage":15.0,"enemies":"The Mushroom Lair","floor":8.0,"turns":6.0},{"damage":0.0,"enemies":"2 Louse","floor":10.0,"turns":2.0},{"damage":0.0,"enemies":"Blue Slaver","floor":11.0,"turns":4.0},{"damage":1.0,"enemies":"3 Louse","floor":12.0,"turns":4.0},{"damage":14,"enemies":"Hexaghost","floor":16,"turns":11},{"damage":0,"enemies":"3 Byrds","floor":18,"turns":3},{"damage":1,"enemies":"Shell Parasite","floor":20,"turns":7},{"damage":19,"enemies":"Cultist and Chosen","floor":22,"turns":8},{"damage":23,"enemies":"Centurion and Healer","floor":25,"turns":11},{"damage":23,"enemies":"Snecko","floor":30,"turns":7},{"damage":62,"enemies":"3 Cultists","floor":31,"turns":6}],"seed_played":"-5669479195945412366","potions_obtained":[{"floor":1.0,"key":"Poison Potion"},{"floor":5.0,"key":"Weak Potion"},{"floor":5.0,"key":"Explosive Potion"},{"floor":7.0,"key":"LiquidBronze"},{"floor":10.0,"key":"Strength Potion"},{"floor":20,"key":"Weak Potion"},{"floor":22,"key":"PowerPotion"}],"is_trial":false,"path_per_floor":["M","M","$","$","?","R","E","?","T","M","M","M","R","?","R","B",null,"M","?","M","?","M","R","?","M","T","R","$","?","M"],"character_chosen":"THE_SILENT","items_purchased":["Slice","Deep Breath","Noxious Fumes","Catalyst","Bane"],"campfire_rested":3,"item_purchase_floors":[3,3,28,28,28],"current_hp_per_floor":[62,56,56,56,56,56,32,17,17,17,17,16,37,60,60,46,64,64,64,63,63,44,65,52,29,29,51,51,75,52,0],"gold":85,"neow_bonus":"RANDOM_COMMON_RELIC","is_prod":false,"is_daily":false,"chose_seed":false,"campfire_upgraded":2,"win_rate":0,"timestamp":1538330151,"path_taken":["M","?","?","$","?","R","E","?","T","M","M","?","R","?","R","BOSS","M","?","?","?","?","R","?","?","T","R","$","?","M","M"],"build_version":"2018-08-23v2","purchased_purges":0,"victory":false,"max_hp_per_floor":[70,70,70,70,70,70,70,70,70,70,70,70,70,70,70,70,70,70,70,70,70,70,70,75,75,75,75,75,75,75,75],"card_choices":[{"not_picked":["Finisher","Quick Slash"],"picked":"Bouncing Flask","floor":1.0},{"not_picked":["Sucker Punch","Expertise"],"picked":"PiercingWail","floor":2.0},{"not_picked":["Concentrate","Dagger Spray"],"picked":"Blur","floor":7.0},{"not_picked":["Poisoned Stab","Tactician"],"picked":"Caltrops","floor":8.0},{"not_picked":["Quick Slash","PiercingWail"],"picked":"Deflect","floor":10.0},{"not_picked":["Deflect","Predator"],"picked":"Cloak And Dagger","floor":11.0},{"not_picked":["Infinite Blades","Cloak And Dagger"],"picked":"Leg Sweep","floor":12.0},{"not_picked":["Wraith Form v2","Adrenaline"],"picked":"After Image","floor":16},{"not_picked":["Deflect","Backflip"],"picked":"Blade Dance+1","floor":18},{"not_picked":["Reflex","Prepared"],"picked":"Outmaneuver","floor":20},{"not_picked":["PiercingWail","Crippling Poison"],"picked":"Caltrops","floor":22},{"not_picked":["Footwork","Caltrops"],"picked":"Well Laid Plans+1","floor":25},{"not_picked":["Masterful Stab+1","Well Laid Plans"],"picked":"Prepared+1","floor":30}],"player_experience":1786459,"relics_obtained":[{"floor":7.0,"key":"Lantern"},{"floor":8.0,"key":"Odd Mushroom"},{"floor":9.0,"key":"Darkstone Periapt"},{"floor":26,"key":"Blood Vial"}],"event_choices":[{"event_name":"The Lab","player_choice":"Got Potions","floor":5.0,"damage_taken":0.0},{"event_name":"Mushrooms","player_choice":"Fought Mushrooms","floor":8.0,"damage_taken":0.0},{"event_name":"Big Fish","player_choice":"Banana","floor":14.0,"damage_taken":0.0},{"event_name":"Addict","player_choice":"Obtained Relic","floor":19,"damage_taken":0},{"event_name":"Vampires","player_choice":"Ignored","floor":21,"damage_taken":0},{"event_name":"Forgotten Altar","player_choice":"Shed Blood","floor":24,"damage_taken":0},{"event_name":"The Library","player_choice":"Heal","floor":29,"damage_taken":0}],"is_beta":false,"boss_relics":[{"not_picked":["HoveringKite","Empty Cage"],"picked":"Ring of the Serpent"}],"items_purged_floors":[],"is_endless":false,"potions_floor_spawned":[1,7,10,20,22],"killed_by":"3 Cultists","ascension_level":10}