{"gold_per_floor":[209,384,399,250,250,250,175,125,180,210,226,226,226,245,245,364,427,427,448,194,210,234,234,234],"floor_reached":24,"playtime":955,"items_purged":["Doubt","Strike_R"],"score":254,"play_id":"f785cdab-d32a-4297-a5bc-c91d02e31230","local_time":"20191027021006","is_ascension_mode":true,"campfire_choices":[{"data":"Inflame","floor":6,"key":"SMITH"},{"floor":13,"key":"REST"},{"data":"Limit Break","floor":15,"key":"SMITH"},{"floor":23,"key":"REST"}],"neow_cost":"NONE","seed_source_timestamp":979767271139800,"circlet_count":0,"master_deck":["Strike_R+1","Strike_R","Strike_R","Defend_R","Defend_R","Defend_R","Defend_R","Bash","Sword Boomerang","Cleave","Inflame+1","Heavy Blade","Limit Break+1","Ghostly Armor","Limit Break","Armaments+1"],"relics":["Burning Blood","Singing Bowl","Tiny Chest","Torii","Golden Idol","Tiny House","PreservedInsect"],"potions_floor_usage":[18,22,22,24],"damage_taken":[{"damage":0,"enemies":"Small Slimes","floor":1,"turns":3},{"damage":3,"enemies":"2 Louse","floor":3,"turns":3},{"damage":16,"enemies":"Gremlin Nob","floor":10,"turns":3},{"damage":7,"enemies":"Jaw Worm","floor":11,"turns":2},{"damage":2,"enemies":"Exordium Wildlife","floor":14,"turns":4},{"damage":25,"enemies":"The Guardian","floor":16,"turns":8},{"damage":6,"enemies":"3 Byrds","floor":18,"turns":3},{"damage":1,"enemies":"Spheric Guardian","floor":19,"turns":3},{"damage":22,"enemies":"Centurion and Healer","floor":21,"turns":4},{"damage":18,"enemies":"Snake Plant","floor":22,"turns":4},{"damage":103,"enemies":"Gremlin Leader","floor":24,"turns":4}],"seed_played":"504717404638760922","potions_obtained":[{"floor":16,"key":"Regen Potion"},{"floor":17,"key":"SmokeBomb"},{"floor":19,"key":"AttackPotion"},{"floor":22,"key":"SmokeBomb"}],"is_trial":false,"path_per_floor":["M","?","M","$","?","R","$","?","T","E","M","?","R","M","R","B",null,"M","M","$","M","M","R","E"],"character_chosen":"IRONCLAD","items_purchased":["Inflame","Heavy Blade","PowerPotion","PreservedInsect"],"campfire_rested":2,"item_purchase_floors":[4,7,7,20],"current_hp_per_floor":[80,80,80,80,73,73,73,73,73,63,64,44,68,72,72,53,89,89,91,91,75,65,92,0],"gold":234,"neow_bonus":"HUNDRED_GOLD","is_prod":false,"is_daily":false,"chose_seed":false,"campfire_upgraded":2,"win_rate":0,"timestamp":1572135006,"path_taken":["M","?","M","$","?","R","$","?","T","E","M","?","R","M","R","BOSS","M","M","$","M","M","R","E"],"build_version":"2019-07-17","purchased_purges":2,"victory":false,"max_hp_per_floor":[80,80,80,80,80,80,80,80,80,80,82,82,82,82,82,82,89,89,91,91,91,93,93,93],"card_choices":[{"not_picked":["Havoc","Pommel Strike"],"picked":"Sword Boomerang","floor":1},{"not_picked":["Perfected Strike","Sword Boomerang"],"picked":"Cleave","floor":3},{"not_picked":["Warcry","Shrug It Off"],"picked":"Limit Break","floor":10},{"not_picked":["Blood for Blood","Perfected Strike","Headbutt"],"picked":"Singing Bowl","floor":11},{"not_picked":["Infernal Blade","Metallicize"],"picked":"Ghostly Armor","floor":14},{"not_picked":["Offering","Demon Form"],"picked":"Limit Break","floor":16},{"not_picked":["Searing Blow","Ghostly Armor","Havoc"],"picked":"Singing Bowl","floor":17},{"not_picked":["Clash+1","Thunderclap","Spot Weakness"],"picked":"Singing Bowl","floor":19},{"not_picked":["Headbutt+1","Wild Strike"],"picked":"Armaments+1","floor":21},{"not_picked":["Cleave","Perfected Strike+1","Shrug It Off"],"picked":"Singing Bowl","floor":22}],"player_experience":148501,"relics_obtained":[{"floor":9,"key":"Tiny Chest"},{"floor":10,"key":"Torii"}],"event_choices":[{"damage_healed":0,"gold_gain":175,"player_choice":"AGREE","damage_taken":0,"max_hp_gain":0,"max_hp_loss":0,"event_name":"Liars Game","floor":2,"gold_loss":0,"cards_obtained":["Doubt"]},{"damage_healed":0,"gold_gain":0,"player_choice":"Success","damage_taken":7,"relics_obtained":["Singing Bowl"],"max_hp_gain":0,"max_hp_loss":0,"event_name":"Scrap Ooze","floor":5,"gold_loss":0},{"cards_removed":["Strike_R"],"damage_healed":0,"gold_gain":0,"player_choice":"Card Removal","damage_taken":0,"max_hp_gain":0,"max_hp_loss":0,"event_name":"The Cleric","floor":8,"gold_loss":50},{"damage_healed":0,"gold_gain":0,"player_choice":"Take Damage","damage_taken":20,"relics_obtained":["Golden Idol"],"max_hp_gain":0,"max_hp_loss":0,"event_name":"Golden Idol","floor":12,"gold_loss":0}],"is_beta":false,"boss_relics":[{"not_picked":["Orrery","Snecko Eye"],"picked":"Tiny House"}],"items_purged_floors":[4,20],"is_endless":false,"potions_floor_spawned":[16,19,22],"killed_by":"Gremlin Leader","ascension_level":3}