{"path_per_floor":["M","?","?","T","?","E","R","M","T","R","?","E","$","M","R","B",null,"M","M","$","M","?","R","E","R","T","R","M","E","R","T","R","B",null,"M","$","?","?","M","E","R","M","T","M","R","?","M","E","R","B"],"character_chosen":"IRONCLAD","items_purchased":["Mind Blast","Bloodletting","Flex","Secret Weapon","Iron Wave"],"gold_per_floor":[119,119,119,119,119,154,154,174,174,174,174,200,25,38,38,143,143,158,177,75,86,86,86,117,117,117,117,130,193,193,217,217,319,319,336,0,0,50,63,98,98,116,116,132,132,132,145,174,174,174],"floor_reached":51,"campfire_rested":3,"playtime":6433,"current_hp_per_floor":[72,72,72,72,58,57,57,63,63,63,38,30,30,36,59,41,79,79,79,79,78,78,78,69,69,69,69,68,44,44,44,67,50,79,79,79,89,82,80,69,69,75,75,64,64,64,57,63,89,35],"items_purged":["Strike_R","Injury"],"gold":174,"score":574,"play_id":"613104b4-6be6-4a8c-9dea-f2aba7d813b5","is_prod":false,"is_daily":false,"is_ascension_mode":false,"campfire_upgraded":8,"path_taken":["M","?","?","?","?","E","R","?","T","R","?","E","$","M","R","BOSS","M","M","$","M","?","R","E","R","T","R","M","E","R","?","R","BOSS","M","$","?","?","M","E","R","?","T","?","R","?","M","E","R","BOSS"],"build_version":"2018-02-08-PROD1","purchased_purges":2,"victory":true,"master_deck":["Strike_R+1","Defend_R+1","Bash","Clash","Metallicize+1","Spot Weakness+1","Body Slam","Mind Blast","Berserk","Flame Barrier+1","Dual Wield+1","Flex","Headbutt+1","Shrug It Off+1","Clumsy","Wild Strike+1","Seeing Red+1","Double Tap+1","Wild Strike+1","Power Through+1","True Grit+1","Heavy Blade+1","Secret Weapon","Iron Wave+1","Cleave+1","Inflame+1","Cleave+1","Clothesline+1","Writhe","Barricade+1","Searing Blow+2","Metallicize+1"],"max_hp_per_floor":[72,72,72,72,72,72,72,72,72,72,72,79,79,79,79,79,79,79,79,79,79,79,79,79,79,79,79,79,79,79,79,79,79,79,79,79,89,89,89,89,89,89,89,89,89,89,89,89,89,89],"relics":["Burning Blood","Oddly Smooth Stone","Frozen Eye","Paper Frog","Bag of Marbles","Strawberry","Cursed Key","Molten Egg 2","Unceasing Top","Red Skull","Tiny Chest","Orichalcum","Astrolabe","Gambling Chip","Thread and Needle","Du-Vu Doll","Centennial Puzzle"],"card_choices":[{"not_picked":["Reckless Charge","Armaments"],"picked":"Clash"},{"not_picked":["Armaments","Headbutt"],"picked":"Metallicize"},{"not_picked":["Inflame","Metallicize"],"picked":"Spot Weakness"},{"not_picked":["Searing Blow","Twin Strike"],"picked":"Body Slam"},{"not_picked":["Wild Strike","Headbutt"],"picked":"Offering"},{"not_picked":["Brutality","Juggernaut"],"picked":"Berserk"},{"not_picked":["Clash","Perfected Strike"],"picked":"Flame Barrier"},{"not_picked":["Cleave","Corruption"],"picked":"Dual Wield"},{"not_picked":["Second Wind","Clash"],"picked":"Headbutt"},{"not_picked":["Wild Strike","Flex"],"picked":"Shrug It Off"},{"not_picked":["Anger","Body Slam"],"picked":"Wild Strike"},{"not_picked":["Corruption","Heavy Blade"],"picked":"Seeing Red"},{"not_picked":["Berserk","Dark Embrace"],"picked":"Double Tap"},{"not_picked":["Armaments","Iron Wave"],"picked":"Heavy Blade"},{"not_picked":["Spot Weakness","Rupture"],"picked":"Cleave"},{"not_picked":["Headbutt","Warcry"],"picked":"Inflame"},{"not_picked":["Disarm","Body Slam"],"picked":"Cleave"},{"not_picked":["Body Slam","Flex"],"picked":"Clothesline"},{"not_picked":["Hemokinesis","Perfected Strike"],"picked":"Barricade"},{"not_picked":["Headbutt","Iron Wave"],"picked":"Searing Blow"},{"not_picked":["Clash","Immolate"],"picked":"Metallicize"}],"player_experience":89873,"potions_floor_usage":[6,6,16,18,18,24,24,29,48,50,50,50],"damage_taken":[{"damage":1,"enemies":"Cultist","floor":1,"turns":3},{"damage":22,"enemies":"3 Sentries","floor":6,"turns":12},{"damage":0,"enemies":"Blue Slaver","floor":8,"turns":4},{"damage":21,"enemies":"Gremlin Nob","floor":12,"turns":4},{"damage":0,"enemies":"2 Louse","floor":14,"turns":2},{"damage":24,"enemies":"Hexaghost","floor":16,"turns":6},{"damage":4,"enemies":"2 Thieves","floor":18,"turns":2},{"damage":4,"enemies":"Chosen","floor":19,"turns":2},{"damage":7,"enemies":"Centurion and Healer","floor":21,"turns":5},{"damage":15,"enemies":"Book of Stabbing","floor":24,"turns":3},{"damage":7,"enemies":"Snake Plant","floor":28,"turns":2},{"damage":30,"enemies":"Gremlin Leader","floor":29,"turns":6},{"damage":23,"enemies":"Champ","floor":33,"turns":11},{"damage":4,"enemies":"Orb Walker","floor":35,"turns":1},{"damage":13,"enemies":"Mysterious Sphere","floor":38,"turns":4},{"damage":8,"enemies":"3 Shapes","floor":39,"turns":3},{"damage":17,"enemies":"2 Orb Walkers","floor":40,"turns":4},{"damage":0,"enemies":"3 Darklings","floor":42,"turns":3},{"damage":17,"enemies":"Sphere and 2 Shapes","floor":44,"turns":4},{"damage":13,"enemies":"4 Shapes","floor":47,"turns":3},{"damage":0,"enemies":"Giant Head","floor":48,"turns":9},{"damage":72,"enemies":"Donu and Deca","floor":50,"turns":11}],"event_choices":[{"event_name":"The Lab","player_choice":"Got Potions","floor":2,"damage_taken":0},{"event_name":"Living Wall","player_choice":"Forget","floor":3,"damage_taken":0},{"event_name":"Shining Light","player_choice":"Entered Light","floor":5,"damage_taken":0},{"event_name":"Scrap Ooze","player_choice":"success","floor":11,"damage_taken":25},{"event_name":"The Mausoleum","player_choice":"Yes","floor":22,"damage_taken":0},{"event_name":"Bonfire Elementals","player_choice":"RARE","floor":37,"damage_taken":0},{"event_name":"Mysterious Sphere","player_choice":"Fight","floor":38,"damage_taken":0}],"boss_relics":[{"not_picked":["Snecko Eye","Tiny House"],"picked":"Cursed Key"},{"not_picked":["Orrery","Calling Bell"],"picked":"Astrolabe"}],"potions_floor_spawned":[1,12,16,18,19,24,33,38,40,44,47,48],"seed_played":"-6326190109441701141","ascension_level":0,"is_trial":false}