{"gold_per_floor":[109,123,143,26,26,26,56,74,74,74,44,61,76,92,92,92,92,102,120,131,36,56,56,87,87,87,87,112,37,56,70,70,70],"floor_reached":33,"playtime":2563,"items_purged":[],"score":291,"play_id":"c382c2c4-a424-4fb3-8d9a-ed5d8a7c3adc","local_time":"20191021152256","is_ascension_mode":false,"campfire_choices":[{"floor":10,"key":"REST"},{"floor":15,"key":"REST"},{"floor":23,"key":"REST"},{"floor":25,"key":"REST"},{"floor":27,"key":"REST"},{"floor":32,"key":"REST"}],"neow_cost":"NONE","seed_source_timestamp":66048985987128,"circlet_count":0,"master_deck":["Strike_P+1","Strike_P","Strike_P","Strike_P","Defend_P","Defend_P+1","Defend_P","Defend_P","Eruption","Vigilance","EmptyBody+1","EmptyFist+1","Pray","FollowUp+1","Weave","Vengeance","BowlingBash","LessonLearned+1","Prostrate","FollowUp+1","SashWhip","PathToVictory","ClearTheMind","Pray+1","CutThroughFate","Protect","EmptyFist+1","SignatureMove","Judgement+1","EmptyBody+1","FlurryOfBlows"],"relics":["PureWater","Regal Pillow","Busted Crown","Letter Opener","White Beast Statue","MealTicket"],"potions_floor_usage":[3,18,18,20,24,28,31,31,33],"damage_taken":[{"damage":0,"enemies":"Jaw Worm","floor":1,"turns":7},{"damage":10,"enemies":"Cultist","floor":2,"turns":7},{"damage":6,"enemies":"Small Slimes","floor":3,"turns":3},{"damage":33,"enemies":"3 Sentries","floor":7,"turns":8},{"damage":8,"enemies":"2 Fungi Beasts","floor":8,"turns":4},{"damage":0,"enemies":"Exordium Wildlife","floor":12,"turns":3},{"damage":6,"enemies":"Lots of Slimes","floor":13,"turns":5},{"damage":0,"enemies":"Looter","floor":14,"turns":4},{"damage":55,"enemies":"Hexaghost","floor":16,"turns":13},{"damage":14,"enemies":"Spheric Guardian","floor":18,"turns":4},{"damage":38,"enemies":"Shell Parasite","floor":19,"turns":5},{"damage":22,"enemies":"Chosen and Byrds","floor":20,"turns":7},{"damage":30,"enemies":"Centurion and Healer","floor":22,"turns":5},{"damage":49,"enemies":"Slavers","floor":24,"turns":4},{"damage":38,"enemies":"Gremlin Leader","floor":28,"turns":8},{"damage":33,"enemies":"Cultist and Chosen","floor":30,"turns":6},{"damage":0,"enemies":"Snecko","floor":31,"turns":4},{"damage":56,"enemies":"Collector","floor":33,"turns":10}],"seed_played":"6880137327155591285","potions_obtained":[{"floor":2,"key":"DuplicationPotion"},{"floor":3,"key":"FairyPotion"},{"floor":8,"key":"FearPotion"},{"floor":11,"key":"Swift Potion"},{"floor":11,"key":"FearPotion"},{"floor":13,"key":"FearPotion"},{"floor":19,"key":"FearPotion"},{"floor":22,"key":"LiquidBronze"},{"floor":24,"key":"FearPotion"},{"floor":28,"key":"Regen Potion"},{"floor":30,"key":"Weak Potion"},{"floor":31,"key":"Weak Potion"}],"is_trial":false,"path_per_floor":["M","M","M","$","?","$","E","M","T","R","?","M","M","M","R","B",null,"M","M","M","$","M","R","E","R","T","R","E","?","M","M","R","B"],"character_chosen":"WATCHER","items_purchased":["FollowUp","Weave","Protect","EmptyFist"],"campfire_rested":6,"item_purchase_floors":[4,4,21,21],"current_hp_per_floor":[79,69,63,63,63,63,30,22,22,60,60,60,54,54,79,24,79,65,27,5,5,18,56,7,45,45,79,41,41,8,13,51,0],"gold":70,"neow_bonus":"TEN_PERCENT_HP_BONUS","is_prod":false,"is_daily":false,"chose_seed":false,"campfire_upgraded":0,"win_rate":0.0,"timestamp":1571682176,"path_taken":["M","M","M","$","?","$","E","?","T","R","?","M","M","M","R","BOSS","M","M","M","$","M","R","E","R","T","R","E","?","M","M","R","BOSS"],"build_version":"2019-10-18","purchased_purges":0,"victory":false,"max_hp_per_floor":[79,79,79,79,79,79,79,79,79,79,79,79,79,79,79,79,79,79,79,79,79,79,79,79,79,79,79,79,79,79,79,79,79],"card_choices":[{"not_picked":["Prostrate","Meditate"],"picked":"EmptyBody","floor":1},{"not_picked":["Crescendo","FollowUp"],"picked":"EmptyFist","floor":2},{"not_picked":["Collect","Scrawl"],"picked":"Pray","floor":3},{"not_picked":["FlyingSleeves","WindmillStrike"],"picked":"LessonLearned","floor":7},{"not_picked":["Study","EmptyMind"],"picked":"Prostrate","floor":8},{"not_picked":["Consecrate","CrushJoints"],"picked":"FollowUp","floor":12},{"not_picked":["CutThroughFate","JustLucky"],"picked":"SashWhip","floor":13},{"not_picked":["EmptyFist","Wireheading"],"picked":"PathToVictory","floor":14},{"not_picked":[],"picked":"ClearTheMind","floor":18},{"not_picked":[],"picked":"Pray+1","floor":19},{"not_picked":[],"picked":"CutThroughFate","floor":20},{"not_picked":[],"picked":"SignatureMove","floor":22},{"not_picked":[],"picked":"Judgement","floor":24},{"not_picked":[],"picked":"Consecrate+1","floor":28},{"not_picked":[],"picked":"EmptyBody+1","floor":30},{"not_picked":[],"picked":"FlurryOfBlows","floor":31}],"player_experience":466174,"relics_obtained":[{"floor":7,"key":"Regal Pillow"},{"floor":24,"key":"Letter Opener"},{"floor":26,"key":"White Beast Statue"},{"floor":28,"key":"MealTicket"}],"event_choices":[{"damage_healed":0,"gold_gain":0,"player_choice":"2 cards matched","damage_taken":0,"max_hp_gain":0,"max_hp_loss":0,"event_name":"Match and Keep!","floor":5,"gold_loss":0,"cards_obtained":["Vengeance","BowlingBash"]},{"damage_healed":0,"gold_gain":0,"player_choice":"Bought 2 Potions","damage_taken":0,"max_hp_gain":0,"max_hp_loss":0,"event_name":"The Woman in Blue","floor":11,"gold_loss":0},{"cards_removed":["Consecrate"],"damage_healed":0,"gold_gain":0,"player_choice":"Gave Gold","damage_taken":0,"max_hp_gain":0,"max_hp_loss":0,"event_name":"Beggar","floor":29,"gold_loss":75}],"is_beta":true,"boss_relics":[{"not_picked":["Empty Cage","SlaversCollar"],"picked":"Busted Crown"}],"items_purged_floors":[],"is_endless":false,"potions_floor_spawned":[2,3,8,13,19,22,24,28,30,31],"killed_by":"Collector","ascension_level":0}