{"gold_per_floor":[111,286,299,299,318,318,356,356,379,394,412,412,487,502,502,631,631,645,666,666,680,362,362,362],"floor_reached":24,"playtime":1415,"items_purged":["Doubt"],"score":198,"play_id":"a4c0ee74-cec5-4555-9ada-45073bd21c35","local_time":"20191006155220","is_ascension_mode":false,"campfire_choices":[{"data":"Cold Snap","floor":6,"key":"SMITH"},{"data":"Go for the Eyes","floor":8,"key":"SMITH"},{"data":"Compile Driver","floor":12,"key":"SMITH"},{"data":"Undo","floor":15,"key":"SMITH"},{"data":"Steam Power","floor":23,"key":"SMITH"}],"neow_cost":"NONE","seed_source_timestamp":578900116908000,"circlet_count":0,"master_deck":["Zap","Dualcast","Ball Lightning","Cold Snap+1","Genetic Algorithm","Go for the Eyes+1","Genetic Algorithm","Compile Driver+1","Undo+1","Creative AI","Chill","Streamline","Buffer","Scrape","Compile Driver","Steam Power+1","Beam Cell","Lockon","Self Repair","Hologram+1","Conserve Battery","Hello World+1","Chrysalis","Force Field"],"relics":["Cracked Core","Bronze Scales","Golden Idol","Pen Nib","Dream Catcher","Pandora\u0027s Box"],"potions_floor_usage":[16,24],"damage_taken":[{"damage":0,"enemies":"Small Slimes","floor":1,"turns":2},{"damage":4,"enemies":"2 Louse","floor":3,"turns":3},{"damage":3,"enemies":"Jaw Worm","floor":5,"turns":3},{"damage":13,"enemies":"Gremlin Nob","floor":7,"turns":4},{"damage":2,"enemies":"Red Slaver","floor":10,"turns":2},{"damage":4,"enemies":"Lots of Slimes","floor":11,"turns":3},{"damage":11,"enemies":"2 Fungi Beasts","floor":14,"turns":3},{"damage":21,"enemies":"Hexaghost","floor":16,"turns":8},{"damage":5,"enemies":"3 Byrds","floor":18,"turns":3},{"damage":13,"enemies":"Spheric Guardian","floor":19,"turns":3},{"damage":13,"enemies":"Snecko","floor":21,"turns":4},{"damage":47,"enemies":"Slavers","floor":24,"turns":3}],"seed_played":"-3175484331226907484","potions_obtained":[{"floor":3,"key":"PowerPotion"},{"floor":5,"key":"Swift Potion"},{"floor":7,"key":"GamblersBrew"},{"floor":10,"key":"Dexterity Potion"},{"floor":19,"key":"Poison Potion"}],"is_trial":false,"path_per_floor":["M","?","M","?","M","R","E","R","T","M","M","R","?","M","R","B",null,"M","M","?","M","$","R","E"],"character_chosen":"DEFECT","items_purchased":["Chrysalis","Force Field"],"campfire_rested":0,"item_purchase_floors":[22,22],"current_hp_per_floor":[75,75,71,69,66,66,53,53,53,51,47,47,36,25,25,4,69,64,58,58,45,45,45,0],"gold":362,"neow_bonus":"RANDOM_COMMON_RELIC","is_prod":false,"is_daily":false,"chose_seed":false,"campfire_upgraded":5,"win_rate":0.0,"timestamp":1570348340,"path_taken":["M","?","M","?","M","R","E","R","T","M","M","R","?","M","R","BOSS","M","M","?","M","$","R","E"],"build_version":"2019-07-17","purchased_purges":1,"victory":false,"max_hp_per_floor":[75,75,75,69,69,69,69,69,69,69,69,69,69,69,69,69,69,69,69,69,69,69,69,69],"card_choices":[{"not_picked":["Steam","Storm"],"picked":"Ball Lightning","floor":1},{"not_picked":["Darkness","Tempest"],"picked":"Cold Snap","floor":3},{"not_picked":["Steam","Double Energy"],"picked":"Genetic Algorithm","floor":5},{"not_picked":["Fusion","Amplify"],"picked":"Go for the Eyes","floor":7},{"not_picked":["Leap","Tempest"],"picked":"Genetic Algorithm","floor":10},{"not_picked":["Reinforced Body","Cold Snap"],"picked":"Compile Driver","floor":11},{"not_picked":["White Noise","Cold Snap"],"picked":"Undo","floor":14},{"not_picked":["Amplify","Biased Cognition"],"picked":"Creative AI","floor":16},{"not_picked":["Scrape","Loop"],"picked":"Self Repair","floor":18},{"not_picked":["Fusion","Beam Cell+1"],"picked":"Hologram+1","floor":19},{"not_picked":["BootSequence","Undo"],"picked":"Hello World+1","floor":21}],"player_experience":105829,"relics_obtained":[{"floor":7,"key":"Pen Nib"},{"floor":9,"key":"Dream Catcher"}],"event_choices":[{"damage_healed":0,"gold_gain":175,"player_choice":"AGREE","damage_taken":0,"max_hp_gain":0,"max_hp_loss":0,"event_name":"Liars Game","floor":2,"gold_loss":0,"cards_obtained":["Doubt"]},{"damage_healed":0,"gold_gain":0,"player_choice":"Lose Max HP","damage_taken":0,"relics_obtained":["Golden Idol"],"max_hp_gain":0,"max_hp_loss":6,"event_name":"Golden Idol","floor":4,"gold_loss":0},{"damage_healed":0,"gold_gain":75,"player_choice":"Gather Gold","damage_taken":11,"max_hp_gain":0,"max_hp_loss":0,"event_name":"World of Goop","floor":13,"gold_loss":0},{"damage_healed":0,"gold_gain":0,"player_choice":"Read","damage_taken":0,"max_hp_gain":0,"max_hp_loss":0,"event_name":"The Library","floor":20,"gold_loss":0,"cards_obtained":["Conserve Battery"]}],"is_beta":false,"boss_relics":[{"not_picked":["Snecko Eye","Sozu"],"picked":"Pandora\u0027s Box"}],"items_purged_floors":[22],"is_endless":false,"potions_floor_spawned":[3,5,7,10,14,19],"killed_by":"Slavers","ascension_level":0}