{"gold_per_floor":[110,122,1,21,21,47,65,99,137,163,201,226,252,264],"floor_reached":14,"playtime":816,"items_purged":[],"score":125,"play_id":"3eb03708-200a-4331-9d2d-0eda628ac777","local_time":"20191026122326","is_ascension_mode":true,"campfire_choices":[],"neow_cost":"NONE","seed_source_timestamp":440207784812957,"circlet_count":0,"master_deck":["Strike_R","Strike_R","Strike_R","Strike_R","Strike_R","Defend_R","Defend_R","Defend_R","Defend_R","Bash","Pommel Strike","Wild Strike","Shrug It Off","Shrug It Off","Fire Breathing","Heavy Blade","Headbutt+1","Disarm","Reaper+1","Entrench","Fire Breathing","Iron Wave+1","Fire Breathing"],"relics":["Burning Blood","Molten Egg 2","Smiling Mask","MawBank","Strawberry"],"potions_floor_usage":[7,8],"damage_taken":[{"damage":6,"enemies":"Jaw Worm","floor":1,"turns":4},{"damage":6,"enemies":"Cultist","floor":2,"turns":3},{"damage":3,"enemies":"2 Louse","floor":4,"turns":3},{"damage":18,"enemies":"3 Sentries","floor":6,"turns":6},{"damage":44,"enemies":"Exordium Thugs","floor":7,"turns":6},{"damage":29,"enemies":"Lagavulin","floor":8,"turns":8},{"damage":22,"enemies":"Lots of Slimes","floor":10,"turns":5},{"damage":23,"enemies":"3 Sentries","floor":11,"turns":6},{"damage":18,"enemies":"2 Fungi Beasts","floor":12,"turns":4},{"damage":9,"enemies":"3 Louse","floor":13,"turns":5},{"damage":24,"enemies":"Large Slime","floor":14,"turns":2}],"seed_played":"6473742089143605132","potions_obtained":[{"floor":4,"key":"BlessingOfTheForge"},{"floor":6,"key":"Regen Potion"},{"floor":7,"key":"DuplicationPotion"},{"floor":11,"key":"Dexterity Potion"},{"floor":13,"key":"Explosive Potion"}],"is_trial":false,"path_per_floor":["M","M","$","M","?","E","M","E","T","M","E","M","M","M"],"character_chosen":"IRONCLAD","items_purchased":["Shrug It Off","Fire Breathing"],"campfire_rested":0,"item_purchase_floors":[3,3],"current_hp_per_floor":[80,80,80,80,80,68,45,22,22,31,21,19,19,0],"gold":264,"neow_bonus":"THREE_CARDS","is_prod":false,"is_daily":false,"chose_seed":false,"campfire_upgraded":0,"win_rate":0,"timestamp":1572103406,"path_taken":["M","M","$","M","?","E","M","E","T","M","E","M","M","M"],"build_version":"2019-10-25-V3","purchased_purges":0,"victory":false,"max_hp_per_floor":[80,80,80,80,80,80,80,80,80,80,87,87,87,87],"card_choices":[{"not_picked":["Inflame","Warcry"],"picked":"Pommel Strike","floor":0},{"not_picked":["Twin Strike","True Grit"],"picked":"Wild Strike","floor":1},{"not_picked":["Pommel Strike","Havoc"],"picked":"Shrug It Off","floor":2},{"not_picked":["Thunderclap","Intimidate"],"picked":"Heavy Blade","floor":4},{"not_picked":["Battle Trance","Seeing Red"],"picked":"Headbutt+1","floor":6},{"not_picked":["Heavy Blade+1","Clash+1"],"picked":"Disarm","floor":7},{"not_picked":["Warcry","True Grit"],"picked":"Reaper+1","floor":8},{"not_picked":["Dropkick+1","Clash+1"],"picked":"Entrench","floor":10},{"not_picked":["Flame Barrier","Offering"],"picked":"Fire Breathing","floor":11},{"not_picked":["Sword Boomerang+1","Armaments"],"picked":"Iron Wave+1","floor":12},{"not_picked":["Twin Strike+1","Pommel Strike+1"],"picked":"Fire Breathing","floor":13}],"player_experience":482669,"relics_obtained":[{"floor":6,"key":"Smiling Mask"},{"floor":8,"key":"MawBank"},{"floor":11,"key":"Strawberry"}],"event_choices":[{"damage_healed":0,"gold_gain":0,"player_choice":"Gave Potion","damage_taken":0,"relics_obtained":["Molten Egg 2"],"max_hp_gain":0,"max_hp_loss":0,"event_name":"WeMeetAgain","floor":5,"gold_loss":0}],"is_beta":true,"boss_relics":[],"items_purged_floors":[],"is_endless":false,"potions_floor_spawned":[4,6,7,11,13],"killed_by":"Large Slime","ascension_level":2}