{"path_per_floor":["M","?","M","?","M","R","E","M","T","R","M","$","E","T","R","B",null,"M","?","$","M","?","R","E","R","T","M","M","R","M","M","R"],"character_chosen":"IRONCLAD","items_purchased":["Bag of Marbles","Feed","Flex","Disarm"],"gold_per_floor":[115,115,130,205,218,218,244,260,309,309,319,87,114,114,114,218,218,229,229,36,50,50,50,85,85,135,151,171,171,191,208,208,208],"floor_reached":33,"campfire_rested":4,"playtime":4272,"item_purchase_floors":[12,20,20,20],"current_hp_per_floor":[79,79,80,69,73,73,79,80,80,80,79,79,66,66,66,53,82,63,47,47,24,7,34,29,56,56,59,51,80,56,40,70,0],"items_purged":["Strike_R"],"gold":208,"score":357,"play_id":"c28873cf-fd97-478a-b9e3-fe3ae8cf2439","local_time":"20180616003410","is_prod":false,"is_daily":false,"chose_seed":false,"is_ascension_mode":true,"campfire_upgraded":3,"win_rate":0,"timestamp":1529123650,"campfire_choices":[{"data":"Pommel Strike","floor":6,"key":"SMITH"},{"data":"Bash","floor":10,"key":"SMITH"},{"data":"Disarm","floor":15,"key":"SMITH"},{"floor":23,"key":"REST"},{"floor":25,"key":"REST"},{"floor":29,"key":"REST"},{"floor":32,"key":"REST"}],"path_taken":["M","?","?","?","M","R","E","M","T","R","M","$","E","?","R","BOSS","M","?","$","M","?","R","E","R","T","M","?","R","M","M","R","BOSS"],"build_version":"2018-06-07v3","seed_source_timestamp":1082173431716049,"purchased_purges":1,"victory":false,"master_deck":["Strike_R","Strike_R","Strike_R","Defend_R","Defend_R","Defend_R","Bash+1","Pommel Strike+1","Twin Strike","Twin Strike","Disarm+1","Headbutt","Brutality","Berserk","Twin Strike+1","Necronomicurse","Feed","Flex","Disarm","Inflame","Battle Trance","Shrug It Off"],"max_hp_per_floor":[80,80,80,80,80,80,80,80,80,80,82,82,82,82,82,82,82,82,82,82,87,92,92,92,92,92,95,97,97,97,102,102,102],"relics":["Burning Blood","Self Forming Clay","Singing Bowl","Bag of Marbles","Lantern","Bottled Tornado","Philosopher\u0027s Stone","Necronomicon","The Courier","Blood Vial"],"card_choices":[{"not_picked":["Dual Wield","Warcry"],"picked":"Pommel Strike","floor":1},{"not_picked":["Anger","Corruption"],"picked":"Twin Strike","floor":3},{"not_picked":["Fire Breathing","Warcry"],"picked":"Twin Strike","floor":5},{"not_picked":["Warcry","Clothesline"],"picked":"Disarm","floor":7},{"not_picked":["Burning Pact","Thunderclap"],"picked":"Headbutt","floor":8},{"not_picked":["Reckless Charge","Cleave","Clothesline"],"picked":"Singing Bowl","floor":11},{"not_picked":["Shrug It Off","Double Tap"],"picked":"Brutality","floor":13},{"not_picked":["Limit Break","Impervious"],"picked":"Berserk","floor":16},{"not_picked":["Dropkick","Warcry"],"picked":"Twin Strike+1","floor":18},{"not_picked":["Anger","Thunderclap","Sentinel+1"],"picked":"Singing Bowl","floor":21},{"not_picked":["Corruption","Thunderclap"],"picked":"Inflame","floor":24},{"not_picked":["Anger","Headbutt"],"picked":"Battle Trance","floor":27},{"not_picked":["Evolve","Iron Wave","Anger"],"picked":"Singing Bowl","floor":28},{"not_picked":["Headbutt","Pommel Strike"],"picked":"Shrug It Off","floor":30},{"not_picked":["Reckless Charge+1","Warcry","Pommel Strike"],"picked":"Singing Bowl","floor":31}],"player_experience":596537,"potions_floor_usage":[7,7,13,27,27,31],"damage_taken":[{"damage":7,"enemies":"Small Slimes","floor":1,"turns":5},{"damage":1,"enemies":"Cultist","floor":3,"turns":4},{"damage":2,"enemies":"Jaw Worm","floor":5,"turns":3},{"damage":0,"enemies":"Gremlin Nob","floor":7,"turns":3},{"damage":0,"enemies":"Large Slime","floor":8,"turns":5},{"damage":9,"enemies":"Red Slaver","floor":11,"turns":4},{"damage":19,"enemies":"Lagavulin","floor":13,"turns":6},{"damage":19,"enemies":"The Guardian","floor":16,"turns":13},{"damage":25,"enemies":"Spheric Guardian","floor":18,"turns":4},{"damage":34,"enemies":"3 Byrds","floor":21,"turns":4},{"damage":11,"enemies":"Gremlin Leader","floor":24,"turns":8},{"damage":20,"enemies":"3 Cultists","floor":27,"turns":5},{"damage":18,"enemies":"Cultist and Chosen","floor":28,"turns":5},{"damage":32,"enemies":"Snake Plant","floor":30,"turns":3},{"damage":29,"enemies":"Centurion and Healer","floor":31,"turns":4},{"damage":74,"enemies":"Automaton","floor":33,"turns":6}],"relics_obtained":[{"floor":7,"key":"Self Forming Clay"},{"floor":9,"key":"Singing Bowl"},{"floor":13,"key":"Lantern"},{"floor":14,"key":"Bottled Tornado"},{"floor":19,"key":"Necronomicon"},{"floor":24,"key":"The Courier"},{"floor":26,"key":"Blood Vial"}],"event_choices":[{"event_name":"Bonfire Elementals","player_choice":"BASIC","floor":2,"damage_taken":0},{"event_name":"World of Goop","player_choice":"Gather Gold","floor":4,"damage_taken":0},{"event_name":"Cursed Tome","player_choice":"Obtained Book","floor":19,"damage_taken":0},{"event_name":"Forgotten Altar","player_choice":"Shed Blood","floor":22,"damage_taken":0}],"boss_relics":[{"not_picked":["Black Star","Eternal Feather"],"picked":"Philosopher\u0027s Stone"}],"items_purged_floors":[12],"potions_floor_spawned":[1,3,5,11,21,24,30],"seed_played":"-1690451653798749372","killed_by":"Automaton","ascension_level":2,"potions_obtained":[{"floor":1,"key":"Block Potion"},{"floor":3,"key":"GamblersBrew"},{"floor":5,"key":"Fire Potion"},{"floor":11,"key":"SmokeBomb"},{"floor":21,"key":"Energy Potion"},{"floor":24,"key":"Regen Potion"},{"floor":30,"key":"AttackPotion"}],"is_trial":false}