{"gold_per_floor":[110,127,127,141,158,158,188,188,188,133,156,189,189,206,206,285,341,359,20,46,46,67,67,108,108,108,108,17,124,158,158,158,235,235,258,277,11,11,29,70,70,50,50,67,67,85,105,105],"floor_reached":48,"playtime":7684,"items_purged":[],"score":1020,"play_id":"62df5305-3fc3-41ae-b8fa-ffb7dbdc7b17","local_time":"20190924202243","is_ascension_mode":true,"campfire_choices":[{"data":"CrushJoints","floor":6.0,"key":"SMITH"},{"data":"Judgement","floor":8.0,"key":"SMITH"},{"data":"Wallop","floor":13.0,"key":"SMITH"},{"data":"Eruption","floor":15.0,"key":"SMITH"},{"data":"CrushJoints","floor":23.0,"key":"SMITH"},{"data":"Crescendo","floor":25.0,"key":"SMITH"},{"floor":32.0,"key":"REST"},{"data":"Unraveling","floor":41.0,"key":"PURGE"},{"floor":45.0,"key":"REST"}],"neow_cost":"NONE","seed_source_timestamp":0,"circlet_count":0,"master_deck":["AscendersBane","Eruption+1","Vigilance","CrushJoints+1","Perseverance","Crescendo+1","Wallop+1","Judgement+1","Sanctity","ClearTheMind","DeusExMachina","EmptyFist","ClearTheMind","JustLucky+1","Protect","PathToVictory+1","InnerPeace","Perseverance+1","EmptyMind","SandsOfTime+1","CrushJoints+1","Blasphemy","SandsOfTime+1","Consecrate+1","CutThroughFate+1","Fasting","SashWhip+1","WindmillStrike+1","LessonLearned+1","Establishment"],"special_seed":0,"relics":["PureWater","Toy Ornithopter","Strawberry","Centennial Puzzle","CeramicFish","Kunai","Pandora\u0027s Box","FossilizedHelix","Boot","Molten Egg 2","Matryoshka","Peace Pipe","Mummified Hand","Lantern","Fusion Hammer","Pantograph","Blood Vial","Vajra"],"potions_floor_usage":[47,48],"damage_taken":[{"damage":0.0,"enemies":"Cultist","floor":1.0,"turns":2.0},{"damage":0.0,"enemies":"2 Louse","floor":2.0,"turns":3.0},{"damage":0.0,"enemies":"Jaw Worm","floor":4.0,"turns":4.0},{"damage":12.0,"enemies":"3 Louse","floor":5.0,"turns":4.0},{"damage":36.0,"enemies":"Gremlin Nob","floor":7.0,"turns":4.0},{"damage":14.0,"enemies":"Lagavulin","floor":12.0,"turns":7.0},{"damage":0.0,"enemies":"Large Slime","floor":14.0,"turns":3.0},{"damage":43.0,"enemies":"Hexaghost","floor":16.0,"turns":11.0},{"damage":1.0,"enemies":"3 Byrds","floor":18.0,"turns":4.0},{"damage":0.0,"enemies":"Spheric Guardian","floor":20.0,"turns":2.0},{"damage":0.0,"enemies":"Centurion and Healer","floor":22.0,"turns":5.0},{"damage":20.0,"enemies":"Gremlin Leader","floor":24.0,"turns":9.0},{"damage":0.0,"enemies":"Colosseum Slavers","floor":29.0,"turns":3.0},{"damage":14.0,"enemies":"Colosseum Nobs","floor":29.0,"turns":3.0},{"damage":7.0,"enemies":"Book of Stabbing","floor":30.0,"turns":3.0},{"damage":0.0,"enemies":"Snake Plant","floor":31.0,"turns":1.0},{"damage":18.0,"enemies":"Collector","floor":33.0,"turns":6.0},{"damage":0.0,"enemies":"Orb Walker","floor":35.0,"turns":2.0},{"damage":13.0,"enemies":"3 Shapes","floor":36.0,"turns":4.0},{"damage":0.0,"enemies":"Spire Growth","floor":39.0,"turns":3.0},{"damage":29.0,"enemies":"Nemesis","floor":40.0,"turns":7.0},{"damage":0.0,"enemies":"3 Darklings","floor":44.0,"turns":7.0},{"damage":0.0,"enemies":"Sphere and 2 Shapes","floor":46.0,"turns":3.0},{"damage":22,"enemies":"Jaw Worm Horde","floor":47,"turns":5},{"damage":40,"enemies":"Reptomancer","floor":48,"turns":2}],"seed_played":"-7818330397652618063","potions_obtained":[{"floor":1.0,"key":"SneckoOil"},{"floor":2.0,"key":"Regen Potion"},{"floor":14.0,"key":"Regen Potion"},{"floor":16.0,"key":"SmokeBomb"},{"floor":18.0,"key":"SkillPotion"},{"floor":30.0,"key":"LiquidBronze"},{"floor":33.0,"key":"Energy Potion"},{"floor":39.0,"key":"SteroidPotion"},{"floor":40.0,"key":"Ancient Potion"},{"floor":42.0,"key":"SpeedPotion"},{"floor":44.0,"key":"StancePotion"}],"is_trial":false,"path_per_floor":["M","M","$","M","M","R","E","R","T","$","T","E","R","M","R","B",null,"M","$","M","?","M","R","E","R","T","T","$","?","E","M","R","B",null,"M","M","$","?","M","E","R","?","T","M","R","M","M","E"],"character_chosen":"WATCHER","items_purchased":["AttackPotion","FossilizedHelix","SandsOfTime+1","Consecrate+1","Pantograph"],"campfire_rested":2,"item_purchase_floors":[10,19,28,28,37],"current_hp_per_floor":[55,55,55,55,43,43,19,19,19,19,19,30,30,30,30,4,52,51,51,51,51,51,51,36,36,36,36,36,22,15,20,40,27,58,58,45,45,45,45,21,21,21,21,23,43,45,30,0],"gold":105,"neow_bonus":"RANDOM_COMMON_RELIC","is_prod":false,"is_daily":false,"chose_seed":false,"campfire_upgraded":6,"win_rate":0,"timestamp":1569313363,"path_taken":["M","M","$","M","M","R","E","R","T","?","?","E","R","M","R","BOSS","M","$","M","?","M","R","E","R","T","?","$","?","E","M","R","BOSS","M","M","$","?","?","E","R","?","T","M","R","M","M","E"],"build_version":"2019-09-23","purchased_purges":0,"victory":false,"max_hp_per_floor":[61,61,61,61,61,61,68,68,68,68,68,68,68,68,68,68,68,68,68,68,68,68,68,68,68,68,68,68,68,68,68,68,68,68,68,68,68,68,68,68,68,68,68,68,68,68,68,68],"card_choices":[{"not_picked":["Protect","FlyingSleeves"],"picked":"CrushJoints","floor":1.0},{"not_picked":["MentalFortress","Establishment"],"picked":"Perseverance","floor":2.0},{"not_picked":["Perseverance","WindmillStrike"],"picked":"Crescendo","floor":4.0},{"not_picked":["Crescendo","Fasting"],"picked":"Wallop","floor":5.0},{"not_picked":["Adaptation","SashWhip"],"picked":"Judgement","floor":7.0},{"not_picked":["Devotion","Weave"],"picked":"Sanctity","floor":12.0},{"not_picked":["Weave","Swivel"],"picked":"ClearTheMind","floor":14.0},{"not_picked":["ReachHeaven","Unraveling"],"picked":"DeusExMachina","floor":16.0},{"not_picked":["FearNoEvil+1","ClearTheMind+1"],"picked":"EmptyMind","floor":18.0},{"not_picked":["FollowUp","Halt+1"],"picked":"SandsOfTime+1","floor":20.0},{"not_picked":["Crescendo","Weave"],"picked":"CrushJoints","floor":22.0},{"not_picked":["Prostrate","Swivel"],"picked":"Blasphemy","floor":24.0},{"not_picked":["FollowUp+1","WheelKick+1"],"picked":"CutThroughFate+1","floor":29.0},{"not_picked":["Sanctity","ClearTheMind"],"picked":"Fasting","floor":30.0},{"not_picked":["EmptyFist+1","EmptyBody"],"picked":"SashWhip+1","floor":35.0},{"not_picked":["CrushJoints+1","FearNoEvil+1","Sanctity"],"picked":"SKIP","floor":36.0},{"not_picked":["Sanctity","Brilliance"],"picked":"WindmillStrike+1","floor":39.0},{"not_picked":["EmptyFist+1","Scrawl"],"picked":"LessonLearned+1","floor":40.0},{"not_picked":["Collect+1","ClearTheMind","CrushJoints+1"],"picked":"SKIP","floor":44.0},{"not_picked":["Collect+1","ClearTheMind","CrushJoints+1"],"picked":"SKIP","floor":44.0},{"not_picked":["Collect+1","ClearTheMind","CrushJoints+1"],"picked":"SKIP","floor":44.0},{"not_picked":["ThirdEye","Halt","Prostrate"],"picked":"SKIP","floor":46.0},{"not_picked":["Halt","ClearTheMind+1"],"picked":"Establishment","floor":47}],"player_experience":1221564,"relics_obtained":[{"floor":7.0,"key":"Strawberry"},{"floor":9.0,"key":"Centennial Puzzle"},{"floor":11.0,"key":"CeramicFish"},{"floor":12.0,"key":"Kunai"},{"floor":24.0,"key":"Boot"},{"floor":26.0,"key":"Molten Egg 2"},{"floor":27.0,"key":"Matryoshka"},{"floor":29.0,"key":"Peace Pipe"},{"floor":29.0,"key":"Mummified Hand"},{"floor":30.0,"key":"Lantern"},{"floor":40.0,"key":"Blood Vial"},{"floor":43.0,"key":"Vajra"}],"event_choices":[{"damage_healed":0.0,"max_hp_gain":0.0,"max_hp_loss":0.0,"gold_gain":0.0,"event_name":"Ghosts","player_choice":"Ignored","floor":21.0,"gold_loss":0.0,"damage_taken":0.0},{"damage_healed":0.0,"max_hp_gain":0.0,"max_hp_loss":0.0,"gold_gain":0.0,"event_name":"Colosseum","player_choice":"Fight","floor":29.0,"gold_loss":0.0,"damage_taken":0.0},{"damage_healed":0.0,"max_hp_gain":0.0,"max_hp_loss":0.0,"gold_gain":0.0,"event_name":"Colosseum","player_choice":"Fought Nobs","floor":29.0,"gold_loss":0.0,"damage_taken":0.0},{"damage_healed":0.0,"max_hp_gain":0.0,"max_hp_loss":0.0,"gold_gain":0.0,"event_name":"Accursed Blacksmith","player_choice":"Forge","floor":38.0,"gold_loss":0.0,"damage_taken":0.0,"cards_upgraded":["Perseverance"]},{"damage_healed":0.0,"max_hp_gain":0.0,"max_hp_loss":0.0,"gold_gain":0.0,"event_name":"The Woman in Blue","player_choice":"Bought 1 Potion","floor":42.0,"gold_loss":0.0,"damage_taken":0.0}],"is_beta":true,"boss_relics":[{"not_picked":["SacredBark","SlaversCollar"],"picked":"Pandora\u0027s Box"},{"not_picked":["Runic Pyramid","Sozu"],"picked":"Fusion Hammer"}],"items_purged_floors":[],"is_endless":false,"potions_floor_spawned":[1,2,5,14,16,18,29,30,33,39,40,44,46],"killed_by":"Reptomancer","ascension_level":20}