{"path_per_floor":["M","M","M","$","?","E","R","?","T","E","M","E","M","?","R","B",null,"M","?","M","$","?","E","?","R","T","R","$","M","R","M","R"],"character_chosen":"IRONCLAD","items_purchased":["Bludgeon","Shrug It Off","Power Through"],"gold_per_floor":[115,129,140,20,20,52,52,22,46,72,82,107,124,88,88,190,190,202,202,187,37,37,62,62,62,62,62,62,75,105,119,119],"floor_reached":33,"campfire_rested":3,"playtime":3182,"current_hp_per_floor":[32,38,43,43,43,27,51,51,51,48,50,37,43,43,67,40,80,75,75,76,76,76,44,44,44,44,44,44,49,49,54,80],"items_purged":["Strike_R"],"gold":119,"score":283,"play_id":"a521a725-a4a7-4689-89fe-477b2e4843f5","is_prod":false,"is_daily":false,"is_ascension_mode":false,"campfire_upgraded":0,"path_taken":["M","M","M","$","?","E","R","?","T","E","M","E","?","?","R","BOSS","M","?","M","$","?","E","?","R","T","R","$","?","R","M","R","BOSS"],"build_version":"2018-02-08-PROD1","purchased_purges":1,"victory":false,"master_deck":["Strike_R","Strike_R","Strike_R","Strike_R","Defend_R","Defend_R","Defend_R","Defend_R+1","Bash","Double Tap","Warcry","Battle Trance+1","Pommel Strike","Bludgeon","Shrug It Off","Flex","Whirlwind","Feed","Thunderclap","Uppercut","Demon Form","Flex","Heavy Blade","Power Through","Evolve","Pommel Strike","Power Through","Bloodletting","Iron Wave+1"],"max_hp_per_floor":[80,80,80,80,80,80,80,80,80,80,80,80,80,80,80,80,80,83,83,86,86,86,86,86,86,86,86,86,89,89,89,89],"relics":["Black Blood","Anchor","Orichalcum","Matryoshka","Prayer Wheel","Shovel","Red Skull","War Paint","Sundial","Bottled Lightning","Tiny Chest"],"card_choices":[{"not_picked":["Juggernaut","Offering"],"picked":"Double Tap"},{"not_picked":["Shockwave","Twin Strike"],"picked":"Warcry"},{"not_picked":["True Grit","Fire Breathing"],"picked":"Battle Trance"},{"not_picked":["Reckless Charge","Perfected Strike"],"picked":"Pommel Strike"},{"not_picked":["Anger","Rage"],"picked":"Flex"},{"not_picked":["Twin Strike","Sword Boomerang"],"picked":"Whirlwind"},{"not_picked":["Perfected Strike","Combust"],"picked":"Feed"},{"not_picked":["Twin Strike","Shrug It Off"],"picked":"Thunderclap"},{"not_picked":["Body Slam","Pommel Strike"],"picked":"Uppercut"},{"not_picked":["Berserk","Immolate"],"picked":"Demon Form"},{"not_picked":["Cleave","Pommel Strike"],"picked":"Flex"},{"not_picked":["Corruption","True Grit"],"picked":"Heavy Blade"},{"not_picked":["True Grit","Shockwave"],"picked":"Pommel Strike"},{"not_picked":["Thunderclap","Headbutt"],"picked":"Power Through"},{"not_picked":["Headbutt","Searing Blow"],"picked":"Bloodletting"},{"not_picked":["Thunderclap","Sword Boomerang"],"picked":"Iron Wave"}],"player_experience":86691,"potions_floor_usage":[6,10,12,12,12,23,23,23,33,33],"damage_taken":[{"damage":14,"enemies":"Blue Slaver","floor":1,"turns":4},{"damage":0,"enemies":"Small Slimes","floor":2,"turns":3},{"damage":1,"enemies":"Cultist","floor":3,"turns":3},{"damage":22,"enemies":"Lagavulin","floor":6,"turns":8},{"damage":9,"enemies":"3 Sentries","floor":10,"turns":6},{"damage":4,"enemies":"Looter","floor":11,"turns":3},{"damage":19,"enemies":"Lagavulin","floor":12,"turns":5},{"damage":0,"enemies":"Red Slaver","floor":13,"turns":3},{"damage":33,"enemies":"Slime Boss","floor":16,"turns":11},{"damage":18,"enemies":"Spheric Guardian","floor":18,"turns":4},{"damage":12,"enemies":"2 Thieves","floor":20,"turns":4},{"damage":57,"enemies":"Slavers","floor":23,"turns":7},{"damage":8,"enemies":"Snake Plant","floor":29,"turns":5},{"damage":5,"enemies":"Snecko","floor":31,"turns":3},{"damage":93,"enemies":"Collector","floor":33,"turns":9}],"event_choices":[{"event_name":"The Cleric","player_choice":"Leave","floor":5,"damage_taken":0},{"event_name":"The Woman in Blue","player_choice":"Bought 2 Potions","floor":8,"damage_taken":0},{"event_name":"World of Goop","player_choice":"Left","floor":14,"damage_taken":0},{"event_name":"The Lab","player_choice":"Got Potions","floor":19,"damage_taken":0},{"event_name":"The Library","player_choice":"Read","floor":22,"damage_taken":0},{"event_name":"Drug Dealer","player_choice":"Ignored","floor":24,"damage_taken":0}],"boss_relics":[{"not_picked":["Calling Bell","Lizard Tail"],"picked":"Black Blood"}],"potions_floor_spawned":[1,6,10,11,29,31],"seed_played":"1003137261079703498","killed_by":"Collector","ascension_level":0,"is_trial":false}