{"gold_per_floor":[114,131,146,17,37,68,84,84,110,129,129,129,140,166,166,240,240,258,258,271,271,271],"floor_reached":22,"playtime":1727,"items_purged":[],"score":396,"play_id":"6398a2b2-a243-4918-81e1-c9fa66223970","local_time":"20190917192326","is_ascension_mode":true,"campfire_choices":[{"floor":8,"key":"REST"},{"data":"Noxious Fumes","floor":11,"key":"SMITH"},{"floor":15,"key":"REST"}],"neow_cost":"NONE","seed_source_timestamp":1330688307392560,"circlet_count":0,"master_deck":["AscendersBane","Defend_G","Defend_G","Defend_G","Defend_G","Strike_G","Strike_G","Strike_G","Strike_G","Survivor","Neutralize+1","Adrenaline","Noxious Fumes+1","Leg Sweep","Dodge and Roll","Slice","Cloak And Dagger","Die Die Die","PiercingWail","Noxious Fumes","Caltrops","Cloak And Dagger","Flying Knee","Quick Slash","Glass Knife","Masterful Stab","RitualDagger","Backflip"],"relics":["Ring of the Snake","Blue Candle","Dream Catcher","Smiling Mask","Empty Cage","Mummified Hand"],"potions_floor_usage":[3,6,7,16,16],"damage_taken":[{"damage":0,"enemies":"Cultist","floor":1,"turns":4},{"damage":1,"enemies":"Small Slimes","floor":2,"turns":4},{"damage":0,"enemies":"Jaw Worm","floor":3,"turns":3},{"damage":1,"enemies":"Blue Slaver","floor":5,"turns":6},{"damage":7,"enemies":"3 Sentries","floor":6,"turns":8},{"damage":13,"enemies":"Large Slime","floor":7,"turns":8},{"damage":0,"enemies":"3 Louse","floor":10,"turns":2},{"damage":2,"enemies":"2 Fungi Beasts","floor":13,"turns":4},{"damage":28,"enemies":"Gremlin Nob","floor":14,"turns":5},{"damage":12,"enemies":"The Guardian","floor":16,"turns":10},{"damage":6,"enemies":"Chosen","floor":18,"turns":5},{"damage":13,"enemies":"Shell Parasite","floor":20,"turns":6},{"damage":39,"enemies":"Centurion and Healer","floor":22,"turns":5}],"seed_played":"4527952081914923559","potions_obtained":[{"floor":1,"key":"AttackPotion"},{"floor":3,"key":"GamblersBrew"},{"floor":10,"key":"LiquidBronze"},{"floor":13,"key":"Energy Potion"},{"floor":14,"key":"Dexterity Potion"}],"is_trial":false,"path_per_floor":["M","M","M","$","M","E","M","R","T","M","R","?","M","E","R","B",null,"M","?","M","T","M"],"character_chosen":"THE_SILENT","items_purchased":["Slice","Cloak And Dagger","Block Potion"],"campfire_rested":2,"item_purchase_floors":[4,4,4],"current_hp_per_floor":[59,58,58,58,57,50,37,56,56,56,56,56,54,26,45,33,58,52,46,33,33,0],"gold":271,"neow_bonus":"ONE_RANDOM_RARE_CARD","is_prod":false,"is_daily":false,"chose_seed":false,"campfire_upgraded":1,"win_rate":0,"timestamp":1568762606,"path_taken":["M","M","M","$","M","E","M","R","T","M","R","?","?","E","R","BOSS","M","?","M","?","M"],"build_version":"2019-01-23","purchased_purges":0,"victory":false,"max_hp_per_floor":[66,66,66,66,66,66,66,66,66,66,66,66,66,66,66,66,66,66,66,66,66,66],"card_choices":[{"not_picked":["Underhanded Strike","Caltrops"],"picked":"Noxious Fumes","floor":1},{"not_picked":["Poisoned Stab","Riddle With Holes"],"picked":"Leg Sweep","floor":2},{"not_picked":["Eviscerate","Prepared"],"picked":"Dodge and Roll","floor":3},{"not_picked":["Cloak And Dagger","Underhanded Strike"],"picked":"Die Die Die","floor":5},{"not_picked":["Concentrate","Cloak And Dagger"],"picked":"PiercingWail","floor":6},{"not_picked":["Slice","Bane"],"picked":"Noxious Fumes","floor":7},{"not_picked":["Setup","Quick Slash"],"picked":"Caltrops","floor":10},{"not_picked":["Sucker Punch","All Out Attack"],"picked":"Cloak And Dagger","floor":13},{"not_picked":["Finisher","PiercingWail"],"picked":"Flying Knee","floor":14},{"not_picked":["Dodge and Roll","Outmaneuver"],"picked":"Quick Slash","floor":15},{"not_picked":["Night Terror","Tools of the Trade"],"picked":"Glass Knife","floor":16},{"not_picked":["Flying Knee","Dagger Throw"],"picked":"Masterful Stab","floor":18},{"not_picked":["Outmaneuver","Dagger Throw"],"picked":"Backflip","floor":20}],"player_experience":2949464,"relics_obtained":[{"floor":6,"key":"Blue Candle"},{"floor":9,"key":"Dream Catcher"},{"floor":14,"key":"Smiling Mask"},{"floor":21,"key":"Mummified Hand"}],"event_choices":[{"damage_healed":0,"gold_gain":0,"player_choice":"Upgraded","damage_taken":0,"max_hp_gain":0,"max_hp_loss":0,"event_name":"Upgrade Shrine","floor":12,"gold_loss":0,"cards_upgraded":["Neutralize"]},{"damage_healed":0,"gold_gain":0,"player_choice":"Joined the Cult","damage_taken":6,"max_hp_gain":0,"max_hp_loss":0,"event_name":"Nest","floor":19,"gold_loss":0,"cards_obtained":["RitualDagger"]}],"is_beta":false,"boss_relics":[{"not_picked":["Coffee Dripper","Runic Pyramid"],"picked":"Empty Cage"}],"items_purged_floors":[],"is_endless":false,"potions_floor_spawned":[1,3,10,13,14],"killed_by":"Centurion and Healer","ascension_level":20}