{"gold_per_floor":[416,185,185,85,101,101,131,131,155,173,24,24,24,58,58,157,157,173,272,291,291,141,170,170,200,200,200,50,78,78,78,78,177,177,187,236,1235,752,752,752,752,397,420,454,454,454,454,152,152,255,255,275,275,275,275,295,295,295,295,295,102,25,25,58,58,58,58],"floor_reached":67,"playtime":1021,"items_purged":["Defend_R","Defend_R","Defend_R","Strike_R","Strike_R+1","Strike_R+1","Dropkick+1","Blind+1"],"score":1271,"play_id":"1d99e8ed-c0f6-4ed3-b47a-5d09b5923bc5","local_time":"20191025180819","daily_mods":["Vintage","Heirloom","Time Dilation","Flight"],"is_ascension_mode":false,"campfire_choices":[{"data":"Strike_R","floor":6.0,"key":"SMITH"},{"data":"Strike_R","floor":8.0,"key":"SMITH"},{"data":"Flash of Steel","floor":15.0,"key":"SMITH"},{"data":"Anger","floor":27.0,"key":"SMITH"},{"floor":32.0,"key":"REST"},{"data":"Blind","floor":40.0,"key":"SMITH"},{"data":"1","floor":41.0,"key":"LIFT"},{"data":"2","floor":47.0,"key":"LIFT"},{"data":"3","floor":49.0,"key":"LIFT"}],"neow_cost":"","seed_source_timestamp":0,"circlet_count":0,"master_deck":["Flash of Steel+1"],"special_seed":0,"relics":["Unceasing Top","Old Coin","Ornamental Fan","Juzu Bracelet","Whetstone","Singing Bowl","Dream Catcher","Toy Ornithopter","Orrery","Bronze Scales","Boot","Busted Crown","Bottled Flame","Mercury Hourglass","Torii","Pocketwatch","TungstenRod","FossilizedHelix","Tiny Chest","Empty Cage","Omamori","Girya","Ginger","Pen Nib","Smiling Mask","Orichalcum","InkBottle","HornCleat","Coffee Dripper","Strawberry","Mummified Hand","Golden Idol","Blue Candle","Ancient Tea Set","Membership Card","ClockworkSouvenir"],"potions_floor_usage":[],"damage_taken":[{"damage":0.0,"enemies":"2 Louse","floor":1.0,"turns":3.0},{"damage":1.0,"enemies":"Cultist","floor":5.0,"turns":3.0},{"damage":14.0,"enemies":"Gremlin Nob","floor":7.0,"turns":3.0},{"damage":8.0,"enemies":"Jaw Worm","floor":10.0,"turns":3.0},{"damage":14.0,"enemies":"Lagavulin","floor":14.0,"turns":3.0},{"damage":56.0,"enemies":"The Guardian","floor":16.0,"turns":6.0},{"damage":1.0,"enemies":"Spheric Guardian","floor":18.0,"turns":3.0},{"damage":6.0,"enemies":"2 Thieves","floor":20.0,"turns":2.0},{"damage":21.0,"enemies":"Book of Stabbing","floor":23.0,"turns":3.0},{"damage":16.0,"enemies":"Slavers","floor":25.0,"turns":3.0},{"damage":10.0,"enemies":"Gremlin Leader","floor":29.0,"turns":3.0},{"damage":17.0,"enemies":"Collector","floor":33.0,"turns":3.0},{"damage":0.0,"enemies":"Orb Walker","floor":35.0,"turns":2.0},{"damage":10.0,"enemies":"2 Orb Walkers","floor":36.0,"turns":3.0},{"damage":0.0,"enemies":"Reptomancer","floor":44.0,"turns":2.0},{"damage":0.0,"enemies":"Donu and Deca","floor":50.0,"turns":1.0},{"damage":0.0,"enemies":"Jaw Worm","floor":52.0,"turns":1.0},{"damage":0.0,"enemies":"Cultist","floor":56.0,"turns":1.0},{"damage":0.0,"enemies":"3 Sentries","floor":64.0,"turns":1.0},{"damage":0,"enemies":"Slime Boss","floor":67,"turns":1}],"seed_played":"-7650278781221994941","potions_obtained":[{"floor":1.0,"key":"Strength Potion"},{"floor":10.0,"key":"Regen Potion"},{"floor":20.0,"key":"SpeedPotion"},{"floor":25.0,"key":"Explosive Potion"},{"floor":50.0,"key":"ElixirPotion"},{"floor":52.0,"key":"LiquidBronze"}],"is_trial":true,"path_per_floor":["M","$","?","$","M","R","E","R","T","M","$","?","?","E","R","B",null,"M","?","M","?","$","E","?","E","T","R","$","E","?","$","R","B",null,"M","?","?","$","?","R","R","$","T","E","T","?","R","$","R","B",null,"M","?","?","?","M","R","?","?","T","$","$","?","E","?","R","B"],"character_chosen":"IRONCLAD","items_purchased":["Juzu Bracelet","Orrery","Anger","Ginger","Pen Nib","HornCleat","Membership Card","ClockworkSouvenir"],"campfire_rested":1,"item_purchase_floors":[2,11,22,38,42,48,61,62],"current_hp_per_floor":[80,80,80,80,79,79,67,67,67,59,67,67,67,60,60,6,94,93,93,87,87,87,68,68,68,68,68,68,65,65,65,95,80,102,102,94,94,94,94,94,94,94,94,96,96,96,96,96,96,98,108,115,120,111,82,82,82,82,82,82,82,82,82,84,84,84,84],"gold":58,"neow_bonus":"","is_prod":false,"is_daily":false,"chose_seed":false,"campfire_upgraded":5,"win_rate":0,"timestamp":1572019699,"path_taken":["M","$","?","?","M","R","E","R","T","M","$","?","?","E","R","BOSS","M","?","M","?","$","E","?","E","T","R","$","E","?","$","R","BOSS","M","?","?","$","?","R","R","$","T","E","?","?","R","$","R","BOSS","M","?","?","?","M","R","?","?","T","$","$","?","E","?","R","BOSS"],"build_version":"2019-10-25","purchased_purges":8,"victory":false,"max_hp_per_floor":[80,80,80,80,80,80,82,82,82,82,90,90,90,92,92,94,94,94,94,94,94,94,96,96,98,98,98,98,100,100,100,100,102,102,102,104,104,104,104,104,104,104,104,106,106,106,106,106,106,108,108,115,120,120,120,120,120,120,120,120,120,120,120,122,122,122,122],"card_choices":[{"not_picked":["Dark Embrace","Flex","Iron Wave"],"picked":"Singing Bowl","floor":7.0},{"not_picked":["Sentinel","Perfected Strike"],"picked":"Rampage","floor":11.0},{"not_picked":["Inflame","Warcry","Hemokinesis"],"picked":"Singing Bowl","floor":11.0},{"not_picked":["Combust","Rampage","Perfected Strike"],"picked":"Singing Bowl","floor":11.0},{"not_picked":["Shockwave","True Grit","Sword Boomerang"],"picked":"Singing Bowl","floor":11.0},{"not_picked":["Havoc","Shockwave","Exhume"],"picked":"Singing Bowl","floor":11.0},{"not_picked":["Sword Boomerang","Twin Strike","Flex"],"picked":"Singing Bowl","floor":14.0},{"not_picked":["Barricade","Exhume","Impervious"],"picked":"Singing Bowl","floor":16.0},{"not_picked":["Clothesline"],"picked":"Singing Bowl","floor":23.0},{"not_picked":["Flex+1"],"picked":"Singing Bowl","floor":25.0},{"not_picked":["Armaments"],"picked":"Singing Bowl","floor":29.0},{"not_picked":[],"picked":"Dropkick+1","floor":32.0},{"not_picked":["Brutality"],"picked":"Singing Bowl","floor":33.0},{"not_picked":["Clothesline+1"],"picked":"Singing Bowl","floor":36.0},{"not_picked":[],"picked":"Blind","floor":39.0},{"not_picked":["Shrug It Off+1"],"picked":"Singing Bowl","floor":44.0},{"not_picked":["Immolate"],"picked":"Singing Bowl","floor":50.0},{"not_picked":["Sentinel"],"picked":"Singing Bowl","floor":64.0}],"player_experience":895332,"relics_obtained":[{"floor":1.0,"key":"Ornamental Fan"},{"floor":5.0,"key":"Whetstone"},{"floor":7.0,"key":"Singing Bowl"},{"floor":9.0,"key":"Dream Catcher"},{"floor":10.0,"key":"Toy Ornithopter"},{"floor":14.0,"key":"Boot"},{"floor":18.0,"key":"Bottled Flame"},{"floor":20.0,"key":"Mercury Hourglass"},{"floor":23.0,"key":"Torii"},{"floor":25.0,"key":"Pocketwatch"},{"floor":26.0,"key":"TungstenRod"},{"floor":29.0,"key":"FossilizedHelix"},{"floor":35.0,"key":"Omamori"},{"floor":36.0,"key":"Girya"},{"floor":43.0,"key":"Smiling Mask"},{"floor":44.0,"key":"Orichalcum"},{"floor":45.0,"key":"InkBottle"},{"floor":52.0,"key":"Strawberry"},{"floor":56.0,"key":"Blue Candle"},{"floor":60.0,"key":"Ancient Tea Set"}],"event_choices":[{"cards_removed":["Defend_R"],"damage_healed":0.0,"max_hp_gain":0.0,"max_hp_loss":0.0,"gold_gain":0.0,"event_name":"Bonfire Elementals","player_choice":"Offered Basic","floor":3.0,"gold_loss":0.0,"damage_taken":0.0},{"damage_healed":0.0,"max_hp_gain":0.0,"max_hp_loss":0.0,"gold_gain":0.0,"event_name":"Match and Keep!","player_choice":"1 cards matched","floor":12.0,"gold_loss":0.0,"damage_taken":0.0,"cards_obtained":["Flash of Steel"]},{"cards_removed":["Rampage"],"damage_healed":0.0,"max_hp_gain":0.0,"max_hp_loss":0.0,"gold_gain":0.0,"event_name":"WeMeetAgain","player_choice":"Gave Card","floor":13.0,"gold_loss":0.0,"damage_taken":0.0,"relics_obtained":["Bronze Scales"]},{"damage_healed":0.0,"max_hp_gain":0.0,"max_hp_loss":0.0,"gold_gain":99.0,"event_name":"Nest","player_choice":"Stole From Cult","floor":19.0,"gold_loss":0.0,"damage_taken":0.0},{"damage_healed":0.0,"max_hp_gain":0.0,"max_hp_loss":0.0,"gold_gain":0.0,"event_name":"N\u0027loth","player_choice":"Ignored","floor":21.0,"gold_loss":0.0,"damage_taken":0.0},{"damage_healed":0.0,"max_hp_gain":0.0,"max_hp_loss":0.0,"gold_gain":0.0,"event_name":"Ghosts","player_choice":"Ignored","floor":24.0,"gold_loss":0.0,"damage_taken":0.0},{"damage_healed":0.0,"max_hp_gain":0.0,"max_hp_loss":0.0,"gold_gain":0.0,"event_name":"The Mausoleum","player_choice":"Opened","floor":30.0,"gold_loss":0.0,"damage_taken":0.0,"relics_obtained":["Tiny Chest"]},{"damage_healed":0.0,"max_hp_gain":0.0,"max_hp_loss":0.0,"gold_gain":0.0,"event_name":"Mysterious Sphere","player_choice":"Fight","floor":36.0,"gold_loss":0.0,"damage_taken":0.0},{"damage_healed":0.0,"max_hp_gain":0.0,"max_hp_loss":0.0,"gold_gain":999.0,"event_name":"MindBloom","player_choice":"Gold","floor":37.0,"gold_loss":0.0,"damage_taken":0.0,"cards_obtained":["Normality","Normality"]},{"damage_healed":0.0,"max_hp_gain":0.0,"max_hp_loss":0.0,"gold_gain":0.0,"event_name":"SensoryStone","player_choice":"Memory 1","floor":39.0,"gold_loss":0.0,"damage_taken":0.0},{"cards_removed":["Bash"],"damage_healed":0.0,"max_hp_gain":0.0,"max_hp_loss":0.0,"gold_gain":0.0,"event_name":"Falling","player_choice":"Removed Attack","floor":46.0,"gold_loss":0.0,"damage_taken":0.0},{"damage_healed":0.0,"max_hp_gain":5.0,"max_hp_loss":0.0,"gold_gain":0.0,"event_name":"Big Fish","player_choice":"Donut","floor":53.0,"gold_loss":0.0,"damage_taken":0.0},{"damage_healed":0.0,"max_hp_gain":0.0,"max_hp_loss":0.0,"gold_gain":0.0,"event_name":"Scrap Ooze","player_choice":"Success","floor":54.0,"gold_loss":0.0,"damage_taken":12.0,"relics_obtained":["Mummified Hand"]},{"damage_healed":0.0,"max_hp_gain":0.0,"max_hp_loss":0.0,"gold_gain":0.0,"event_name":"Golden Idol","player_choice":"Take Damage","floor":55.0,"gold_loss":0.0,"damage_taken":30.0,"relics_obtained":["Golden Idol"]},{"damage_healed":0.0,"max_hp_gain":0.0,"max_hp_loss":0.0,"gold_gain":0.0,"event_name":"Liars Game","player_choice":"Ignored","floor":58.0,"gold_loss":0.0,"damage_taken":0.0},{"damage_healed":0.0,"max_hp_gain":0.0,"max_hp_loss":0.0,"gold_gain":0.0,"event_name":"Upgrade Shrine","player_choice":"Ignored","floor":59.0,"gold_loss":0.0,"damage_taken":0.0},{"cards_removed":["Anger"],"damage_healed":0.0,"max_hp_gain":0.0,"max_hp_loss":0.0,"gold_gain":0.0,"event_name":"Living Wall","player_choice":"Forget","floor":63.0,"gold_loss":0.0,"damage_taken":0.0},{"damage_healed":0.0,"max_hp_gain":0.0,"max_hp_loss":0.0,"gold_gain":0.0,"event_name":"Accursed Blacksmith","player_choice":"Ignored","floor":65.0,"gold_loss":0.0,"damage_taken":0.0}],"is_beta":true,"boss_relics":[{"not_picked":["Black Star","Calling Bell"],"picked":"Busted Crown"},{"not_picked":["Astrolabe","Philosopher\u0027s Stone"],"picked":"Empty Cage"},{"not_picked":["Sozu","Snecko Eye"],"picked":"Coffee Dripper"}],"items_purged_floors":[2,4,22,28,38,42,48,61],"is_endless":true,"potions_floor_spawned":[1,10,20,25,50,52],"killed_by":"Slime Boss","ascension_level":0}