{"gold_per_floor":[110,260,283,283,7,7,38,38,38,38,55,89,101,121,121,193,193,203,128,128,145,161,161,161],"floor_reached":24,"playtime":1304,"items_purged":["Doubt"],"score":458,"play_id":"09adc2a4-bd04-4a41-9632-625717856d5e","local_time":"20190812151606","is_ascension_mode":true,"campfire_choices":[{"data":"Uppercut","floor":6.0,"key":"SMITH"},{"data":"Combust","floor":8.0,"key":"SMITH"},{"data":"Rampage","floor":15,"key":"SMITH"},{"floor":23,"key":"REST"}],"neow_cost":"NONE","seed_source_timestamp":598507457369745,"circlet_count":0,"master_deck":["AscendersBane","Strike_R","Strike_R","Strike_R","Strike_R","Strike_R","Defend_R","Defend_R","Defend_R","Defend_R","Uppercut+1","Pummel","Sword Boomerang","Combust+1","Hemokinesis","Thunderclap","Rampage+1","Limit Break","Twin Strike"],"special_seed":0,"relics":["Burning Blood","NeowsBlessing","Omamori","Bronze Scales","Shuriken","Meat on the Bone","Orichalcum","Busted Crown"],"potions_floor_usage":[12,21,22],"damage_taken":[{"damage":0.0,"enemies":"Small Slimes","floor":1.0,"turns":1.0},{"damage":0.0,"enemies":"3 Sentries","floor":7.0,"turns":2.0},{"damage":0.0,"enemies":"Jaw Worm","floor":11.0,"turns":1.0},{"damage":18,"enemies":"Lagavulin","floor":12,"turns":5},{"damage":3,"enemies":"2 Louse","floor":13,"turns":3},{"damage":3,"enemies":"Red Slaver","floor":14,"turns":4},{"damage":60,"enemies":"The Guardian","floor":16,"turns":12},{"damage":9,"enemies":"Spheric Guardian","floor":18,"turns":3},{"damage":25,"enemies":"Colosseum Slavers","floor":20,"turns":3},{"damage":10,"enemies":"3 Byrds","floor":21,"turns":4},{"damage":40,"enemies":"Shelled Parasite and Fungi","floor":22,"turns":4},{"damage":52,"enemies":"Book of Stabbing","floor":24,"turns":4}],"seed_played":"-2127430373445233663","potions_obtained":[{"floor":7.0,"key":"PowerPotion"},{"floor":12,"key":"SpeedPotion"},{"floor":21,"key":"AttackPotion"}],"is_trial":false,"path_per_floor":["M","?","T","?","$","R","E","R","T","$","M","E","M","M","R","B",null,"M","?","?","M","M","R","E"],"character_chosen":"IRONCLAD","items_purchased":["Bronze Scales","Sword Boomerang"],"campfire_rested":1,"item_purchase_floors":[5,5],"current_hp_per_floor":[74,74,74,74,74,74,75,75,75,75,75,63,66,69,69,27,63,60,60,53,49,27,49,0],"gold":161,"neow_bonus":"THREE_ENEMY_KILL","is_prod":false,"is_daily":false,"chose_seed":false,"campfire_upgraded":3,"win_rate":0,"timestamp":1565637366,"path_taken":["M","?","?","?","$","R","E","R","T","$","M","E","M","?","R","BOSS","M","?","?","?","M","R","E"],"build_version":"2019-01-23","purchased_purges":1,"victory":false,"max_hp_per_floor":[75,75,75,75,75,75,75,75,75,75,75,75,75,75,75,75,75,75,75,75,75,75,75,75],"card_choices":[{"not_picked":["Flex","Havoc"],"picked":"Uppercut","floor":1.0},{"not_picked":["Iron Wave","Body Slam"],"picked":"Combust","floor":7.0},{"not_picked":["Clothesline","Clash","Wild Strike"],"picked":"SKIP","floor":11.0},{"not_picked":["True Grit","Whirlwind"],"picked":"Hemokinesis","floor":12},{"not_picked":["Pommel Strike","Searing Blow"],"picked":"Thunderclap","floor":13},{"not_picked":["Heavy Blade","Clothesline"],"picked":"Rampage","floor":14},{"not_picked":["Immolate","Juggernaut"],"picked":"Limit Break","floor":16},{"not_picked":[],"picked":"Twin Strike","floor":18},{"not_picked":["Armaments"],"picked":"SKIP","floor":21},{"not_picked":["Feel No Pain"],"picked":"SKIP","floor":22}],"player_experience":2786101,"relics_obtained":[{"floor":3.0,"key":"Omamori"},{"floor":7.0,"key":"Shuriken"},{"floor":9.0,"key":"Meat on the Bone"},{"floor":12,"key":"Orichalcum"}],"event_choices":[{"damage_healed":0.0,"max_hp_gain":0.0,"max_hp_loss":0.0,"gold_gain":150.0,"event_name":"Liars Game","player_choice":"AGREE","floor":2.0,"gold_loss":0.0,"damage_taken":0.0,"cards_obtained":["Doubt"]},{"damage_healed":0.0,"max_hp_gain":0.0,"max_hp_loss":0.0,"gold_gain":0.0,"event_name":"Match and Keep!","player_choice":"1 cards matched","floor":4.0,"gold_loss":0.0,"damage_taken":0.0,"cards_obtained":["Pummel"]},{"cards_removed":["Bash"],"damage_healed":0,"gold_gain":0,"player_choice":"Gave Gold","damage_taken":0,"max_hp_gain":0,"max_hp_loss":0,"event_name":"Beggar","floor":19,"gold_loss":75},{"damage_healed":0,"gold_gain":0,"player_choice":"Fight","damage_taken":0,"max_hp_gain":0,"max_hp_loss":0,"event_name":"Colosseum","floor":20,"gold_loss":0},{"damage_healed":0,"gold_gain":0,"player_choice":"Fled From Nobs","damage_taken":0,"max_hp_gain":0,"max_hp_loss":0,"event_name":"Colosseum","floor":20,"gold_loss":0}],"is_beta":false,"boss_relics":[{"not_picked":["Velvet Choker","Calling Bell"],"picked":"Busted Crown"}],"items_purged_floors":[5],"is_endless":false,"potions_floor_spawned":[7,12,21],"killed_by":"Book of Stabbing","ascension_level":20}