{"gold_per_floor":[115,129,1,11,11,46,61,61,361,361,373,373,373,373,373,504,504,522,546,299,317,330,330,364,364,364,364,395,395,395,420,420,544,544,557,577,75,98,113,113,134,259,283,283,283,283,304,319,319,319,319,319,26,57,57],"floor_reached":56,"playtime":3437,"items_purged":["Strike_B","Strike_B+1"],"score":1358,"play_id":"51ed7205-6681-4ba8-bc2e-a459d95ddbf8","local_time":"20191029225355","is_ascension_mode":true,"campfire_choices":[{"data":"Coolheaded","floor":8,"key":"SMITH"},{"data":"Conserve Battery","floor":10,"key":"SMITH"},{"data":"Barrage","floor":13,"key":"SMITH"},{"floor":15,"key":"REST"},{"data":"Fission","floor":23,"key":"SMITH"},{"data":"Coolheaded","floor":25,"key":"SMITH"},{"data":"Chaos","floor":29,"key":"SMITH"},{"floor":32,"key":"REST"},{"data":"Fission","floor":40,"key":"SMITH"},{"floor":46,"key":"RECALL"},{"data":"Static Discharge","floor":49,"key":"SMITH"},{"data":"Storm","floor":52,"key":"SMITH"}],"neow_cost":"NONE","seed_source_timestamp":88413826116300,"circlet_count":0,"master_deck":["Defend_B","Defend_B","Defend_B","Defend_B","Zap+1","Dualcast","Barrage+1","Conserve Battery+1","Ball Lightning+1","Defragment+1","Defragment","Defragment","Coolheaded+1","FTL","Biased Cognition","Fission+1","Doom and Gloom+1","Aggregate+1","Storm+1","Coolheaded+1","Steam","Static Discharge+1","Conserve Battery+1","Rip and Tear","Reinforced Body","Chaos+1","Force Field","Machine Learning","Hologram+1","Lockon+1","Fission+1","Compile Driver+1","Stack+1","Force Field","Lockon+1","Clumsy","Dark Shackles","Cold Snap+1","Parasite"],"relics":["Cracked Core","Unceasing Top","Old Coin","Golden Idol","Inserter","Ice Cream","Cables","Whetstone","Enchiridion","Cursed Key","Pantograph","FossilizedHelix","Medical Kit","Oddly Smooth Stone"],"potions_floor_usage":[11,21,22,24,28,31,33,47,55,55],"damage_taken":[{"damage":7,"enemies":"Small Slimes","floor":1,"turns":3},{"damage":1,"enemies":"Cultist","floor":2,"turns":4},{"damage":4,"enemies":"2 Louse","floor":4,"turns":2},{"damage":14,"enemies":"Gremlin Nob","floor":6,"turns":3},{"damage":16,"enemies":"Exordium Thugs","floor":7,"turns":4},{"damage":5,"enemies":"Gremlin Gang","floor":11,"turns":4},{"damage":8,"enemies":"Hexaghost","floor":16,"turns":8},{"damage":24,"enemies":"2 Thieves","floor":18,"turns":4},{"damage":7,"enemies":"Spheric Guardian","floor":19,"turns":4},{"damage":7,"enemies":"Cultist and Chosen","floor":21,"turns":5},{"damage":11,"enemies":"Snake Plant","floor":22,"turns":4},{"damage":0,"enemies":"Gremlin Leader","floor":24,"turns":4},{"damage":0,"enemies":"Book of Stabbing","floor":28,"turns":4},{"damage":0,"enemies":"Sentry and Sphere","floor":31,"turns":4},{"damage":4,"enemies":"Champ","floor":33,"turns":6},{"damage":0,"enemies":"3 Shapes","floor":35,"turns":2},{"damage":9,"enemies":"Orb Walker","floor":36,"turns":3},{"damage":0,"enemies":"Transient","floor":38,"turns":5},{"damage":0,"enemies":"Spire Growth","floor":39,"turns":5},{"damage":8,"enemies":"Sphere and 2 Shapes","floor":41,"turns":2},{"damage":17,"enemies":"Mind Bloom Boss Battle","floor":42,"turns":4},{"damage":0,"enemies":"Jaw Worm Horde","floor":47,"turns":3},{"damage":0,"enemies":"Writhing Mass","floor":48,"turns":4},{"damage":24,"enemies":"Donu and Deca","floor":50,"turns":7},{"damage":55,"enemies":"Shield and Spear","floor":54,"turns":6},{"damage":48,"enemies":"The Heart","floor":55,"turns":7}],"seed_played":"-6224664597880708794","potions_obtained":[{"floor":1,"key":"Energy Potion"},{"floor":6,"key":"Swift Potion"},{"floor":18,"key":"Poison Potion"},{"floor":21,"key":"Block Potion"},{"floor":22,"key":"Weak Potion"},{"floor":28,"key":"LiquidBronze"},{"floor":31,"key":"Swift Potion"},{"floor":39,"key":"FearPotion"},{"floor":42,"key":"Weak Potion"},{"floor":47,"key":"Fire Potion"},{"floor":54,"key":"FocusPotion"}],"is_trial":false,"path_per_floor":["M","M","$","M","?","E","M","R","T","R","M","?","R","?","R","B",null,"M","M","$","M","M","R","E","R","T","?","E","R","?","M","R","B",null,"M","M","$","M","M","R","M","?","T","?","?","R","M","M","R","B",null,"R","$","E","B",null],"character_chosen":"DEFECT","items_purchased":["Ball Lightning","Defragment","Storm","Coolheaded","PowerPotion","Fission","Pantograph","Medical Kit","FairyPotion"],"campfire_rested":2,"item_purchase_floors":[3,3,20,20,20,37,37,53,53],"current_hp_per_floor":[68,67,67,63,48,34,18,18,18,18,13,13,13,13,33,25,69,45,38,38,31,20,20,20,20,20,20,20,20,4,4,24,20,69,69,60,60,60,60,60,52,52,52,52,52,52,52,52,52,45,69,69,69,14,6],"gold":57,"neow_bonus":"UPGRADE_CARD","is_prod":false,"is_daily":false,"chose_seed":false,"campfire_upgraded":9,"win_rate":0,"timestamp":1572360835,"path_taken":["M","M","$","M","?","E","M","R","T","R","M","?","R","?","R","BOSS","M","M","$","?","M","R","E","R","T","?","E","R","?","?","R","BOSS","M","M","$","M","?","R","M","?","T","?","?","R","M","M","R","BOSS","R","$","E","BOSS"],"build_version":"2019-07-17","purchased_purges":2,"victory":true,"max_hp_per_floor":[75,75,75,75,75,75,75,75,75,75,75,69,69,69,69,69,69,69,69,69,69,69,69,69,69,69,69,69,69,69,69,69,69,69,69,69,69,69,69,69,69,69,69,69,69,69,69,69,69,69,69,69,69,69,69],"card_choices":[{"not_picked":["Turbo","Leap"],"picked":"Barrage","floor":1},{"not_picked":["Skim","FTL"],"picked":"Conserve Battery","floor":2},{"not_picked":["Conserve Battery","Tempest"],"picked":"Defragment","floor":4},{"not_picked":["Tempest","Redo"],"picked":"Defragment","floor":6},{"not_picked":["Aggregate","FTL"],"picked":"Coolheaded","floor":7},{"not_picked":["Reinforced Body","Recycle"],"picked":"FTL","floor":11},{"not_picked":["Hyperbeam","Core Surge"],"picked":"Fission","floor":16},{"not_picked":["Barrage","Sweeping Beam+1"],"picked":"Doom and Gloom","floor":18},{"not_picked":["Scrape","Gash+1"],"picked":"Aggregate+1","floor":19},{"not_picked":["Go for the Eyes","Barrage+1"],"picked":"Steam","floor":21},{"not_picked":["Ball Lightning","Leap"],"picked":"Static Discharge","floor":22},{"not_picked":["Steam","Streamline"],"picked":"Conserve Battery+1","floor":24},{"not_picked":["Cold Snap+1","Stack"],"picked":"Chaos","floor":28},{"not_picked":["Storm","Reprogram"],"picked":"Force Field","floor":31},{"not_picked":["Buffer","Core Surge"],"picked":"Machine Learning","floor":33},{"not_picked":["Barrage","Ball Lightning"],"picked":"Hologram+1","floor":35},{"not_picked":["Doom and Gloom","Skim"],"picked":"Lockon+1","floor":36},{"not_picked":["Ball Lightning","Turbo"],"picked":"Compile Driver+1","floor":38},{"not_picked":["Compile Driver+1","Static Discharge"],"picked":"Stack+1","floor":39},{"not_picked":["Chaos","Genetic Algorithm+1"],"picked":"Force Field","floor":41},{"not_picked":["BootSequence+1","Conserve Battery"],"picked":"Lockon+1","floor":42},{"not_picked":["Transmutation","Impatience"],"picked":"Dark Shackles","floor":45},{"not_picked":["Rebound","Steam+1"],"picked":"Cold Snap+1","floor":47},{"not_picked":["Scrape","Sweeping Beam","Streamline+1"],"picked":"SKIP","floor":48},{"not_picked":["Chill","Darkness+1","Sunder+1"],"picked":"SKIP","floor":54}],"player_experience":245226,"relics_obtained":[{"floor":6,"key":"Unceasing Top"},{"floor":9,"key":"Old Coin"},{"floor":24,"key":"Ice Cream"},{"floor":26,"key":"Cables"},{"floor":28,"key":"Whetstone"},{"floor":30,"key":"Enchiridion"},{"floor":42,"key":"FossilizedHelix"},{"floor":54,"key":"Oddly Smooth Stone"}],"event_choices":[{"damage_healed":0,"gold_gain":0,"player_choice":"Entered Light","damage_taken":15,"max_hp_gain":0,"max_hp_loss":0,"event_name":"Shining Light","floor":5,"gold_loss":0,"cards_upgraded":["Defragment","Strike_B"]},{"damage_healed":0,"gold_gain":0,"player_choice":"Lose Max HP","damage_taken":0,"relics_obtained":["Golden Idol"],"max_hp_gain":0,"max_hp_loss":6,"event_name":"Golden Idol","floor":12,"gold_loss":0},{"damage_healed":0,"gold_gain":0,"player_choice":"1 cards matched","damage_taken":0,"max_hp_gain":0,"max_hp_loss":0,"event_name":"Match and Keep!","floor":14,"gold_loss":0,"cards_obtained":["Biased Cognition"]},{"damage_healed":0,"gold_gain":0,"cards_transformed":["Strike_B","Strike_B"],"player_choice":"Became Test Subject","damage_taken":0,"max_hp_gain":0,"max_hp_loss":0,"event_name":"Drug Dealer","floor":27,"gold_loss":0,"cards_obtained":["Rip and Tear","Reinforced Body"]},{"damage_healed":0,"gold_gain":0,"player_choice":"Obtained Book","damage_taken":16,"max_hp_gain":0,"max_hp_loss":0,"event_name":"Cursed Tome","floor":30,"gold_loss":0},{"damage_healed":0,"gold_gain":0,"player_choice":"Fight","damage_taken":0,"max_hp_gain":0,"max_hp_loss":0,"event_name":"MindBloom","floor":42,"gold_loss":0},{"damage_healed":0,"gold_gain":0,"player_choice":"Ignored","damage_taken":0,"max_hp_gain":0,"max_hp_loss":0,"event_name":"Tomb of Lord Red Mask","floor":44,"gold_loss":0},{"damage_healed":0,"gold_gain":0,"player_choice":"Memory 1","damage_taken":0,"max_hp_gain":0,"max_hp_loss":0,"event_name":"SensoryStone","floor":45,"gold_loss":0}],"is_beta":false,"boss_relics":[{"not_picked":["Busted Crown","Empty Cage"],"picked":"Inserter"},{"not_picked":["Lizard Tail","White Beast Statue"],"picked":"Cursed Key"}],"items_purged_floors":[20,37],"is_endless":false,"potions_floor_spawned":[1,6,18,21,22,28,31,39,42,47,48,54],"ascension_level":2}