{"gold_per_floor":[118,129,204,40,53,53,53,53,80,94,94,120,138,7,7,83,83,98,98,22,42,42,68,86,86,86,103,103,129,54,54,54,125,125,139,139,189,25,44,44,70,83,83,94,112,131,131,143,143,143],"floor_reached":51,"playtime":4645,"items_purged":["Decay"],"score":1296,"play_id":"53408cef-a771-475a-a0d5-1da20bf802a8","local_time":"20190601021035","is_ascension_mode":true,"campfire_choices":[{"floor":6,"key":"REST"},{"data":"Zap","floor":8,"key":"SMITH"},{"data":"Dualcast","floor":11,"key":"SMITH"},{"floor":15,"key":"REST"},{"floor":25,"key":"REST"},{"floor":28,"key":"REST"},{"floor":32,"key":"REST"},{"floor":40,"key":"REST"},{"floor":49,"key":"REST"}],"neow_cost":"CURSE","seed_source_timestamp":325763058328760,"circlet_count":0,"master_deck":["AscendersBane","Strike_B","Strike_B","Strike_B","Defend_B","Defend_B","Defend_B","Defend_B","Zap+1","Dualcast+1","Tempest","Leap","Barrage","Steam","Ball Lightning","Echo Form","Glacier","Capacitor","Electrodynamics","Defragment+1","Consume","Reboot","Stack+1","Turbo+1","Static Discharge","Electrodynamics","Chill+1","Buffer","Go for the Eyes","Capacitor"],"relics":["Cracked Core","Emotion Chip","Strawberry","Centennial Puzzle","Mango","White Beast Statue","Mummified Hand","Bottled Flame","Pantograph","Lizard Tail","Happy Flower","Cables","Symbiotic Virus"],"potions_floor_usage":[10,16,16,22,23,27,27,29,33,35,41,42,44,48,50],"damage_taken":[{"damage":10,"enemies":"Small Slimes","floor":1,"turns":3},{"damage":5,"enemies":"2 Louse","floor":2,"turns":2},{"damage":0,"enemies":"Cultist","floor":5,"turns":3},{"damage":1,"enemies":"Lots of Slimes","floor":10,"turns":3},{"damage":17,"enemies":"Gremlin Nob","floor":12,"turns":3},{"damage":6,"enemies":"3 Louse","floor":13,"turns":2},{"damage":1,"enemies":"The Guardian","floor":16,"turns":10},{"damage":2,"enemies":"Spheric Guardian","floor":18,"turns":5},{"damage":11,"enemies":"Chosen","floor":21,"turns":4},{"damage":0,"enemies":"Shelled Parasite and Fungi","floor":22,"turns":1},{"damage":33,"enemies":"Gremlin Leader","floor":23,"turns":5},{"damage":6,"enemies":"Centurion and Healer","floor":24,"turns":5},{"damage":26,"enemies":"Sentry and Sphere","floor":27,"turns":5},{"damage":39,"enemies":"Slavers","floor":29,"turns":3},{"damage":64,"enemies":"Collector","floor":33,"turns":6},{"damage":10,"enemies":"3 Shapes","floor":35,"turns":2},{"damage":16,"enemies":"Orb Walker","floor":39,"turns":3},{"damage":34,"enemies":"Nemesis","floor":41,"turns":7},{"damage":17,"enemies":"Jaw Worm Horde","floor":42,"turns":4},{"damage":34,"enemies":"Maw","floor":44,"turns":7},{"damage":0,"enemies":"4 Shapes","floor":45,"turns":4},{"damage":1,"enemies":"Sphere and 2 Shapes","floor":46,"turns":4},{"damage":0,"enemies":"Transient","floor":48,"turns":6},{"damage":59,"enemies":"Donu and Deca","floor":50,"turns":8}],"seed_played":"2437214768753853251","potions_obtained":[{"floor":5,"key":"Energy Potion"},{"floor":12,"key":"SpeedPotion"},{"floor":18,"key":"PowerPotion"},{"floor":21,"key":"SmokeBomb"},{"floor":23,"key":"Dexterity Potion"},{"floor":24,"key":"Dexterity Potion"},{"floor":27,"key":"Poison Potion"},{"floor":29,"key":"Explosive Potion"},{"floor":33,"key":"EssenceOfSteel"},{"floor":35,"key":"PowerPotion"},{"floor":39,"key":"Dexterity Potion"},{"floor":41,"key":"FearPotion"},{"floor":42,"key":"PowerPotion"},{"floor":44,"key":"SkillPotion"},{"floor":45,"key":"Block Potion"},{"floor":47,"key":"FocusPotion"},{"floor":48,"key":"Swift Potion"}],"is_trial":false,"path_per_floor":["M","M","?","$","M","R","?","R","T","M","R","E","M","$","R","B",null,"M","?","$","M","M","E","M","R","T","M","R","E","?","?","R","B",null,"M","?","?","$","M","R","E","M","T","M","M","M","?","M","R","B",null],"character_chosen":"DEFECT","items_purchased":["Barrage","Steam","AttackPotion","Capacitor","Consume","Happy Flower"],"campfire_rested":7,"item_purchase_floors":[4,4,14,14,20,38],"current_hp_per_floor":[54,49,38,38,38,59,55,55,55,54,54,51,45,45,72,71,87,85,80,80,69,69,36,30,57,57,31,58,19,19,19,46,7,71,61,61,52,52,36,63,29,12,12,25,25,24,24,24,51,17],"gold":143,"neow_bonus":"ONE_RARE_RELIC","is_prod":false,"is_daily":false,"chose_seed":false,"campfire_upgraded":2,"win_rate":0,"timestamp":1559369435,"path_taken":["M","M","?","$","M","R","?","R","T","M","R","E","M","$","R","BOSS","M","?","$","?","?","E","M","R","T","M","R","E","?","?","R","BOSS","M","?","?","$","M","R","E","?","T","M","M","M","?","?","R","BOSS"],"build_version":"2019-01-23","purchased_purges":1,"victory":true,"max_hp_per_floor":[71,71,71,71,71,71,78,78,78,78,78,92,92,92,92,92,92,92,92,92,92,92,92,92,92,92,92,92,92,92,92,92,92,92,92,92,92,92,92,92,92,92,92,92,92,92,92,92,92,92],"card_choices":[{"not_picked":["Compile Driver","Hologram"],"picked":"Tempest","floor":1},{"not_picked":["Rip and Tear","Hello World"],"picked":"Leap","floor":2},{"not_picked":["Chaos","Barrage"],"picked":"Ball Lightning","floor":5},{"not_picked":["Tempest","Scrape"],"picked":"Echo Form","floor":12},{"not_picked":["BootSequence","Steam Power"],"picked":"Glacier","floor":13},{"not_picked":["Biased Cognition","Fission"],"picked":"Electrodynamics","floor":16},{"not_picked":["Scrape","Barrage"],"picked":"Defragment+1","floor":18},{"not_picked":["Ball Lightning","Fusion","Beam Cell"],"picked":"SKIP","floor":21},{"not_picked":["Redo","Storm"],"picked":"Reboot","floor":23},{"not_picked":["Double Energy","Steam"],"picked":"Stack+1","floor":24},{"not_picked":["Hologram","Sweeping Beam"],"picked":"Turbo+1","floor":27},{"not_picked":["Skim+1","Ball Lightning"],"picked":"Static Discharge","floor":29},{"not_picked":["Amplify","Reboot"],"picked":"Electrodynamics","floor":33},{"not_picked":["Ball Lightning","Coolheaded+1","Undo"],"picked":"SKIP","floor":35},{"not_picked":["Beam Cell","Stack"],"picked":"Chill+1","floor":39},{"not_picked":["Turbo","Ball Lightning"],"picked":"Buffer","floor":41},{"not_picked":["Barrage","Cold Snap","Steam"],"picked":"SKIP","floor":42},{"not_picked":["Turbo","Barrage"],"picked":"Go for the Eyes","floor":44},{"not_picked":["Undo","Ball Lightning"],"picked":"Capacitor","floor":45},{"not_picked":["Compile Driver","Capacitor","Streamline"],"picked":"SKIP","floor":46},{"not_picked":["Barrage","Double Energy","Ball Lightning"],"picked":"SKIP","floor":48}],"player_experience":2620146,"relics_obtained":[{"floor":9,"key":"Centennial Puzzle"},{"floor":12,"key":"Mango"},{"floor":23,"key":"Mummified Hand"},{"floor":26,"key":"Bottled Flame"},{"floor":29,"key":"Pantograph"},{"floor":41,"key":"Cables"},{"floor":43,"key":"Symbiotic Virus"}],"event_choices":[{"damage_healed":0,"gold_gain":75,"player_choice":"Gather Gold","damage_taken":11,"max_hp_gain":0,"max_hp_loss":0,"event_name":"World of Goop","floor":3,"gold_loss":0},{"damage_healed":0,"gold_gain":0,"player_choice":"Success","damage_taken":11,"relics_obtained":["Strawberry"],"max_hp_gain":0,"max_hp_loss":0,"event_name":"Scrap Ooze","floor":7,"gold_loss":0},{"damage_healed":0,"gold_gain":0,"player_choice":"Bought 0 Potions","damage_taken":0,"max_hp_gain":0,"max_hp_loss":0,"event_name":"The Woman in Blue","floor":19,"gold_loss":0},{"cards_removed":["Strike_B"],"damage_healed":0,"gold_gain":0,"player_choice":"Gave Gold","damage_taken":0,"max_hp_gain":0,"max_hp_loss":0,"event_name":"Beggar","floor":30,"gold_loss":75},{"damage_healed":0,"gold_gain":0,"player_choice":"Ignored","damage_taken":0,"max_hp_gain":0,"max_hp_loss":0,"event_name":"Ghosts","floor":31,"gold_loss":0},{"damage_healed":0,"gold_gain":0,"player_choice":"Memory 1","damage_taken":0,"max_hp_gain":0,"max_hp_loss":0,"event_name":"SensoryStone","floor":36,"gold_loss":0},{"damage_healed":0,"gold_gain":50,"player_choice":"Touch","damage_taken":9,"max_hp_gain":0,"max_hp_loss":0,"event_name":"FaceTrader","floor":37,"gold_loss":0},{"damage_healed":0,"gold_gain":0,"player_choice":"Got Potions","damage_taken":0,"max_hp_gain":0,"max_hp_loss":0,"event_name":"Lab","floor":47,"gold_loss":0}],"is_beta":false,"boss_relics":[{"not_picked":["Snecko Eye","FrozenCore"],"picked":"White Beast Statue"},{"not_picked":["Calling Bell","Runic Pyramid"],"picked":"Lizard Tail"}],"items_purged_floors":[4],"is_endless":false,"potions_floor_spawned":[5,12,18,21,22,23,24,27,29,33,35,39,41,42,44,45,46,48],"ascension_level":18}