{"gold_per_floor":[369,369,381,395,3,3,13,27,75,75,93,105,105,133,133,207,207,222,242,270,13,25,25,51,101,147,47,47,59,69,94,94,167,167,184,154,60,76,76,76,110,122,148,370,388,413,429,447,447,447,447],"floor_reached":51,"playtime":5010,"items_purged":["Strike_R","Doubt"],"score":1452,"play_id":"99c209f8-b64a-4c29-8b77-79eede4384d4","local_time":"20190826230535","is_ascension_mode":true,"campfire_choices":[{"data":"Clothesline","floor":6.0,"key":"SMITH"},{"data":"Flame Barrier","floor":10.0,"key":"SMITH"},{"data":"True Grit","floor":13.0,"key":"SMITH"},{"data":"Inflame","floor":15.0,"key":"SMITH"},{"data":"Blind","floor":23.0,"key":"SMITH"},{"floor":28.0,"key":"REST"},{"data":"Demon Form","floor":32.0,"key":"SMITH"},{"floor":40.0,"key":"REST"},{"floor":49.0,"key":"REST"}],"neow_cost":"PERCENT_DAMAGE","seed_source_timestamp":802941723775789,"circlet_count":0,"master_deck":["AscendersBane","Strike_R","Strike_R","Strike_R","Strike_R","Defend_R","Defend_R","Defend_R","Defend_R","Bash","Clothesline+1","True Grit+1","Thunderclap","Combust","Flame Barrier+1","Sword Boomerang","Headbutt","Iron Wave","Inflame+1","Demon Form+1","Shrug It Off","Heavy Blade","Shrug It Off","Blind+1","Iron Wave+1","Blood for Blood","Double Tap","Warcry+1","Anger","Warcry+1","Limit Break","Trip","Combust","Regret","Pommel Strike+1","Battle Trance","Shrug It Off+1","Headbutt+1"],"special_seed":0,"relics":["Burning Blood","Meat on the Bone","Blood Vial","Mercury Hourglass","Cursed Key","Red Mask","Happy Flower","PreservedInsect","Dream Catcher","Bird Faced Urn","Fusion Hammer","Shuriken","Vajra","The Courier"],"potions_floor_usage":[],"damage_taken":[{"damage":8.0,"enemies":"2 Louse","floor":1.0,"turns":5.0},{"damage":5.0,"enemies":"Jaw Worm","floor":3.0,"turns":5.0},{"damage":1.0,"enemies":"Small Slimes","floor":4.0,"turns":4.0},{"damage":31.0,"enemies":"Exordium Thugs","floor":7.0,"turns":6.0},{"damage":18.0,"enemies":"Exordium Wildlife","floor":8.0,"turns":4.0},{"damage":0.0,"enemies":"2 Fungi Beasts","floor":11.0,"turns":3.0},{"damage":3.0,"enemies":"Blue Slaver","floor":12.0,"turns":5.0},{"damage":21.0,"enemies":"Gremlin Nob","floor":14.0,"turns":5.0},{"damage":49.0,"enemies":"Slime Boss","floor":16.0,"turns":9.0},{"damage":33.0,"enemies":"2 Thieves","floor":18.0,"turns":4.0},{"damage":20.0,"enemies":"Shell Parasite","floor":19.0,"turns":4.0},{"damage":11.0,"enemies":"Masked Bandits","floor":20.0,"turns":3.0},{"damage":20.0,"enemies":"Snake Plant","floor":22.0,"turns":2.0},{"damage":37.0,"enemies":"Gremlin Leader","floor":24.0,"turns":6.0},{"damage":3.0,"enemies":"Snecko","floor":29.0,"turns":4.0},{"damage":32.0,"enemies":"Chosen and Byrds","floor":30.0,"turns":6.0},{"damage":17.0,"enemies":"Slavers","floor":31.0,"turns":4.0},{"damage":28.0,"enemies":"Champ","floor":33.0,"turns":8.0},{"damage":19.0,"enemies":"3 Darklings","floor":35.0,"turns":4.0},{"damage":12.0,"enemies":"Orb Walker","floor":38.0,"turns":3.0},{"damage":47.0,"enemies":"Reptomancer","floor":41.0,"turns":5.0},{"damage":19.0,"enemies":"4 Shapes","floor":42.0,"turns":5.0},{"damage":36.0,"enemies":"Jaw Worm Horde","floor":45.0,"turns":4.0},{"damage":11.0,"enemies":"Nemesis","floor":46.0,"turns":3.0},{"damage":25.0,"enemies":"3 Darklings","floor":47.0,"turns":10.0},{"damage":17.0,"enemies":"Transient","floor":48.0,"turns":6.0},{"damage":74.0,"enemies":"Donu and Deca","floor":50.0,"turns":7.0},{"damage":44,"enemies":"Awakened One","floor":51,"turns":3}],"seed_played":"5589625574329221834","potions_obtained":[{"floor":7.0,"key":"GamblersBrew"},{"floor":8.0,"key":"LiquidBronze"},{"floor":11.0,"key":"AttackPotion"},{"floor":18.0,"key":"GamblersBrew"},{"floor":19.0,"key":"LiquidBronze"},{"floor":20.0,"key":"LiquidBronze"},{"floor":31.0,"key":"PowerPotion"},{"floor":36.0,"key":"Regen Potion"},{"floor":36.0,"key":"SpeedPotion"},{"floor":46.0,"key":"Strength Potion"},{"floor":48.0,"key":"EssenceOfSteel"}],"is_trial":false,"path_per_floor":["M","?","M","M","$","R","M","M","T","R","M","M","R","E","R","B",null,"M","M","?","$","M","R","E","?","T","$","R","M","M","E","R","B",null,"M","?","$","M","$","R","E","M","T","?","M","E","M","M","R","B","B"],"character_chosen":"IRONCLAD","items_purchased":["Meat on the Bone","Combust","Happy Flower","Blind","Trip"],"campfire_rested":3,"item_purchase_floors":[5,5,21,21,37],"current_hp_per_floor":[48,53,54,59,59,59,46,46,46,46,54,59,59,58,58,29,67,54,54,51,51,51,51,34,34,34,34,58,63,51,54,54,54,74,67,67,67,65,65,80,53,50,50,50,52,55,58,53,77,31,0],"gold":447,"neow_bonus":"TWO_FIFTY_GOLD","is_prod":false,"is_daily":false,"chose_seed":false,"campfire_upgraded":6,"win_rate":0,"timestamp":1566875135,"path_taken":["M","?","M","M","$","R","M","M","T","R","M","M","R","E","R","BOSS","M","M","?","$","M","R","E","?","T","?","R","?","M","E","R","BOSS","M","?","$","M","?","R","E","?","T","?","M","E","M","M","R","BOSS","BOSS"],"build_version":"2019-01-23","purchased_purges":2,"victory":false,"max_hp_per_floor":[75,80,80,80,80,80,80,80,80,80,80,80,80,80,80,80,80,80,80,80,80,80,80,80,80,80,80,80,80,80,80,80,80,80,80,80,80,80,80,80,80,80,80,80,80,80,80,80,80,80,80],"card_choices":[{"not_picked":["Cleave","Headbutt"],"picked":"Clothesline","floor":1.0},{"not_picked":["Infernal Blade","Clash"],"picked":"True Grit","floor":3.0},{"not_picked":["Exhume","Clothesline"],"picked":"Thunderclap","floor":4.0},{"not_picked":["Armaments","Pommel Strike"],"picked":"Flame Barrier","floor":7.0},{"not_picked":["True Grit","Perfected Strike"],"picked":"Sword Boomerang","floor":8.0},{"not_picked":["Corruption","Warcry"],"picked":"Headbutt","floor":11.0},{"not_picked":["Clash","Headbutt"],"picked":"Iron Wave","floor":12.0},{"not_picked":["Warcry","Armaments"],"picked":"Inflame","floor":14.0},{"not_picked":["Barricade","Immolate"],"picked":"Demon Form","floor":16.0},{"not_picked":["Hemokinesis","Flex"],"picked":"Shrug It Off","floor":18.0},{"not_picked":["Pummel","Burning Pact"],"picked":"Heavy Blade","floor":19.0},{"not_picked":["Perfected Strike+1","Sword Boomerang"],"picked":"Shrug It Off","floor":20.0},{"not_picked":["Headbutt","Shrug It Off"],"picked":"Iron Wave+1","floor":22.0},{"not_picked":["Perfected Strike","Pommel Strike"],"picked":"Blood for Blood","floor":24.0},{"not_picked":["Searing Blow","Metallicize"],"picked":"Double Tap","floor":28.0},{"not_picked":["Cleave","Sword Boomerang"],"picked":"Warcry+1","floor":29.0},{"not_picked":["Havoc","Iron Wave"],"picked":"Anger","floor":30.0},{"not_picked":["Heavy Blade","True Grit"],"picked":"Warcry+1","floor":31.0},{"not_picked":["Barricade","Offering"],"picked":"Limit Break","floor":33.0},{"not_picked":["Warcry","Perfected Strike+1","Headbutt"],"picked":"SKIP","floor":35.0},{"not_picked":["Cleave","Thunderclap","Second Wind"],"picked":"SKIP","floor":38.0},{"not_picked":["Double Tap","Headbutt"],"picked":"Combust","floor":41.0},{"not_picked":["Flex","Body Slam","Sword Boomerang"],"picked":"SKIP","floor":42.0},{"not_picked":["Hemokinesis","Dual Wield"],"picked":"Pommel Strike+1","floor":45.0},{"not_picked":["Barricade","Whirlwind"],"picked":"Battle Trance","floor":46.0},{"not_picked":["Wild Strike","Pummel"],"picked":"Shrug It Off+1","floor":47.0},{"not_picked":["Wild Strike","Pommel Strike+1","Corruption"],"picked":"SKIP","floor":48.0},{"not_picked":["True Grit","Body Slam"],"picked":"Headbutt+1","floor":49.0}],"player_experience":2856399,"relics_obtained":[{"floor":9.0,"key":"Blood Vial"},{"floor":14.0,"key":"Mercury Hourglass"},{"floor":20.0,"key":"Red Mask"},{"floor":24.0,"key":"PreservedInsect"},{"floor":26.0,"key":"Dream Catcher"},{"floor":31.0,"key":"Bird Faced Urn"},{"floor":41.0,"key":"Shuriken"},{"floor":43.0,"key":"Vajra"},{"floor":46.0,"key":"The Courier"}],"event_choices":[{"damage_healed":0.0,"max_hp_gain":5.0,"max_hp_loss":0.0,"gold_gain":0.0,"event_name":"Big Fish","player_choice":"Donut","floor":2.0,"gold_loss":0.0,"damage_taken":0.0},{"damage_healed":0.0,"max_hp_gain":0.0,"max_hp_loss":0.0,"gold_gain":0.0,"event_name":"Masked Bandits","player_choice":"Fought Bandits","floor":20.0,"gold_loss":0.0,"damage_taken":0.0},{"damage_healed":0.0,"max_hp_gain":0.0,"max_hp_loss":0.0,"gold_gain":50.0,"event_name":"Nest","player_choice":"Stole From Cult","floor":25.0,"gold_loss":0.0,"damage_taken":0.0},{"damage_healed":0.0,"max_hp_gain":0.0,"max_hp_loss":0.0,"gold_gain":0.0,"event_name":"The Woman in Blue","player_choice":"Bought 2 Potions","floor":36.0,"gold_loss":0.0,"damage_taken":0.0},{"damage_healed":0.0,"max_hp_gain":0.0,"max_hp_loss":0.0,"gold_gain":222.0,"event_name":"Tomb of Lord Red Mask","player_choice":"Wore Mask","floor":44.0,"gold_loss":0.0,"damage_taken":0.0}],"is_beta":false,"boss_relics":[{"not_picked":["Eternal Feather","Runic Cube"],"picked":"Cursed Key"},{"not_picked":["White Beast Statue","Velvet Choker"],"picked":"Fusion Hammer"}],"items_purged_floors":[5,27],"is_endless":false,"potions_floor_spawned":[7,8,11,18,19,20,31,42,46,48],"killed_by":"Awakened One","ascension_level":20}