{"gold_per_floor":[117,117,117,117,127,127,12,27,53,115,115,27,27,60,60,162,162,178,197,197,208,42,42,72,72,72,85,85,114,130,148,148,253,303,317,31,131,131,131,131,148,148,175,185,203,223,223,236,236,236],"floor_reached":51,"playtime":13781,"items_purged":[],"score":771,"play_id":"8b603ccf-d0bb-4f4f-a929-b0782046f6c0","local_time":"20190809133623","is_ascension_mode":true,"campfire_choices":[{"floor":6,"key":"REST"},{"floor":11,"key":"REST"},{"data":"Defragment","floor":13,"key":"SMITH"},{"data":"Zap","floor":15,"key":"SMITH"},{"floor":23,"key":"REST"},{"floor":25,"key":"REST"},{"data":"RitualDagger","floor":28,"key":"SMITH"},{"floor":32,"key":"REST"},{"floor":40,"key":"REST"},{"data":"Static Discharge","floor":42,"key":"SMITH"},{"floor":49,"key":"REST"}],"neow_cost":"NONE","seed_source_timestamp":70044935170326,"circlet_count":0,"master_deck":["Strike_B","Strike_B","Strike_B+1","Strike_B","Defend_B","Defend_B","Defend_B","Defend_B","Zap+1","Dualcast","Redo+1","Regret","Cold Snap","Defragment+1","Lockon","Conserve Battery","Ball Lightning","Cold Snap","Stack","Echo Form","Leap+1","Auto Shields","RitualDagger+1","Rebound","Turbo","Defragment","Scrape","Gash","Chill","BootSequence+1","Meteor Strike","Rainbow","Redo+1","Streamline+1","Streamline","Static Discharge+1","Secret Technique","Trip","Trip","Rip and Tear+1","Turbo","Doom and Gloom+1","Storm+1","Biased Cognition","Parasite","Go for the Eyes+1"],"relics":["FrozenCore","Blood Vial","Oddly Smooth Stone","Mercury Hourglass","Juzu Bracelet","PreservedInsect","Dodecahedron","Ice Cream","The Courier","Shuriken","Tiny House","Bronze Scales","Happy Flower","Nunchaku","Pen Nib"],"potions_floor_usage":[29,30,31,33,44,46,50],"damage_taken":[{"damage":6,"enemies":"2 Louse","floor":1,"turns":2},{"damage":3,"enemies":"Small Slimes","floor":5,"turns":2},{"damage":0,"enemies":"Jaw Worm","floor":8,"turns":2},{"damage":16,"enemies":"Gremlin Nob","floor":10,"turns":3},{"damage":0,"enemies":"Gremlin Nob","floor":14,"turns":3},{"damage":1,"enemies":"Slime Boss","floor":16,"turns":7},{"damage":3,"enemies":"Spheric Guardian","floor":18,"turns":6},{"damage":3,"enemies":"Shell Parasite","floor":19,"turns":7},{"damage":17,"enemies":"Snake Plant","floor":21,"turns":5},{"damage":40,"enemies":"Gremlin Leader","floor":24,"turns":8},{"damage":4,"enemies":"Snecko","floor":27,"turns":5},{"damage":18,"enemies":"Book of Stabbing","floor":29,"turns":5},{"damage":11,"enemies":"3 Cultists","floor":30,"turns":6},{"damage":2,"enemies":"Centurion and Healer","floor":31,"turns":6},{"damage":18,"enemies":"Champ","floor":33,"turns":14},{"damage":5,"enemies":"3 Shapes","floor":35,"turns":3},{"damage":16,"enemies":"Mind Bloom Boss Battle","floor":37,"turns":9},{"damage":0,"enemies":"Orb Walker","floor":41,"turns":5},{"damage":11,"enemies":"Jaw Worm Horde","floor":44,"turns":7},{"damage":15,"enemies":"Sphere and 2 Shapes","floor":45,"turns":6},{"damage":1,"enemies":"3 Darklings","floor":46,"turns":6},{"damage":0,"enemies":"Writhing Mass","floor":48,"turns":5},{"damage":43,"enemies":"Donu and Deca","floor":50,"turns":7}],"seed_played":"1694282933416753595","potions_obtained":[{"floor":19,"key":"Block Potion"},{"floor":24,"key":"SteroidPotion"},{"floor":29,"key":"SteroidPotion"},{"floor":30,"key":"Poison Potion"},{"floor":33,"key":"GamblersBrew"},{"floor":34,"key":"Ancient Potion"},{"floor":37,"key":"SteroidPotion"},{"floor":46,"key":"GamblersBrew"},{"floor":48,"key":"PowerPotion"}],"is_trial":false,"path_per_floor":["M","?","?","T","M","R","$","M","T","?","R","$","R","E","R","B",null,"M","M","?","M","$","R","E","R","T","M","R","E","M","M","R","B",null,"M","$","?","?","?","R","M","R","T","M","M","M","?","M","R","B",null],"character_chosen":"DEFECT","items_purchased":["Defragment","Lockon","Loop","Cold Snap","Turbo","Defragment","Scrape","Bronze Scales","Happy Flower","Streamline"],"campfire_rested":7,"item_purchase_floors":[7,7,12,12,22,22,22,36,36,36],"current_hp_per_floor":[69,69,54,54,53,75,75,75,75,59,75,75,75,75,75,74,75,72,71,65,50,50,72,34,56,56,54,54,38,29,29,51,35,80,75,75,61,61,51,75,77,77,77,68,55,56,56,58,80,37],"gold":236,"neow_bonus":"RANDOM_COMMON_RELIC","is_prod":false,"is_daily":false,"chose_seed":false,"campfire_upgraded":4,"win_rate":0,"timestamp":1565368583,"path_taken":["M","?","?","?","?","R","$","M","T","?","R","$","R","E","R","BOSS","M","M","?","M","$","R","E","R","T","M","R","E","M","M","R","BOSS","M","$","?","?","?","R","M","R","T","M","M","M","?","M","R","BOSS"],"build_version":"2019-07-17","purchased_purges":0,"victory":true,"max_hp_per_floor":[75,75,75,75,75,75,75,75,75,75,75,75,75,75,75,75,75,75,75,75,75,75,75,75,75,75,75,75,75,75,75,75,75,80,80,80,80,80,80,80,80,80,80,80,80,80,80,80,80,80],"card_choices":[{"not_picked":["Streamline","Gash"],"picked":"Redo","floor":1},{"not_picked":["Steam","Hologram"],"picked":"Cold Snap","floor":5},{"not_picked":["Double Energy","Barrage"],"picked":"Conserve Battery","floor":8},{"not_picked":["Force Field","Doom and Gloom"],"picked":"Ball Lightning","floor":10},{"not_picked":["Reprogram","Hologram"],"picked":"Stack","floor":14},{"not_picked":["Hyperbeam","Thunder Strike"],"picked":"Echo Form","floor":16},{"not_picked":["Redo","Glacier"],"picked":"Leap+1","floor":18},{"not_picked":["Hologram+1","Beam Cell"],"picked":"Auto Shields","floor":19},{"not_picked":["Redo","Ball Lightning"],"picked":"Rebound","floor":21},{"not_picked":["Beam Cell","Leap+1"],"picked":"Gash","floor":24},{"not_picked":["Conserve Battery+1","Compile Driver+1"],"picked":"Creative AI","floor":27},{"not_picked":["Doom and Gloom","Aggregate"],"picked":"Chill","floor":29},{"not_picked":["Hologram","Conserve Battery"],"picked":"BootSequence","floor":30},{"not_picked":["Hologram","Loop+1"],"picked":"Meteor Strike","floor":31},{"not_picked":["Multi-Cast","Hyperbeam"],"picked":"Rainbow","floor":33},{"not_picked":["Rip and Tear","Conserve Battery"],"picked":"Redo+1","floor":34},{"not_picked":["BootSequence","Redo"],"picked":"Streamline+1","floor":35},{"not_picked":["Reprogram+1","Cold Snap+1"],"picked":"Static Discharge","floor":37},{"not_picked":["Sadistic Nature","Discovery"],"picked":"Secret Technique","floor":39},{"not_picked":["Transmutation","Jack Of All Trades"],"picked":"Trip","floor":39},{"not_picked":["Discovery","Panache"],"picked":"Trip","floor":39},{"not_picked":["Compile Driver+1","Capacitor+1"],"picked":"Rip and Tear+1","floor":41},{"not_picked":["Redo+1","Cold Snap+1"],"picked":"Turbo","floor":44},{"not_picked":["Hello World","Barrage"],"picked":"Doom and Gloom+1","floor":45},{"not_picked":["Compile Driver","Cold Snap"],"picked":"Storm+1","floor":46},{"not_picked":["Turbo","Chill+1"],"picked":"Go for the Eyes+1","floor":48}],"player_experience":285537,"relics_obtained":[{"floor":4,"key":"Mercury Hourglass"},{"floor":9,"key":"Juzu Bracelet"},{"floor":14,"key":"Dodecahedron"},{"floor":24,"key":"Ice Cream"},{"floor":26,"key":"The Courier"},{"floor":29,"key":"Shuriken"},{"floor":37,"key":"Nunchaku"},{"floor":43,"key":"Pen Nib"}],"event_choices":[{"damage_healed":0,"gold_gain":0,"player_choice":"Box","damage_taken":0,"relics_obtained":["Oddly Smooth Stone"],"max_hp_gain":0,"max_hp_loss":0,"event_name":"Big Fish","floor":2,"gold_loss":0,"cards_obtained":["Regret"]},{"damage_healed":0,"gold_gain":0,"player_choice":"Entered Light","damage_taken":15,"max_hp_gain":0,"max_hp_loss":0,"event_name":"Shining Light","floor":3,"gold_loss":0,"cards_upgraded":["Redo","Strike_B"]},{"damage_healed":0,"gold_gain":0,"player_choice":"Searched \u00272\u0027 times","damage_taken":0,"relics_obtained":["PreservedInsect"],"max_hp_gain":0,"max_hp_loss":0,"event_name":"Dead Adventurer","floor":10,"gold_loss":0},{"damage_healed":0,"gold_gain":0,"player_choice":"Joined the Cult","damage_taken":6,"max_hp_gain":0,"max_hp_loss":0,"event_name":"Nest","floor":20,"gold_loss":0,"cards_obtained":["RitualDagger"]},{"damage_healed":0,"gold_gain":0,"player_choice":"Fight","damage_taken":0,"max_hp_gain":0,"max_hp_loss":0,"event_name":"MindBloom","floor":37,"gold_loss":0},{"cards_removed":["Loop"],"damage_healed":0,"gold_gain":0,"player_choice":"Removed Power","damage_taken":0,"max_hp_gain":0,"max_hp_loss":0,"event_name":"Falling","floor":38,"gold_loss":0},{"damage_healed":0,"gold_gain":0,"player_choice":"Memory 3","damage_taken":10,"max_hp_gain":0,"max_hp_loss":0,"event_name":"SensoryStone","floor":39,"gold_loss":0},{"damage_healed":0,"gold_gain":0,"cards_transformed":["Creative AI"],"player_choice":"Transformed","damage_taken":0,"max_hp_gain":0,"max_hp_loss":0,"event_name":"Transmorgrifier","floor":47,"gold_loss":0,"cards_obtained":["Biased Cognition"]}],"is_beta":false,"boss_relics":[{"not_picked":["Calling Bell","Astrolabe"],"picked":"FrozenCore"},{"not_picked":["Snecko Eye","Sozu"],"picked":"Tiny House"}],"items_purged_floors":[],"is_endless":false,"potions_floor_spawned":[19,24,29,30,33,37,46,48],"ascension_level":1}