{"gold_per_floor":[109,129,140,160,179,213,231,231,256,256,282,293,293,0,0,98,98,116,116,127,140,140,173,173,173,197,28,44,44],"floor_reached":29,"playtime":1428,"items_purged":[],"score":282,"play_id":"632b23fa-2b40-42f5-b75b-390cc2fe2952","local_time":"20190710175451","is_ascension_mode":false,"campfire_choices":[{"floor":8,"key":"REST"},{"floor":15,"key":"REST"},{"floor":24,"key":"REST"}],"neow_cost":"NONE","seed_source_timestamp":6214905673338,"circlet_count":0,"master_deck":["Strike_G","Strike_G","Strike_G","Strike_G","Strike_G","Defend_G","Defend_G","Defend_G","Defend_G","Defend_G","Survivor","Neutralize","Finisher","Poisoned Stab","Endless Agony","Crippling Poison","Poisoned Stab","Terror+1","Accuracy","Dash","Dash","Blade Dance","Accuracy","Backflip","Storm of Steel","Blade Dance+1","Finisher+1","Blade Dance","RitualDagger","Finisher+1","Bullet Time","Flying Knee","PiercingWail","Blade Dance+1"],"relics":["Ring of the Snake","NeowsBlessing","StoneCalendar","PreservedInsect","Kunai","Blood Vial","Oddly Smooth Stone","Centennial Puzzle","Nilry\u0027s Codex","Bag of Marbles"],"potions_floor_usage":[5,5,16,23,23,28],"damage_taken":[{"damage":0,"enemies":"2 Louse","floor":1,"turns":1},{"damage":0,"enemies":"Cultist","floor":2,"turns":1},{"damage":0,"enemies":"Jaw Worm","floor":3,"turns":1},{"damage":0,"enemies":"Looter","floor":4,"turns":2},{"damage":0,"enemies":"Red Slaver","floor":5,"turns":1},{"damage":20,"enemies":"Lagavulin","floor":6,"turns":7},{"damage":1,"enemies":"2 Fungi Beasts","floor":7,"turns":4},{"damage":21,"enemies":"Gremlin Nob","floor":11,"turns":4},{"damage":8,"enemies":"Blue Slaver","floor":12,"turns":4},{"damage":17,"enemies":"Slime Boss","floor":16,"turns":7},{"damage":16,"enemies":"Shell Parasite","floor":18,"turns":4},{"damage":10,"enemies":"2 Thieves","floor":20,"turns":4},{"damage":13,"enemies":"Snecko","floor":21,"turns":4},{"damage":20,"enemies":"Gremlin Leader","floor":23,"turns":3},{"damage":6,"enemies":"Centurion and Healer","floor":28,"turns":3},{"damage":15,"enemies":"Snake Plant","floor":29,"turns":2}],"seed_played":"-7117106482020248373","potions_obtained":[{"floor":1,"key":"Fire Potion"},{"floor":4,"key":"Fire Potion"},{"floor":6,"key":"FearPotion"},{"floor":11,"key":"SpeedPotion"},{"floor":12,"key":"AttackPotion"},{"floor":16,"key":"GamblersBrew"},{"floor":20,"key":"Explosive Potion"},{"floor":23,"key":"PowerPotion"}],"is_trial":false,"path_per_floor":["M","M","M","M","M","E","M","R","T","?","E","M","?","$","R","B",null,"M","?","M","M","?","E","R","?","T","$","M","M"],"character_chosen":"THE_SILENT","items_purchased":["Blade Dance","Accuracy","Backflip","Oddly Smooth Stone","Bullet Time","Flying Knee","PiercingWail"],"campfire_rested":3,"item_purchase_floors":[14,14,14,14,27,27,27],"current_hp_per_floor":[70,70,70,70,70,50,49,70,70,70,49,41,38,38,59,44,70,54,54,46,35,29,11,32,16,16,16,12,0],"gold":44,"neow_bonus":"THREE_ENEMY_KILL","is_prod":false,"is_daily":false,"chose_seed":false,"campfire_upgraded":0,"win_rate":0.0,"timestamp":1562792091,"path_taken":["M","M","M","M","M","E","M","R","T","?","E","?","?","$","R","BOSS","M","?","M","?","?","E","R","?","T","$","M","M"],"build_version":"2019-07-05","purchased_purges":0,"victory":false,"max_hp_per_floor":[70,70,70,70,70,70,70,70,70,70,70,70,70,70,70,70,70,70,70,70,70,70,70,70,70,70,70,70,70],"card_choices":[{"not_picked":["Sucker Punch","Expertise"],"picked":"Finisher","floor":1},{"not_picked":["Flying Knee","Choke"],"picked":"Poisoned Stab","floor":2},{"not_picked":["Leg Sweep","All Out Attack"],"picked":"Endless Agony","floor":3},{"not_picked":["Slice","Bane"],"picked":"Crippling Poison","floor":4},{"not_picked":["Quick Slash","Slice"],"picked":"Poisoned Stab","floor":5},{"not_picked":["Quick Slash","Distraction"],"picked":"Terror","floor":6},{"not_picked":["Deflect","Reflex"],"picked":"Accuracy","floor":7},{"not_picked":["Tactician","Footwork"],"picked":"Dash","floor":11},{"not_picked":["A Thousand Cuts","Backflip"],"picked":"Dash","floor":12},{"not_picked":["Venomology","Envenom"],"picked":"Storm of Steel","floor":16},{"not_picked":["Skewer","Bane+1"],"picked":"Blade Dance+1","floor":18},{"not_picked":["Flechettes","Predator"],"picked":"Finisher+1","floor":20},{"not_picked":["Deflect","Acrobatics+1"],"picked":"Blade Dance","floor":21},{"not_picked":["Choke+1","Dodge and Roll"],"picked":"Finisher+1","floor":23},{"not_picked":["Acrobatics+1","PiercingWail"],"picked":"Blade Dance+1","floor":28}],"player_experience":119258,"relics_obtained":[{"floor":6,"key":"StoneCalendar"},{"floor":9,"key":"PreservedInsect"},{"floor":11,"key":"Kunai"},{"floor":23,"key":"Centennial Puzzle"},{"floor":25,"key":"Nilry\u0027s Codex"},{"floor":26,"key":"Bag of Marbles"}],"event_choices":[{"damage_healed":0,"gold_gain":0,"player_choice":"Upgraded","damage_taken":0,"max_hp_gain":0,"max_hp_loss":0,"event_name":"Upgrade Shrine","floor":10,"gold_loss":0,"cards_upgraded":["Terror"]},{"damage_healed":0,"gold_gain":0,"player_choice":"Success","damage_taken":3,"relics_obtained":["Blood Vial"],"max_hp_gain":0,"max_hp_loss":0,"event_name":"Scrap Ooze","floor":13,"gold_loss":0},{"damage_healed":0,"gold_gain":0,"player_choice":"Ignored","damage_taken":0,"max_hp_gain":0,"max_hp_loss":0,"event_name":"NoteForYourself","floor":19,"gold_loss":0},{"damage_healed":0,"gold_gain":0,"player_choice":"Joined the Cult","damage_taken":6,"max_hp_gain":0,"max_hp_loss":0,"event_name":"Nest","floor":22,"gold_loss":0,"cards_obtained":["RitualDagger"]},{"damage_healed":0,"gold_gain":0,"player_choice":"Obtained Book","damage_taken":16,"max_hp_gain":0,"max_hp_loss":0,"event_name":"Cursed Tome","floor":25,"gold_loss":0}],"is_beta":false,"boss_relics":[{"not_picked":["Snecko Eye","Coffee Dripper","Empty Cage"]}],"items_purged_floors":[],"is_endless":false,"potions_floor_spawned":[1,4,6,11,12,16,20,23],"killed_by":"Snake Plant","ascension_level":0}