{"path_per_floor":["M","?","M","$","M","R","E","$","T","R","?","R","M","M","R","B",null,"M","M","M","?","T","R","E","R","T","$","M","E","M","M","R","B",null,"M","M","M","M","?","R","M","R","T","E","T","M","$","E","R"],"character_chosen":"IRONCLAD","items_purchased":["Spot Weakness","Shrug It Off","Power Through","Lee\u0027s Waffle","Shuriken","Heavy Blade"],"gold_per_floor":[119,119,129,60,80,80,106,56,80,80,103,103,116,131,131,227,227,238,253,269,299,299,299,334,334,334,24,34,66,83,95,95,194,194,214,234,250,270,270,270,283,283,307,337,386,405,22,48,48,48],"floor_reached":50,"campfire_rested":4,"playtime":7544,"item_purchase_floors":[4,8,27,27,47,47],"current_hp_per_floor":[80,85,85,85,85,85,68,68,68,68,58,58,60,66,66,49,85,81,68,56,56,56,81,59,59,59,92,88,67,68,59,91,83,115,107,115,94,68,54,88,84,84,84,59,59,52,52,33,67,0],"items_purged":["Writhe","Pain"],"gold":48,"score":672,"play_id":"08618f9a-fb4c-4844-a83f-93a3e44d316b","local_time":"20180527144729","is_prod":false,"is_daily":false,"chose_seed":false,"is_ascension_mode":true,"campfire_upgraded":6,"win_rate":0,"timestamp":1527446849,"campfire_choices":[{"data":"Metallicize","floor":6,"key":"SMITH"},{"data":"Spot Weakness","floor":10,"key":"SMITH"},{"data":"Armaments","floor":12,"key":"SMITH"},{"data":"Armaments","floor":15,"key":"SMITH"},{"floor":23,"key":"REST"},{"data":"Barricade","floor":25,"key":"SMITH"},{"floor":32,"key":"REST"},{"floor":40,"key":"REST"},{"data":"Entrench","floor":42,"key":"SMITH"},{"floor":49,"key":"REST"}],"path_taken":["M","?","M","$","M","R","E","?","T","R","?","R","M","M","R","BOSS","M","M","M","?","?","R","E","R","T","$","M","E","M","M","R","BOSS","M","M","?","M","?","R","M","R","T","E","?","M","?","E","R","BOSS"],"build_version":"2018-05-24","seed_source_timestamp":671968664839189,"purchased_purges":2,"victory":false,"master_deck":["Strike_R","Strike_R","Strike_R","Strike_R","Strike_R","Defend_R","Defend_R","Defend_R","Bash","Whirlwind","Headbutt","Spot Weakness+1","Metallicize+1","Combust","Shrug It Off","Armaments+1","Armaments+1","Barricade+1","Battle Trance+1","Spot Weakness","Infernal Blade+1","Warcry","Power Through","Warcry","Ghostly Armor","Body Slam","Heavy Blade+1","Demon Form","Clumsy","Injury","Flex+1","Iron Wave+1","True Grit+1","Sword Boomerang+1","Madness","Madness","Entrench+1","Double Tap","Heavy Blade","Exhume"],"max_hp_per_floor":[80,85,85,85,85,85,85,85,85,85,85,85,85,85,85,85,85,85,85,85,85,85,85,85,85,85,92,92,92,92,92,97,97,115,115,115,115,115,115,115,115,115,115,115,115,115,115,115,115,115],"relics":["Burning Blood","Happy Flower","Bronze Scales","Odd Mushroom","Velvet Choker","Tiny Chest","Darkstone Periapt","Bird Faced Urn","Kunai","Lee\u0027s Waffle","Ginger","Calling Bell","Omamori","Meat on the Bone","Champion Belt","Vajra","Bottled Lightning","Art of War","Shuriken","Lantern"],"card_choices":[{"not_picked":["True Grit","Rupture"],"picked":"Whirlwind","floor":1},{"not_picked":["Iron Wave","Dropkick"],"picked":"Headbutt","floor":3},{"not_picked":["Second Wind","Anger"],"picked":"Metallicize","floor":5},{"not_picked":["Entrench","Juggernaut"],"picked":"Combust","floor":7},{"not_picked":["Twin Strike","Inflame"],"picked":"Armaments","floor":11},{"not_picked":["Sever Soul","Thunderclap","Sentinel"],"picked":"SKIP","floor":13},{"not_picked":["Cleave","Iron Wave"],"picked":"Armaments","floor":14},{"not_picked":["Immolate","Impervious"],"picked":"Barricade","floor":16},{"not_picked":["Reckless Charge","Wild Strike"],"picked":"Battle Trance+1","floor":18},{"not_picked":["Twin Strike","Intimidate+1"],"picked":"Spot Weakness","floor":19},{"not_picked":["Searing Blow","Clash"],"picked":"Infernal Blade+1","floor":20},{"not_picked":["Spot Weakness","Exhume"],"picked":"Warcry","floor":24},{"not_picked":["Sword Boomerang+1","Wild Strike"],"picked":"Warcry","floor":28},{"not_picked":["Sword Boomerang","Hemokinesis+1"],"picked":"Ghostly Armor","floor":29},{"not_picked":["Twin Strike","Iron Wave"],"picked":"Body Slam","floor":30},{"not_picked":["Entrench","Bloodletting"],"picked":"Heavy Blade+1","floor":31},{"not_picked":["Bludgeon","Immolate"],"picked":"Demon Form","floor":33},{"not_picked":["Shrug It Off+1","Armaments"],"picked":"Flex+1","floor":35},{"not_picked":["Dual Wield","Anger"],"picked":"Iron Wave+1","floor":36},{"not_picked":["Headbutt+1","Bloodletting"],"picked":"True Grit+1","floor":37},{"not_picked":["Corruption","Whirlwind+1"],"picked":"Sword Boomerang+1","floor":38},{"not_picked":["Pommel Strike","Flex"],"picked":"Entrench","floor":41},{"not_picked":["Corruption","Thunderclap"],"picked":"Double Tap","floor":44},{"not_picked":["Iron Wave","Headbutt","Uppercut+1"],"picked":"SKIP","floor":46},{"not_picked":["Wild Strike+1","True Grit"],"picked":"Exhume","floor":48}],"player_experience":490201,"potions_floor_usage":[7,7,13,16,19,31,32,38,46,48,50],"damage_taken":[{"damage":6,"enemies":"Jaw Worm","floor":1,"turns":3},{"damage":0,"enemies":"Small Slimes","floor":3,"turns":2},{"damage":1,"enemies":"Cultist","floor":5,"turns":3},{"damage":23,"enemies":"Lagavulin","floor":7,"turns":6},{"damage":16,"enemies":"The Mushroom Lair","floor":11,"turns":3},{"damage":4,"enemies":"Exordium Thugs","floor":13,"turns":4},{"damage":0,"enemies":"3 Louse","floor":14,"turns":3},{"damage":23,"enemies":"Slime Boss","floor":16,"turns":8},{"damage":10,"enemies":"Spheric Guardian","floor":18,"turns":6},{"damage":19,"enemies":"Chosen","floor":19,"turns":6},{"damage":18,"enemies":"Snake Plant","floor":20,"turns":5},{"damage":28,"enemies":"Book of Stabbing","floor":24,"turns":5},{"damage":11,"enemies":"Snecko","floor":28,"turns":6},{"damage":33,"enemies":"Gremlin Leader","floor":29,"turns":7},{"damage":11,"enemies":"Centurion and Healer","floor":30,"turns":5},{"damage":19,"enemies":"3 Cultists","floor":31,"turns":3},{"damage":20,"enemies":"Automaton","floor":33,"turns":9},{"damage":16,"enemies":"3 Darklings","floor":35,"turns":4},{"damage":0,"enemies":"Orb Walker","floor":36,"turns":3},{"damage":31,"enemies":"3 Darklings","floor":37,"turns":5},{"damage":34,"enemies":"Sphere and 2 Shapes","floor":38,"turns":4},{"damage":10,"enemies":"4 Shapes","floor":41,"turns":1},{"damage":49,"enemies":"Nemesis","floor":44,"turns":9},{"damage":29,"enemies":"3 Darklings","floor":46,"turns":4},{"damage":41,"enemies":"2 Orb Walkers","floor":48,"turns":5},{"damage":74,"enemies":"Awakened One","floor":50,"turns":3}],"relics_obtained":[{"floor":7,"key":"Happy Flower"},{"floor":9,"key":"Bronze Scales"},{"floor":11,"key":"Odd Mushroom"},{"floor":22,"key":"Darkstone Periapt"},{"floor":24,"key":"Bird Faced Urn"},{"floor":26,"key":"Kunai"},{"floor":29,"key":"Ginger"},{"floor":34,"key":"Omamori"},{"floor":34,"key":"Meat on the Bone"},{"floor":34,"key":"Champion Belt"},{"floor":43,"key":"Vajra"},{"floor":44,"key":"Bottled Lightning"},{"floor":45,"key":"Art of War"},{"floor":48,"key":"Lantern"}],"event_choices":[{"event_name":"Big Fish","player_choice":"Donut","floor":2,"damage_taken":0},{"event_name":"Mushrooms","player_choice":"Fought Mushrooms","floor":11,"damage_taken":0},{"event_name":"The Mausoleum","player_choice":"Yes","floor":21,"damage_taken":0},{"event_name":"Winding Halls","player_choice":"Embrace Madness","floor":39,"damage_taken":0}],"boss_relics":[{"not_picked":["Runic Dome","Orrery"],"picked":"Velvet Choker"},{"not_picked":["Pandora\u0027s Box","White Beast Statue"],"picked":"Calling Bell"}],"items_purged_floors":[27,47],"potions_floor_spawned":[1,3,11,13,18,24,28,30,31,37,46],"seed_played":"1775383931748888257","killed_by":"Awakened One","ascension_level":1,"potions_obtained":[{"floor":1,"key":"Strength Potion"},{"floor":3,"key":"SpeedPotion"},{"floor":11,"key":"Block Potion"},{"floor":13,"key":"Block Potion"},{"floor":18,"key":"Poison Potion"},{"floor":24,"key":"Explosive Potion"},{"floor":28,"key":"SpeedPotion"},{"floor":30,"key":"Poison Potion"},{"floor":31,"key":"Fruit Juice"},{"floor":37,"key":"Fire Potion"},{"floor":46,"key":"Energy Potion"}],"is_trial":false}