{"path_per_floor":["M","M","M","M","$","E","R","$","T","?","M","$","E","M","R","B",null,"M","?","?","?","M","E","M","T","T","$","?","?","?","M","R","B",null,"M","M","?","M","M","R","?","E","T","M","M","R","M","?","R","B"],"character_chosen":"IRONCLAD","items_purchased":["Flame Barrier","Bludgeon","Disarm","Battle Trance"],"gold_per_floor":[219,230,249,259,6,39,39,39,39,39,52,19,52,72,72,168,168,168,168,83,83,68,68,68,68,68,32,32,32,32,32,32,32,32,32,32,32,32,32,32,0,0,0,0,0,0,0,0,0,0],"floor_reached":51,"campfire_rested":3,"playtime":5870,"current_hp_per_floor":[80,67,71,61,61,31,55,55,55,55,57,57,60,56,56,52,80,65,65,65,65,61,18,11,11,11,11,37,80,80,80,80,28,80,80,69,50,52,47,71,71,75,75,80,80,80,63,63,80,54],"items_purged":["Defend_R"],"gold":0,"score":559,"play_id":"4f92f6b0-6fa0-49e9-ac40-17473a3138ca","is_prod":false,"is_daily":false,"is_ascension_mode":false,"campfire_upgraded":3,"path_taken":["M","M","?","M","$","E","R","$","T","?","?","?","E","?","R","BOSS","M","?","?","?","M","E","M","?","T","$","?","?","?","M","R","BOSS","M","M","?","M","M","R","?","E","T","M","M","R","M","?","R","BOSS"],"build_version":"2018-02-15-PROD1","purchased_purges":1,"victory":true,"master_deck":["Strike_R+1","Strike_R+1","Strike_R+1","Strike_R+1","Strike_R+1","Defend_R+1","Defend_R+1","Bash","Inflame","Cleave","Warcry","Perfected Strike+1","Flame Barrier","Bludgeon+1","Evolve+1","Swift Strike","Bash","Bloodletting+1","Disarm","Wild Strike+1","Headbutt","Impervious","Bludgeon+1","Perfected Strike+1","Headbutt","Shrug It Off","Battle Trance","Shrug It Off","Offering","Iron Wave+1","Power Through","Uppercut","Cleave+1","Metallicize+1","Heavy Blade","Impervious","Wild Strike+1"],"max_hp_per_floor":[80,80,80,80,80,80,80,80,80,80,80,80,80,80,80,80,80,80,80,80,80,80,80,80,80,80,80,80,80,80,80,80,80,80,80,80,80,80,80,80,80,80,80,80,80,80,80,80,80,80],"relics":["Burning Blood","Dodecahedron","Bird Faced Urn","Happy Flower","Ectoplasm","Juzu Bracelet","Toolbox","Bag of Marbles","Bronze Scales","Mark of Pain","Charon\u0027s Ashes","Red Mask","Whetstone","Ancient Tea Set"],"card_choices":[{"not_picked":["Cleave","Whirlwind"],"picked":"Inflame"},{"not_picked":["Rage","Battle Trance"],"picked":"Cleave"},{"not_picked":["Reckless Charge","Wild Strike"],"picked":"Warcry"},{"not_picked":["Searing Blow","Warcry"],"picked":"Perfected Strike"},{"not_picked":["Perfected Strike","Rupture"],"picked":"Evolve"},{"not_picked":["Flex","Second Wind"],"picked":"Bloodletting"},{"not_picked":["Pommel Strike","Body Slam"],"picked":"Wild Strike"},{"not_picked":["Burning Pact","Second Wind"],"picked":"Headbutt"},{"not_picked":["Limit Break","Dark Embrace"],"picked":"Impervious"},{"not_picked":["Rage","Iron Wave"],"picked":"Dual Wield"},{"not_picked":["Pummel","Wild Strike"],"picked":"Perfected Strike"},{"not_picked":["Anger","Sword Boomerang"],"picked":"Headbutt"},{"not_picked":["Sever Soul","Rupture"],"picked":"Shrug It Off"},{"not_picked":["Inflame","Armaments"],"picked":"Shrug It Off"},{"not_picked":["Impervious","Exhume"],"picked":"Offering"},{"not_picked":["Sword Boomerang","Feel No Pain"],"picked":"Iron Wave"},{"not_picked":["Warcry","Body Slam"],"picked":"Power Through"},{"not_picked":["Anger","Clash"],"picked":"Uppercut"},{"not_picked":["Havoc","Sword Boomerang"],"picked":"Cleave"},{"not_picked":["Spot Weakness","Disarm"],"picked":"Metallicize"},{"not_picked":["Fire Breathing","Rampage"],"picked":"Heavy Blade"},{"not_picked":["Combust","Iron Wave"],"picked":"Impervious"},{"not_picked":["Flame Barrier","Pommel Strike"],"picked":"Wild Strike"}],"player_experience":129226,"potions_floor_usage":[16,16,16,24,39,50,50,50],"damage_taken":[{"damage":1,"enemies":"Cultist","floor":1,"turns":3},{"damage":19,"enemies":"Jaw Worm","floor":2,"turns":4},{"damage":2,"enemies":"2 Louse","floor":3,"turns":3},{"damage":16,"enemies":"Blue Slaver","floor":4,"turns":6},{"damage":36,"enemies":"Lagavulin","floor":6,"turns":5},{"damage":6,"enemies":"Exordium Wildlife","floor":11,"turns":2},{"damage":3,"enemies":"Gremlin Nob","floor":13,"turns":3},{"damage":10,"enemies":"Exordium Thugs","floor":14,"turns":4},{"damage":14,"enemies":"Slime Boss","floor":16,"turns":6},{"damage":21,"enemies":"Spheric Guardian","floor":18,"turns":4},{"damage":10,"enemies":"2 Thieves","floor":22,"turns":2},{"damage":53,"enemies":"Slavers","floor":23,"turns":6},{"damage":13,"enemies":"Centurion and Healer","floor":24,"turns":2},{"damage":3,"enemies":"3 Cultists","floor":31,"turns":4},{"damage":60,"enemies":"Automaton","floor":33,"turns":10},{"damage":4,"enemies":"3 Shapes","floor":35,"turns":3},{"damage":17,"enemies":"3 Darklings","floor":36,"turns":2},{"damage":29,"enemies":"Mysterious Sphere","floor":37,"turns":5},{"damage":4,"enemies":"Sphere and 2 Shapes","floor":38,"turns":3},{"damage":15,"enemies":"Maw","floor":39,"turns":5},{"damage":6,"enemies":"Nemesis","floor":42,"turns":5},{"damage":0,"enemies":"4 Shapes","floor":44,"turns":6},{"damage":0,"enemies":"3 Darklings","floor":45,"turns":2},{"damage":29,"enemies":"Maw","floor":47,"turns":5},{"damage":36,"enemies":"Donu and Deca","floor":50,"turns":7}],"event_choices":[{"event_name":"Match and Keep!","player_choice":"2 cards matched","floor":10,"damage_taken":0},{"event_name":"Match and Keep!","player_choice":"2 cards matched","floor":10,"damage_taken":0},{"event_name":"Vampires","player_choice":"Ignored","floor":19,"damage_taken":0},{"event_name":"Addict","player_choice":"Obtained Relic","floor":20,"damage_taken":0},{"event_name":"Duplicator","player_choice":"One dupe","floor":21,"damage_taken":0},{"event_name":"The Library","player_choice":"Heal","floor":28,"damage_taken":0},{"event_name":"Bonfire Elementals","player_choice":"UNCOMMON","floor":29,"damage_taken":0},{"event_name":"Back to Basics","player_choice":"Simplicity","floor":30,"damage_taken":0},{"event_name":"Mysterious Sphere","player_choice":"Fight","floor":37,"damage_taken":0},{"event_name":"Tomb of Lord Red Mask","player_choice":"Paid","floor":41,"damage_taken":0}],"boss_relics":[{"not_picked":["Velvet Choker","Snecko Eye"],"picked":"Ectoplasm"},{"not_picked":["Astrolabe","Black Blood"],"picked":"Mark of Pain"}],"potions_floor_spawned":[1,4,6,11,23,31,35,42,44,47],"seed_played":"-1036568195952395930","ascension_level":0,"is_trial":false}