{"gold_per_floor":[114,114,126,47,58,58,71,71,98,98,110,110,120,147,147,243,243,261,22,22,37,54,54,67,67,67,78,107,120,152,152],"floor_reached":31,"playtime":1165,"items_purged":[],"score":307,"play_id":"b10c0fb2-1e5c-41b5-9949-4a4a1171674f","local_time":"20190814142601","is_ascension_mode":true,"campfire_choices":[{"data":"Perfected Strike","floor":6.0,"key":"SMITH"},{"data":"Bludgeon","floor":10.0,"key":"SMITH"},{"floor":12.0,"key":"REST"},{"data":"Thunderclap","floor":15.0,"key":"SMITH"},{"floor":23.0,"key":"REST"},{"data":"Double Tap","floor":25.0,"key":"SMITH"}],"neow_cost":"NONE","seed_source_timestamp":0,"circlet_count":0,"master_deck":["Strike_R","Strike_R","Strike_R","Strike_R","Strike_R","Defend_R","Defend_R","Defend_R","Defend_R","Bash","Perfected Strike+1","Searing Blow","Bludgeon+1","Armaments","Thunderclap","Twin Strike","Thunderclap+1","Power Through","Double Tap+1","Power Through","RitualDagger","Carnage","Cleave","Infernal Blade","Rage+1","Perfected Strike","Shrug It Off","Infernal Blade+1"],"special_seed":0,"relics":["Burning Blood","NeowsBlessing","Boot","Bronze Scales","Smiling Mask","Mark of Pain","Bottled Flame","Anchor","StoneCalendar","Pantograph"],"potions_floor_usage":[30,30],"damage_taken":[{"damage":0.0,"enemies":"2 Louse","floor":1.0,"turns":1.0},{"damage":0.0,"enemies":"Small Slimes","floor":3.0,"turns":1.0},{"damage":0.0,"enemies":"Jaw Worm","floor":5.0,"turns":1.0},{"damage":12.0,"enemies":"Large Slime","floor":7.0,"turns":4.0},{"damage":19.0,"enemies":"3 Louse","floor":11.0,"turns":3.0},{"damage":0.0,"enemies":"2 Fungi Beasts","floor":13.0,"turns":2.0},{"damage":8.0,"enemies":"3 Sentries","floor":14.0,"turns":6.0},{"damage":31.0,"enemies":"Slime Boss","floor":16.0,"turns":10.0},{"damage":18.0,"enemies":"Shell Parasite","floor":18.0,"turns":4.0},{"damage":0.0,"enemies":"Chosen","floor":21.0,"turns":3.0},{"damage":11.0,"enemies":"Sentry and Sphere","floor":22.0,"turns":3.0},{"damage":15.0,"enemies":"Centurion and Healer","floor":24.0,"turns":3.0},{"damage":23.0,"enemies":"Snecko","floor":27.0,"turns":4.0},{"damage":22.0,"enemies":"Book of Stabbing","floor":28.0,"turns":5.0},{"damage":13.0,"enemies":"3 Cultists","floor":29.0,"turns":5.0},{"damage":21,"enemies":"Gremlin Leader","floor":30,"turns":6},{"damage":17,"enemies":"Centurion and Healer","floor":31,"turns":3}],"seed_played":"-3373369261558677751","potions_obtained":[{"floor":1.0,"key":"FearPotion"},{"floor":7.0,"key":"AttackPotion"},{"floor":11.0,"key":"Explosive Potion"},{"floor":18.0,"key":"AttackPotion"},{"floor":22.0,"key":"Strength Potion"},{"floor":29,"key":"Block Potion"}],"is_trial":false,"path_per_floor":["M","?","M","$","M","R","M","?","T","R","M","R","M","E","R","B",null,"M","$","?","M","M","R","M","R","T","M","E","M","E","M"],"character_chosen":"IRONCLAD","items_purchased":["Bludgeon","Bottled Flame"],"campfire_rested":2,"item_purchase_floors":[4,19],"current_hp_per_floor":[80,80,80,80,80,80,74,71,71,71,58,80,80,78,78,53,80,68,68,62,68,63,80,71,71,71,54,38,31,16,0],"gold":152,"neow_bonus":"THREE_ENEMY_KILL","is_prod":false,"is_daily":false,"chose_seed":false,"campfire_upgraded":4,"win_rate":0,"timestamp":1565803561,"path_taken":["M","?","M","$","M","R","M","?","T","R","M","R","M","E","R","BOSS","M","$","?","M","M","R","M","R","T","M","E","M","E","M"],"build_version":"2019-07-17","purchased_purges":0,"victory":false,"max_hp_per_floor":[80,80,80,80,80,80,80,80,80,80,80,80,80,80,80,80,80,80,80,80,80,80,80,80,80,80,80,80,80,80,80],"card_choices":[{"not_picked":["Burning Pact","Searing Blow"],"picked":"Perfected Strike","floor":1.0},{"not_picked":["Clothesline","Corruption"],"picked":"Searing Blow","floor":3.0},{"not_picked":["Entrench","Rupture"],"picked":"Armaments","floor":5.0},{"not_picked":["Bloodletting","Seeing Red"],"picked":"Thunderclap","floor":7.0},{"not_picked":["Warcry","Havoc"],"picked":"Twin Strike","floor":11.0},{"not_picked":["Clash","Entrench"],"picked":"Thunderclap","floor":13.0},{"not_picked":["Armaments","Exhume"],"picked":"Power Through","floor":14.0},{"not_picked":["Impervious","Fiend Fire"],"picked":"Double Tap","floor":16.0},{"not_picked":["Havoc","Clothesline"],"picked":"Power Through","floor":18.0},{"not_picked":["Cleave+1","Fire Breathing"],"picked":"Carnage","floor":21.0},{"not_picked":["Dropkick+1","Clash"],"picked":"Cleave","floor":22.0},{"not_picked":["Clash+1","Sword Boomerang"],"picked":"Infernal Blade","floor":24.0},{"not_picked":["Flame Barrier","Clash+1"],"picked":"Rage+1","floor":27.0},{"not_picked":["True Grit+1","Rupture"],"picked":"Perfected Strike","floor":28.0},{"not_picked":["Headbutt","Thunderclap"],"picked":"Shrug It Off","floor":29},{"not_picked":["Body Slam","Pommel Strike"],"picked":"Infernal Blade+1","floor":30}],"player_experience":308691,"relics_obtained":[{"floor":9.0,"key":"Bronze Scales"},{"floor":14.0,"key":"Smiling Mask"},{"floor":26.0,"key":"Anchor"},{"floor":28.0,"key":"StoneCalendar"},{"floor":30,"key":"Pantograph"}],"event_choices":[{"damage_healed":0.0,"max_hp_gain":0.0,"max_hp_loss":0.0,"gold_gain":0.0,"event_name":"Golden Wing","player_choice":"Ignored","floor":2.0,"gold_loss":0.0,"damage_taken":0.0},{"damage_healed":0.0,"max_hp_gain":0.0,"max_hp_loss":0.0,"gold_gain":0.0,"event_name":"Scrap Ooze","player_choice":"Success","floor":8.0,"gold_loss":0.0,"damage_taken":3.0,"relics_obtained":["Boot"]},{"damage_healed":0.0,"max_hp_gain":0.0,"max_hp_loss":0.0,"gold_gain":0.0,"event_name":"Nest","player_choice":"Joined the Cult","floor":20.0,"gold_loss":0.0,"damage_taken":6.0,"cards_obtained":["RitualDagger"]}],"is_beta":false,"boss_relics":[{"not_picked":["Black Star","Runic Cube"],"picked":"Mark of Pain"}],"items_purged_floors":[],"is_endless":false,"potions_floor_spawned":[1,7,11,18,22,29],"killed_by":"Centurion and Healer","ascension_level":2}