{"gold_per_floor":[118,137,151,167,183,183,333,333,333,32,66,82,82,101,101,101],"floor_reached":16,"playtime":1444,"items_purged":["Doubt"],"score":208,"play_id":"9344bef3-a5e2-4bf5-8f5a-a35ed9a448b5","local_time":"20191028120932","is_ascension_mode":true,"campfire_choices":[{"data":"Neutralize","floor":6,"key":"SMITH"},{"data":"After Image","floor":8,"key":"SMITH"},{"floor":13,"key":"REST"},{"floor":15,"key":"REST"}],"neow_cost":"PERCENT_DAMAGE","seed_source_timestamp":2195993569008072,"circlet_count":0,"master_deck":["AscendersBane","Defend_G","Defend_G","Defend_G","Defend_G","Defend_G","Strike_G","Strike_G","Strike_G","Strike_G","Strike_G","Survivor","Neutralize+1","Poisoned Stab","Skewer","Leg Sweep","PiercingWail","After Image+1","Deflect","Bane","Predator"],"relics":["Ring of the Snake","Bottled Flame","Bag of Marbles","Gremlin Horn"],"potions_floor_usage":[11,11,16,16],"damage_taken":[{"damage":3,"enemies":"Cultist","floor":1,"turns":4},{"damage":0,"enemies":"2 Louse","floor":2,"turns":2},{"damage":1,"enemies":"Small Slimes","floor":3,"turns":4},{"damage":6,"enemies":"2 Fungi Beasts","floor":4,"turns":4},{"damage":11,"enemies":"Exordium Wildlife","floor":5,"turns":7},{"damage":49,"enemies":"Lagavulin","floor":11,"turns":14},{"damage":0,"enemies":"3 Louse","floor":12,"turns":4},{"damage":0,"enemies":"Gremlin Gang","floor":14,"turns":4},{"damage":50,"enemies":"Slime Boss","floor":16,"turns":9}],"seed_played":"-6154726763475601940","potions_obtained":[{"floor":2,"key":"Regen Potion"},{"floor":5,"key":"Block Potion"},{"floor":11,"key":"GhostInAJar"},{"floor":12,"key":"Poison Potion"}],"is_trial":false,"path_per_floor":["M","M","M","M","M","R","?","R","T","$","E","M","R","M","R","B"],"character_chosen":"THE_SILENT","items_purchased":["Bag of Marbles","Deflect"],"campfire_rested":2,"item_purchase_floors":[10,10],"current_hp_per_floor":[53,53,52,46,35,35,35,35,35,35,1,1,24,24,47,0],"gold":101,"neow_bonus":"TWENTY_PERCENT_HP_BONUS","is_prod":false,"is_daily":false,"chose_seed":false,"campfire_upgraded":2,"win_rate":0,"timestamp":1572278972,"path_taken":["M","M","M","M","?","R","?","R","T","$","E","M","R","M","R","BOSS"],"build_version":"2019-01-23","purchased_purges":1,"victory":false,"max_hp_per_floor":[78,78,78,78,78,78,78,78,78,78,78,78,78,78,78,78],"card_choices":[{"not_picked":["Prepared","Blade Dance"],"picked":"Poisoned Stab","floor":1},{"not_picked":["Flying Knee","Infinite Blades"],"picked":"Skewer","floor":2},{"not_picked":["Cloak And Dagger","Deflect"],"picked":"Leg Sweep","floor":3},{"not_picked":["Blur","Deflect"],"picked":"PiercingWail","floor":4},{"not_picked":["Dagger Throw","Blade Dance"],"picked":"After Image","floor":5},{"not_picked":["Dagger Throw","Concentrate","Eviscerate"],"picked":"SKIP","floor":11},{"not_picked":["Well Laid Plans","Deflect"],"picked":"Bane","floor":12},{"not_picked":["Eviscerate","Dagger Throw"],"picked":"Predator","floor":14}],"player_experience":3082730,"relics_obtained":[{"floor":9,"key":"Bottled Flame"},{"floor":11,"key":"Gremlin Horn"}],"event_choices":[{"damage_healed":0,"gold_gain":150,"player_choice":"AGREE","damage_taken":0,"max_hp_gain":0,"max_hp_loss":0,"event_name":"Liars Game","floor":7,"gold_loss":0,"cards_obtained":["Doubt"]}],"is_beta":false,"boss_relics":[],"items_purged_floors":[10],"is_endless":false,"potions_floor_spawned":[2,5,11,12,14],"killed_by":"Slime Boss","ascension_level":20}