{"gold_per_floor":[114,114,129,129,144,174,174,99,124,124,140,170,185,200,200,300,300,315,65,65,80,5,35,35,35,115,115,115,115,130,145,145,245,245,260,78,93,108,0,30,30,30,80,110,110,60,75,75,75,75],"floor_reached":51,"playtime":4718,"items_purged":["Slice","Doubt"],"score":856,"play_id":"2327db8c-c8cf-4e8b-92f2-093aa9bcc87a","local_time":"20191005163430","daily_mods":["Insanity","ControlledChaos","Binary"],"is_ascension_mode":false,"campfire_choices":[{"data":"Well Laid Plans","floor":7.0,"key":"SMITH"},{"data":"Terror","floor":10.0,"key":"SMITH"},{"data":"Backflip","floor":15.0,"key":"SMITH"},{"data":"Wraith Form v2","floor":24.0,"key":"SMITH"},{"data":"Concentrate","floor":27.0,"key":"SMITH"},{"data":"Concentrate","floor":29.0,"key":"SMITH"},{"data":"Cloak And Dagger","floor":32.0,"key":"SMITH"},{"data":"Backflip","floor":41.0,"key":"SMITH"},{"data":"After Image","floor":49,"key":"SMITH"}],"neow_cost":"","seed_source_timestamp":0,"circlet_count":0,"master_deck":["Poisoned Stab","Underhanded Strike","Catalyst","Concentrate+1","Underhanded Strike","Dagger Spray","Bane","Masterful Stab","Prepared","PiercingWail","Flying Knee","Backflip+1","Blade Dance","Well Laid Plans+1","Sucker Punch","Bane","Dagger Spray","Cloak And Dagger","Quick Slash","All Out Attack","Flying Knee","Underhanded Strike","Expertise","Bane","Sucker Punch+1","Blade Dance","Underhanded Strike","Terror+1","Backflip+1","Endless Agony","Dagger Throw","Outmaneuver","Flying Knee","Deadly Poison","Underhanded Strike","Cloak And Dagger+1","Blade Dance","Choke","Prepared","Concentrate+1","Bane+1","Sucker Punch","Underhanded Strike","Terror","Heel Hook","Sucker Punch","Accuracy","Dodge and Roll","Wraith Form v2+1","After Image+1","Mayhem","Dodge and Roll+1","Distraction+1"],"special_seed":18174,"relics":["Ring of the Serpent","Frozen Eye","Bottled Lightning","Whetstone","Centennial Puzzle","Odd Mushroom","Matryoshka","Shuriken","Bag of Marbles","MutagenicStrength","Pen Nib","Tiny Chest","Boot","Ornamental Fan","Coffee Dripper","Red Mask","Blood Vial","Smiling Mask","Bottled Tornado","Omamori"],"potions_floor_usage":[50,50],"damage_taken":[{"damage":0.0,"enemies":"Cultist","floor":1.0,"turns":2.0},{"damage":8.0,"enemies":"2 Louse","floor":3.0,"turns":3.0},{"damage":0.0,"enemies":"Jaw Worm","floor":5.0,"turns":3.0},{"damage":10.0,"enemies":"Gremlin Nob","floor":6.0,"turns":3.0},{"damage":18.0,"enemies":"The Mushroom Lair","floor":11.0,"turns":3.0},{"damage":0.0,"enemies":"Lagavulin","floor":12.0,"turns":3.0},{"damage":0.0,"enemies":"Looter","floor":13.0,"turns":1.0},{"damage":0.0,"enemies":"Exordium Wildlife","floor":14.0,"turns":3.0},{"damage":12.0,"enemies":"Hexaghost","floor":16.0,"turns":4.0},{"damage":2.0,"enemies":"Spheric Guardian","floor":18.0,"turns":3.0},{"damage":3.0,"enemies":"Shell Parasite","floor":21.0,"turns":3.0},{"damage":6.0,"enemies":"Book of Stabbing","floor":23.0,"turns":3.0},{"damage":8.0,"enemies":"Centurion and Healer","floor":30.0,"turns":3.0},{"damage":0.0,"enemies":"Snecko","floor":31.0,"turns":2.0},{"damage":17.0,"enemies":"Champ","floor":33.0,"turns":7.0},{"damage":0.0,"enemies":"Orb Walker","floor":35.0,"turns":2.0},{"damage":22.0,"enemies":"3 Shapes","floor":37.0,"turns":4.0},{"damage":19.0,"enemies":"Sphere and 2 Shapes","floor":38.0,"turns":4.0},{"damage":14.0,"enemies":"Reptomancer","floor":40.0,"turns":5.0},{"damage":17.0,"enemies":"Giant Head","floor":44.0,"turns":6.0},{"damage":0.0,"enemies":"Transient","floor":47.0,"turns":5.0},{"damage":53,"enemies":"Time Eater","floor":50,"turns":11}],"seed_played":"7830322845663719541","potions_obtained":[{"floor":5.0,"key":"Energy Potion"},{"floor":6.0,"key":"EssenceOfSteel"},{"floor":13.0,"key":"Energy Potion"},{"floor":14.0,"key":"Swift Potion"},{"floor":18.0,"key":"Energy Potion"},{"floor":21.0,"key":"Block Potion"},{"floor":31.0,"key":"Regen Potion"},{"floor":33.0,"key":"Ancient Potion"},{"floor":35.0,"key":"Strength Potion"},{"floor":40.0,"key":"SteroidPotion"},{"floor":44.0,"key":"Poison Potion"}],"is_trial":false,"path_per_floor":["M","T","M","?","M","E","R","$","T","R","?","E","M","M","R","B",null,"M","$","?","M","?","E","R","?","T","R","T","R","M","M","R","B",null,"M","$","M","M","?","E","R","?","T","E","T","$","M","?","R","B",null],"character_chosen":"THE_SILENT","items_purchased":["Shuriken","Mayhem"],"campfire_rested":0,"item_purchase_floors":[19,36],"current_hp_per_floor":[70,70,62,55,55,45,45,45,45,45,27,27,27,27,27,15,70,68,68,68,65,65,59,59,59,59,59,59,59,51,51,51,48,70,70,70,48,29,29,15,15,70,70,53,53,53,55,55,55,4],"gold":75,"neow_bonus":"","is_prod":false,"is_daily":true,"chose_seed":false,"campfire_upgraded":9,"win_rate":0,"timestamp":1570264470,"path_taken":["M","?","?","?","M","E","R","$","T","R","?","E","M","M","R","BOSS","M","$","?","M","?","E","R","?","T","R","?","R","?","M","R","BOSS","M","$","M","?","?","E","R","?","T","E","?","?","M","?","R","BOSS"],"build_version":"2019-07-17","purchased_purges":2,"victory":true,"max_hp_per_floor":[70,70,70,70,70,70,70,70,70,70,70,70,70,70,70,70,70,70,70,70,70,70,70,70,70,70,70,70,70,70,70,70,70,70,70,70,70,70,70,70,70,70,70,70,70,70,70,70,70,70],"card_choices":[{"not_picked":["Blade Dance","Flying Knee"],"picked":"SKIP","floor":1.0},{"not_picked":["Masterful Stab","Finisher"],"picked":"SKIP","floor":3.0},{"not_picked":["Skewer"],"picked":"Accuracy","floor":5.0},{"not_picked":["Endless Agony","Terror"],"picked":"SKIP","floor":6.0},{"not_picked":["Accuracy"],"picked":"Dodge and Roll","floor":11.0},{"not_picked":["Dodge and Roll","Slice"],"picked":"SKIP","floor":12.0},{"not_picked":["Blade Dance","Finisher"],"picked":"SKIP","floor":13.0},{"not_picked":["Endless Agony","Poisoned Stab"],"picked":"SKIP","floor":14.0},{"not_picked":["Bullet Time"],"picked":"Wraith Form v2","floor":16.0},{"not_picked":["Concentrate+1","Underhanded Strike"],"picked":"SKIP","floor":18.0},{"not_picked":["Dodge and Roll","Heel Hook"],"picked":"SKIP","floor":21.0},{"not_picked":["Quick Slash","Poisoned Stab+1"],"picked":"SKIP","floor":23.0},{"not_picked":["Deflect","All Out Attack"],"picked":"SKIP","floor":30.0},{"not_picked":["Deadly Poison","Sucker Punch"],"picked":"SKIP","floor":31.0},{"not_picked":["Storm of Steel"],"picked":"After Image","floor":33.0},{"not_picked":["Predator+1","Deflect"],"picked":"SKIP","floor":35.0},{"not_picked":["Dagger Throw+1","Sucker Punch"],"picked":"SKIP","floor":37.0},{"not_picked":["Backflip"],"picked":"Dodge and Roll+1","floor":38.0},{"not_picked":["Deflect+1"],"picked":"Distraction+1","floor":40.0},{"not_picked":["Footwork+1","Heel Hook+1"],"picked":"SKIP","floor":44.0},{"not_picked":["Cloak And Dagger","Choke"],"picked":"SKIP","floor":47.0}],"player_experience":77527,"relics_obtained":[{"floor":2.0,"key":"Bottled Lightning"},{"floor":6.0,"key":"Whetstone"},{"floor":9.0,"key":"Centennial Puzzle"},{"floor":11.0,"key":"Odd Mushroom"},{"floor":12.0,"key":"Matryoshka"},{"floor":23.0,"key":"Bag of Marbles"},{"floor":26.0,"key":"Pen Nib"},{"floor":26.0,"key":"Tiny Chest"},{"floor":28.0,"key":"Boot"},{"floor":28.0,"key":"Ornamental Fan"},{"floor":40.0,"key":"Blood Vial"},{"floor":43.0,"key":"Smiling Mask"},{"floor":44.0,"key":"Bottled Tornado"},{"floor":45.0,"key":"Omamori"}],"event_choices":[{"cards_removed":["Eviscerate"],"damage_healed":0.0,"max_hp_gain":0.0,"max_hp_loss":0.0,"gold_gain":0.0,"event_name":"Golden Wing","player_choice":"Card Removal","floor":4.0,"gold_loss":0.0,"damage_taken":7.0},{"damage_healed":0.0,"max_hp_gain":0.0,"max_hp_loss":0.0,"gold_gain":0.0,"event_name":"Mushrooms","player_choice":"Fought Mushrooms","floor":11.0,"gold_loss":0.0,"damage_taken":0.0},{"damage_healed":0.0,"max_hp_gain":0.0,"max_hp_loss":0.0,"gold_gain":0.0,"event_name":"Vampires","player_choice":"Ignored","floor":20.0,"gold_loss":0.0,"damage_taken":0.0},{"cards_removed":["Escape Plan"],"damage_healed":0.0,"max_hp_gain":0.0,"max_hp_loss":0.0,"gold_gain":0.0,"event_name":"Beggar","player_choice":"Gave Gold","floor":22.0,"gold_loss":75.0,"damage_taken":0.0},{"damage_healed":0.0,"max_hp_gain":0.0,"max_hp_loss":0.0,"gold_gain":0.0,"event_name":"Drug Dealer","player_choice":"Inject Mutagens","floor":25.0,"gold_loss":0.0,"damage_taken":0.0,"relics_obtained":["MutagenicStrength"]},{"damage_healed":0.0,"max_hp_gain":0.0,"max_hp_loss":0.0,"gold_gain":0.0,"event_name":"Tomb of Lord Red Mask","player_choice":"Paid","floor":39.0,"gold_loss":108.0,"damage_taken":0.0,"relics_obtained":["Red Mask"]},{"damage_healed":55.0,"max_hp_gain":0.0,"max_hp_loss":0.0,"gold_gain":0.0,"event_name":"MindBloom","player_choice":"Heal","floor":42.0,"gold_loss":0.0,"damage_taken":0.0,"cards_obtained":["Doubt"]},{"cards_removed":["Flechettes"],"damage_healed":0.0,"max_hp_gain":0.0,"max_hp_loss":0.0,"gold_gain":0.0,"event_name":"Purifier","player_choice":"Purged","floor":48.0,"gold_loss":0.0,"damage_taken":0.0}],"is_beta":false,"boss_relics":[{"not_picked":["Sozu","Lizard Tail"],"picked":"Ring of the Serpent"},{"not_picked":["Orrery","Fusion Hammer"],"picked":"Coffee Dripper"}],"items_purged_floors":[8,46],"is_endless":false,"potions_floor_spawned":[5,6,13,14,18,21,31,33,35,40,44,47],"ascension_level":0}