{"gold_per_floor":[119,134,153,22,39,66,66,66,66,82,108,128,12,40,40,115,115,135,147,14,32,32,45,45,45,45,76,22,22,34,34],"floor_reached":31,"playtime":2192,"items_purged":["Strike_R"],"score":519,"play_id":"a58b653d-c5fb-4220-bda6-15a6db0c7857","local_time":"20190423002839","is_ascension_mode":true,"campfire_choices":[{"data":"Armaments","floor":7,"key":"SMITH"},{"floor":15,"key":"REST"},{"floor":24,"key":"REST"},{"data":"Armaments","floor":29,"key":"SMITH"}],"neow_cost":"NONE","seed_source_timestamp":338249679947927,"circlet_count":0,"master_deck":["AscendersBane","Strike_R","Strike_R","Strike_R","Strike_R","Defend_R","Defend_R","Defend_R","Defend_R","Bash","Body Slam","Sword Boomerang","Uppercut","Immolate","Armaments+1","Shockwave","True Grit","Headbutt","Flame Barrier","Clothesline","Bloodletting","Combust","Offering","Rage","Seeing Red","Madness","Metallicize","Armaments+1"],"special_seed":0,"relics":["Burning Blood","Letter Opener","Prayer Wheel","Odd Mushroom","Ginger","Busted Crown","Mango","Self Forming Clay","Peace Pipe"],"potions_floor_usage":[6,10,14,14,18,19,27,31],"damage_taken":[{"damage":19,"enemies":"Jaw Worm","floor":1,"turns":4},{"damage":1,"enemies":"2 Louse","floor":2,"turns":4},{"damage":1,"enemies":"Cultist","floor":3,"turns":3},{"damage":7,"enemies":"Looter","floor":5,"turns":3},{"damage":34,"enemies":"Lagavulin","floor":6,"turns":8},{"damage":6,"enemies":"Exordium Thugs","floor":10,"turns":3},{"damage":9,"enemies":"The Mushroom Lair","floor":11,"turns":2},{"damage":5,"enemies":"Red Slaver","floor":12,"turns":4},{"damage":11,"enemies":"3 Sentries","floor":14,"turns":3},{"damage":53,"enemies":"Slime Boss","floor":16,"turns":9},{"damage":22,"enemies":"Shell Parasite","floor":18,"turns":4},{"damage":14,"enemies":"Spheric Guardian","floor":19,"turns":3},{"damage":29,"enemies":"Centurion and Healer","floor":21,"turns":3},{"damage":21,"enemies":"Sentry and Sphere","floor":23,"turns":5},{"damage":24,"enemies":"Slavers","floor":27,"turns":4},{"damage":26,"enemies":"Snake Plant","floor":30,"turns":5},{"damage":35,"enemies":"Book of Stabbing","floor":31,"turns":6}],"seed_played":"-7953660812499089150","potions_obtained":[{"floor":3,"key":"PowerPotion"},{"floor":5,"key":"Block Potion"},{"floor":10,"key":"Strength Potion"},{"floor":11,"key":"Block Potion"},{"floor":14,"key":"Energy Potion"},{"floor":16,"key":"BloodPotion"},{"floor":19,"key":"LiquidBronze"},{"floor":30,"key":"Dexterity Potion"}],"is_trial":false,"path_per_floor":["M","M","M","$","M","E","R","?","T","M","?","M","$","E","R","B",null,"M","M","$","M","?","M","R","T","T","E","$","R","M","E"],"character_chosen":"IRONCLAD","items_purchased":["Immolate","Armaments","Bloodletting","Seeing Red","Madness","Armaments"],"campfire_rested":2,"item_purchase_floors":[4,4,13,20,20,28],"current_hp_per_floor":[62,67,72,72,71,43,43,43,43,43,40,41,41,36,60,13,65,57,49,49,26,42,27,51,65,65,47,47,47,27,0],"gold":34,"neow_bonus":"TEN_PERCENT_HP_BONUS","is_prod":false,"is_daily":false,"chose_seed":false,"campfire_upgraded":2,"win_rate":0,"timestamp":1555993719,"path_taken":["M","M","M","$","M","E","R","?","T","M","?","M","?","E","R","BOSS","M","M","?","M","?","?","R","?","T","E","$","R","M","E"],"build_version":"2019-01-23","purchased_purges":1,"victory":false,"max_hp_per_floor":[82,82,82,82,82,82,82,82,82,82,82,82,82,82,82,82,82,82,82,82,82,82,82,82,96,96,96,96,96,96,96],"card_choices":[{"not_picked":["Feel No Pain","Warcry"],"picked":"Body Slam","floor":1},{"not_picked":["Evolve","Reckless Charge"],"picked":"Sword Boomerang","floor":2},{"not_picked":["Dual Wield","Battle Trance"],"picked":"Uppercut","floor":3},{"not_picked":["Clash","Shrug It Off"],"picked":"Shockwave","floor":5},{"not_picked":["Warcry","Evolve","Armaments"],"picked":"SKIP","floor":6},{"not_picked":["Havoc","Cleave"],"picked":"True Grit","floor":10},{"not_picked":["Perfected Strike","Carnage","Infernal Blade"],"picked":"SKIP","floor":10},{"not_picked":["Sword Boomerang","Reckless Charge"],"picked":"Headbutt","floor":11},{"not_picked":["Shrug It Off","Havoc"],"picked":"Flame Barrier","floor":12},{"not_picked":["Clothesline","Sentinel","Blood for Blood"],"picked":"SKIP","floor":12},{"not_picked":["Sentinel","Blood for Blood"],"picked":"Clothesline","floor":12},{"not_picked":["Anger","Heavy Blade"],"picked":"Combust","floor":14},{"not_picked":["Brutality","Barricade"],"picked":"Offering","floor":16},{"not_picked":["Heavy Blade"],"picked":"SKIP","floor":18},{"not_picked":["Warcry"],"picked":"SKIP","floor":18},{"not_picked":[],"picked":"Rage","floor":19},{"not_picked":["Warcry"],"picked":"SKIP","floor":19},{"not_picked":["Blood for Blood"],"picked":"SKIP","floor":21},{"not_picked":["Clash"],"picked":"SKIP","floor":21},{"not_picked":["Pommel Strike"],"picked":"SKIP","floor":23},{"not_picked":["Havoc"],"picked":"SKIP","floor":23},{"not_picked":[],"picked":"Metallicize","floor":27},{"not_picked":["Perfected Strike"],"picked":"SKIP","floor":30},{"not_picked":["Clothesline"],"picked":"SKIP","floor":30}],"player_experience":2515617,"relics_obtained":[{"floor":6,"key":"Letter Opener"},{"floor":9,"key":"Prayer Wheel"},{"floor":11,"key":"Odd Mushroom"},{"floor":14,"key":"Ginger"},{"floor":25,"key":"Mango"},{"floor":26,"key":"Self Forming Clay"},{"floor":27,"key":"Peace Pipe"}],"event_choices":[{"damage_healed":0,"gold_gain":0,"player_choice":"Fled","damage_taken":0,"max_hp_gain":0,"max_hp_loss":0,"event_name":"Scrap Ooze","floor":8,"gold_loss":0},{"damage_healed":0,"gold_gain":0,"player_choice":"Fought Mushrooms","damage_taken":0,"max_hp_gain":0,"max_hp_loss":0,"event_name":"Mushrooms","floor":11,"gold_loss":0},{"damage_healed":16,"gold_gain":0,"player_choice":"Heal","damage_taken":0,"max_hp_gain":0,"max_hp_loss":0,"event_name":"The Library","floor":22,"gold_loss":0}],"is_beta":false,"boss_relics":[{"not_picked":["Snecko Eye","Mark of Pain"],"picked":"Busted Crown"}],"items_purged_floors":[13],"is_endless":false,"potions_floor_spawned":[3,5,10,11,14,16,19,30],"killed_by":"Book of Stabbing","ascension_level":17}