{"gold_per_floor":[114,114,3,18,18,33,48,63,113,128,128,143,173,188,188,288,288,303,228,243,258,258,258],"floor_reached":23,"playtime":1251,"items_purged":[],"score":197,"play_id":"315b4324-c4b2-488a-869b-2bd9d2b8d600","local_time":"20190818133438","daily_mods":["Heirloom","Uncertain Future","Binary"],"is_ascension_mode":false,"campfire_choices":[{"floor":11,"key":"REST"},{"floor":15,"key":"REST"}],"neow_cost":"","seed_source_timestamp":0,"circlet_count":0,"master_deck":["Strike_G+1","Strike_G+1","Strike_G+1","Strike_G+1","Defend_G+1","Defend_G+1","Defend_G+1","Defend_G+1","Defend_G+1","Survivor","Neutralize","Dodge and Roll","Trip","Quick Slash","Dagger Spray","Dagger Throw","Underhanded Strike","Heel Hook","Quick Slash","Bane","Dodge and Roll","Poisoned Stab","Adrenaline","Bane","Blade Dance","Choke"],"special_seed":18126,"relics":["Ring of the Snake","StoneCalendar","Smiling Mask","GremlinMask","Regal Pillow","Matryoshka","Lizard Tail"],"potions_floor_usage":[13,14,16,18,20,23],"damage_taken":[{"damage":0,"enemies":"Cultist","floor":1,"turns":5},{"damage":1,"enemies":"2 Louse","floor":4,"turns":2},{"damage":5,"enemies":"Small Slimes","floor":6,"turns":4},{"damage":0,"enemies":"2 Fungi Beasts","floor":7,"turns":3},{"damage":4,"enemies":"Blue Slaver","floor":8,"turns":4},{"damage":10,"enemies":"Large Slime","floor":10,"turns":6},{"damage":0,"enemies":"Exordium Wildlife","floor":12,"turns":2},{"damage":23,"enemies":"Lagavulin","floor":13,"turns":7},{"damage":16,"enemies":"Exordium Thugs","floor":14,"turns":6},{"damage":63,"enemies":"Hexaghost","floor":16,"turns":10},{"damage":27,"enemies":"Shell Parasite","floor":18,"turns":7},{"damage":12,"enemies":"Spheric Guardian","floor":20,"turns":5},{"damage":30,"enemies":"Snecko","floor":21,"turns":6},{"damage":41,"enemies":"Slavers","floor":23,"turns":3}],"seed_played":"-5106562656885795289","potions_obtained":[{"floor":1,"key":"SpeedPotion"},{"floor":4,"key":"SteroidPotion"},{"floor":10,"key":"PowerPotion"},{"floor":12,"key":"Explosive Potion"},{"floor":16,"key":"GhostInAJar"},{"floor":18,"key":"Fire Potion"},{"floor":21,"key":"Fire Potion"}],"is_trial":false,"path_per_floor":["M","T","$","M","?","M","M","M","T","M","R","M","E","M","R","B",null,"M","?","M","M","?","E"],"character_chosen":"THE_SILENT","items_purchased":["Trip","Quick Slash"],"campfire_rested":2,"item_purchase_floors":[3,3],"current_hp_per_floor":[70,70,70,69,69,64,64,60,60,50,70,70,47,31,67,4,70,43,43,31,1,1,0],"gold":258,"neow_bonus":"","is_prod":false,"is_daily":true,"chose_seed":false,"campfire_upgraded":0,"win_rate":0,"timestamp":1566146078,"path_taken":["M","?","$","M","?","M","?","M","T","M","R","M","E","M","R","BOSS","M","?","M","M","?","E"],"build_version":"2019-07-17","purchased_purges":0,"victory":false,"max_hp_per_floor":[70,70,70,70,70,70,70,70,70,70,70,70,70,70,70,70,70,70,70,70,70,70,70],"card_choices":[{"not_picked":["Accuracy"],"picked":"Dodge and Roll","floor":1},{"not_picked":["Bane"],"picked":"Dagger Spray","floor":4},{"not_picked":["Acrobatics"],"picked":"Dagger Throw","floor":6},{"not_picked":["Prepared"],"picked":"Underhanded Strike","floor":7},{"not_picked":["Predator"],"picked":"Heel Hook","floor":8},{"not_picked":["Predator"],"picked":"Quick Slash","floor":10},{"not_picked":["Deflect"],"picked":"Bane","floor":12},{"not_picked":["Predator"],"picked":"Dodge and Roll","floor":13},{"not_picked":["Predator"],"picked":"Poisoned Stab","floor":14},{"not_picked":["Malaise"],"picked":"Adrenaline","floor":16},{"not_picked":["Calculated Gamble+1"],"picked":"Bane","floor":18},{"not_picked":["Deadly Poison"],"picked":"Blade Dance","floor":20},{"not_picked":["Escape Plan"],"picked":"Choke","floor":21}],"player_experience":328518,"relics_obtained":[{"floor":2,"key":"Smiling Mask"},{"floor":9,"key":"Regal Pillow"},{"floor":13,"key":"Matryoshka"}],"event_choices":[{"damage_healed":0,"gold_gain":0,"player_choice":"Trade","damage_taken":0,"relics_obtained":["GremlinMask"],"max_hp_gain":0,"max_hp_loss":0,"event_name":"FaceTrader","floor":5,"gold_loss":0},{"cards_removed":["Strike_G"],"damage_healed":0,"gold_gain":0,"player_choice":"Gave Gold","damage_taken":0,"max_hp_gain":0,"max_hp_loss":0,"event_name":"Beggar","floor":19,"gold_loss":75},{"damage_healed":0,"gold_gain":0,"player_choice":"Simplicity","damage_taken":0,"max_hp_gain":0,"max_hp_loss":0,"event_name":"Back to Basics","floor":22,"gold_loss":0,"cards_upgraded":["Strike_G","Strike_G","Strike_G","Strike_G","Defend_G","Defend_G","Defend_G","Defend_G","Defend_G"]}],"is_beta":false,"boss_relics":[{"not_picked":["Cursed Key","Philosopher\u0027s Stone"],"picked":"Lizard Tail"}],"items_purged_floors":[],"is_endless":false,"potions_floor_spawned":[1,4,10,12,16,18,21],"killed_by":"Slavers","ascension_level":0}