{"gold_per_floor":[368,14,30,30,46,46,74,92,116,116,116,127,143,155,155,229,229,240,240,255,273,2,2,31,43,125,25,25,25,25,36,36,108,108,126,126,41,61,0,27,27,127,154,164,164,174,49,83,83,83],"floor_reached":51,"playtime":4751,"items_purged":["Strike_B","Strike_B","Parasite"],"score":1493,"play_id":"ae007f21-8be6-49cf-ac8e-bdfabd577316","local_time":"20190720181001","is_ascension_mode":true,"campfire_choices":[{"floor":6.0,"key":"REST"},{"data":"Go for the Eyes","floor":11.0,"key":"SMITH"},{"floor":15.0,"key":"REST"},{"data":"Apotheosis","floor":23.0,"key":"SMITH"},{"floor":30,"key":"REST"},{"floor":32,"key":"REST"},{"data":"Panacea","floor":41,"key":"SMITH"},{"floor":45,"key":"REST"},{"floor":49,"key":"REST"}],"neow_cost":"PERCENT_DAMAGE","seed_source_timestamp":316689642762677,"circlet_count":0,"master_deck":["AscendersBane","Strike_B","Strike_B","Defend_B","Defend_B","Defend_B","Defend_B","Zap","Dualcast","Gash+1","Genetic Algorithm","Beam Cell","Gash+1","Coolheaded","Beam Cell","Glacier","Go for the Eyes","Go for the Eyes+1","Hologram","Skim","Gash","Scrape","Machine Learning+1","Leap+1","Stack","RitualDagger","Sweeping Beam","Apotheosis+1","Steam","Capacitor+1","Ball Lightning","Creative AI+1","Biased Cognition+1","Gash","Panacea+1","Self Repair+1","BootSequence","Heatsinks+1","Redo+1","Loop+1","Steam+1","All For One","Skim","Chill"],"special_seed":0,"relics":["Cracked Core","ClockworkSouvenir","Prayer Wheel","Whetstone","Bag of Preparation","Frozen Egg 2","White Beast Statue","DataDisk","Blue Candle","Lizard Tail","Red Mask","Art of War","Emotion Chip","Bronze Scales","Omamori"],"potions_floor_usage":[24,25,33,33,40,44,46,48,50,50],"damage_taken":[{"damage":0.0,"enemies":"Cultist","floor":1.0,"turns":3.0},{"damage":11.0,"enemies":"Jaw Worm","floor":3.0,"turns":3.0},{"damage":2.0,"enemies":"2 Louse","floor":5.0,"turns":3.0},{"damage":32.0,"enemies":"3 Sentries","floor":7.0,"turns":7.0},{"damage":1.0,"enemies":"Exordium Wildlife","floor":8.0,"turns":3.0},{"damage":2.0,"enemies":"3 Louse","floor":12.0,"turns":3.0},{"damage":0.0,"enemies":"Looter","floor":13.0,"turns":3.0},{"damage":0.0,"enemies":"2 Fungi Beasts","floor":14.0,"turns":2.0},{"damage":10.0,"enemies":"The Guardian","floor":16.0,"turns":13.0},{"damage":17.0,"enemies":"Shell Parasite","floor":18.0,"turns":4.0},{"damage":0.0,"enemies":"Chosen","floor":20.0,"turns":4.0},{"damage":3.0,"enemies":"Snecko","floor":21.0,"turns":7.0},{"damage":0,"enemies":"Gremlin Leader","floor":24,"turns":7},{"damage":7,"enemies":"Snake Plant","floor":25,"turns":5},{"damage":0,"enemies":"Centurion and Healer","floor":31,"turns":6},{"damage":41,"enemies":"Collector","floor":33,"turns":10},{"damage":30,"enemies":"3 Darklings","floor":35,"turns":8},{"damage":8,"enemies":"Orb Walker","floor":38,"turns":5},{"damage":0,"enemies":"Nemesis","floor":40,"turns":7},{"damage":6,"enemies":"Mind Bloom Boss Battle","floor":42,"turns":4},{"damage":18,"enemies":"Writhing Mass","floor":44,"turns":7},{"damage":19,"enemies":"Jaw Worm Horde","floor":46,"turns":2},{"damage":25,"enemies":"Reptomancer","floor":48,"turns":6},{"damage":55,"enemies":"Donu and Deca","floor":50,"turns":10}],"seed_played":"-437910764833248595","potions_obtained":[{"floor":7.0,"key":"Poison Potion"},{"floor":8.0,"key":"Energy Potion"},{"floor":13.0,"key":"Explosive Potion"},{"floor":16.0,"key":"AttackPotion"},{"floor":18.0,"key":"Regen Potion"},{"floor":20.0,"key":"SpeedPotion"},{"floor":21.0,"key":"Ancient Potion"},{"floor":24,"key":"Poison Potion"},{"floor":25,"key":"EssenceOfSteel"},{"floor":31,"key":"FocusPotion"},{"floor":33,"key":"Ancient Potion"},{"floor":35,"key":"SteroidPotion"},{"floor":40,"key":"Block Potion"},{"floor":44,"key":"PowerPotion"},{"floor":46,"key":"LiquidBronze"},{"floor":48,"key":"Poison Potion"}],"is_trial":false,"path_per_floor":["M","$","M","T","M","R","E","M","T","T","R","M","M","M","R","B",null,"M","?","M","M","$","R","E","M","T","$","?","?","R","M","R","B",null,"M","?","$","M","?","E","R","?","T","M","R","M","$","E","R","B",null],"character_chosen":"DEFECT","items_purchased":["ClockworkSouvenir","Genetic Algorithm","Beam Cell","Apotheosis","Self Repair+1"],"campfire_rested":6,"item_purchase_floors":[2,2,2,22,37],"current_hp_per_floor":[46,46,35,35,33,54,22,21,21,21,21,19,19,19,40,30,61,44,38,47,44,44,44,44,37,37,37,37,37,58,58,71,30,61,31,31,31,33,33,43,43,37,37,29,50,41,41,16,36,23],"gold":83,"neow_bonus":"TWO_FIFTY_GOLD","is_prod":false,"is_daily":false,"chose_seed":false,"campfire_upgraded":3,"win_rate":0,"timestamp":1563660601,"path_taken":["M","$","M","?","M","R","E","M","T","?","R","M","?","M","R","BOSS","M","?","M","M","$","R","E","M","T","$","?","?","R","M","R","BOSS","M","?","$","M","?","E","R","?","T","M","R","?","$","E","R","BOSS"],"build_version":"2019-01-23","purchased_purges":3,"victory":true,"max_hp_per_floor":[71,71,71,71,71,71,71,71,71,71,71,71,71,71,71,71,71,71,71,71,71,71,71,71,71,71,71,71,71,71,71,71,71,71,71,71,71,71,71,71,71,71,71,71,71,71,68,68,68,68],"card_choices":[{"not_picked":["Turbo","Coolheaded"],"picked":"Gash","floor":1.0},{"not_picked":["Steam Power","Hologram"],"picked":"Gash","floor":3.0},{"not_picked":["Redo","Conserve Battery"],"picked":"Coolheaded","floor":5.0},{"not_picked":["Chaos","Tempest"],"picked":"Beam Cell","floor":5.0},{"not_picked":["Steam","Ball Lightning"],"picked":"Glacier","floor":7.0},{"not_picked":["Conserve Battery","Reprogram"],"picked":"Go for the Eyes","floor":8.0},{"not_picked":["Steam","Leap"],"picked":"Go for the Eyes","floor":8.0},{"not_picked":["Conserve Battery","Hello World+1"],"picked":"Hologram","floor":12.0},{"not_picked":["Force Field","Chaos","Reprogram"],"picked":"SKIP","floor":12.0},{"not_picked":["Barrage","Conserve Battery"],"picked":"Skim","floor":13.0},{"not_picked":["Thunder Strike","Go for the Eyes","Barrage"],"picked":"SKIP","floor":13.0},{"not_picked":["Storm+1","Genetic Algorithm"],"picked":"Gash","floor":14.0},{"not_picked":["Go for the Eyes","Darkness"],"picked":"Scrape","floor":14.0},{"not_picked":["Hyperbeam","Reboot"],"picked":"Machine Learning+1","floor":16.0},{"not_picked":["Chaos","Barrage"],"picked":"Leap+1","floor":18.0},{"not_picked":["Rip and Tear","Steam"],"picked":"Stack","floor":18.0},{"not_picked":["Turbo+1","Chaos","Beam Cell+1"],"picked":"SKIP","floor":20.0},{"not_picked":["Glacier","Auto Shields","Redo"],"picked":"SKIP","floor":20.0},{"not_picked":["Ball Lightning","Reprogram"],"picked":"Sweeping Beam","floor":21.0},{"not_picked":["Conserve Battery","Turbo+1","Heatsinks+1"],"picked":"SKIP","floor":21.0},{"not_picked":["Hologram","Coolheaded"],"picked":"Steam","floor":24},{"not_picked":["Coolheaded","Capacitor+1","Cold Snap"],"picked":"SKIP","floor":25},{"not_picked":["Ball Lightning","Undo","Sweeping Beam"],"picked":"SKIP","floor":25},{"not_picked":["Coolheaded","Cold Snap"],"picked":"Capacitor+1","floor":25},{"not_picked":["Undo","Sweeping Beam"],"picked":"Ball Lightning","floor":25},{"not_picked":["Loop+1","Cold Snap"],"picked":"Creative AI+1","floor":31},{"not_picked":["Hologram","Go for the Eyes","Cold Snap"],"picked":"SKIP","floor":31},{"not_picked":["Amplify","All For One"],"picked":"Biased Cognition+1","floor":33},{"not_picked":["Storm+1","Leap"],"picked":"Gash","floor":35},{"not_picked":["Hologram","Conserve Battery+1","Aggregate"],"picked":"SKIP","floor":35},{"not_picked":["Secret Weapon","Mayhem+1"],"picked":"Panacea","floor":36},{"not_picked":["Streamline","Cold Snap"],"picked":"BootSequence","floor":38},{"not_picked":["Sunder+1","Rebound"],"picked":"Heatsinks+1","floor":38},{"not_picked":["Steam Power","Compile Driver"],"picked":"Redo+1","floor":40},{"not_picked":["Cold Snap","FTL"],"picked":"Loop+1","floor":42},{"not_picked":["Streamline","Conserve Battery"],"picked":"Steam+1","floor":44},{"not_picked":["Conserve Battery+1","Genetic Algorithm","Compile Driver"],"picked":"SKIP","floor":44},{"not_picked":["Cold Snap+1","Turbo+1"],"picked":"All For One","floor":46},{"not_picked":["Hologram","Beam Cell+1"],"picked":"Skim","floor":46},{"not_picked":["Sweeping Beam","Fusion+1"],"picked":"Chill","floor":48}],"player_experience":2699684,"relics_obtained":[{"floor":4.0,"key":"Prayer Wheel"},{"floor":7.0,"key":"Whetstone"},{"floor":9.0,"key":"Bag of Preparation"},{"floor":10.0,"key":"Frozen Egg 2"},{"floor":24,"key":"DataDisk"},{"floor":26,"key":"Blue Candle"},{"floor":40,"key":"Art of War"},{"floor":42,"key":"Emotion Chip"},{"floor":43,"key":"Bronze Scales"},{"floor":48,"key":"Omamori"}],"event_choices":[{"damage_healed":0.0,"max_hp_gain":0.0,"max_hp_loss":0.0,"gold_gain":0.0,"event_name":"Nest","player_choice":"Joined the Cult","floor":19.0,"gold_loss":0.0,"damage_taken":6.0,"cards_obtained":["RitualDagger"]},{"damage_healed":0,"gold_gain":0,"player_choice":"Ignored","damage_taken":0,"max_hp_gain":0,"max_hp_loss":0,"event_name":"Ghosts","floor":28,"gold_loss":0},{"damage_healed":0,"gold_gain":0,"player_choice":"Ignored","damage_taken":0,"max_hp_gain":0,"max_hp_loss":0,"event_name":"Beggar","floor":29,"gold_loss":0},{"damage_healed":0,"gold_gain":0,"player_choice":"Memory 1","damage_taken":0,"max_hp_gain":0,"max_hp_loss":0,"event_name":"SensoryStone","floor":36,"gold_loss":0},{"damage_healed":0,"gold_gain":0,"player_choice":"Paid","damage_taken":0,"relics_obtained":["Red Mask"],"max_hp_gain":0,"max_hp_loss":0,"event_name":"Tomb of Lord Red Mask","floor":39,"gold_loss":61},{"damage_healed":0,"gold_gain":0,"player_choice":"Fight","damage_taken":0,"max_hp_gain":0,"max_hp_loss":0,"event_name":"MindBloom","floor":42,"gold_loss":0}],"is_beta":false,"boss_relics":[{"not_picked":["Velvet Choker","Busted Crown"],"picked":"White Beast Statue"},{"not_picked":["Tiny House","Orrery"],"picked":"Lizard Tail"}],"items_purged_floors":[22,27,47],"is_endless":false,"potions_floor_spawned":[7,8,13,16,18,20,21,24,25,31,33,35,38,40,42,44,46,48],"ascension_level":19}