{"gold_per_floor":[114,46,61,61,76,76,1,1,1,1,16,46,61,76,76,176,176,191,206,206,221,236,236,251,251,276,291,321,246,261,11,11,11],"floor_reached":33,"playtime":2741,"items_purged":["Pain"],"score":446,"play_id":"af0bbb3c-8cf4-4e69-970a-abb4b63b4c48","local_time":"20191015221127","daily_mods":["Insanity","Uncertain Future","Terminal"],"is_ascension_mode":false,"campfire_choices":[{"data":"Skim","floor":6,"key":"SMITH"},{"data":"Skim","floor":8,"key":"SMITH"},{"data":"White Noise","floor":15,"key":"SMITH"},{"data":"Self Repair","floor":23,"key":"SMITH"},{"data":"Capacitor","floor":25,"key":"SMITH"},{"data":"Coolheaded","floor":32,"key":"SMITH"}],"neow_cost":"","seed_source_timestamp":0,"circlet_count":0,"master_deck":["Glacier","Rebound","Scrape","Self Repair+1","Tempest","Conserve Battery","Coolheaded","Cold Snap","Stack","Lockon","Stack","Stack","Storm","Auto Shields","Lockon","Steam","Steam","Stack","Streamline","Streamline","Beam Cell","Sweeping Beam","Heatsinks","Steam","Skim+1","Turbo","Gash","Force Field","Conserve Battery","Stack","Rebound","Go for the Eyes","Gash","Chill","Conserve Battery","Go for the Eyes","Darkness","Fusion","Skim+1","Barrage","Ball Lightning","Gash","Conserve Battery","Ball Lightning","Streamline","Beam Cell","Capacitor+1","Glacier","Coolheaded+1","Buffer+1","Beam Cell","White Noise+1","Machine Learning+1","Loop+1","Redo+1","Darkness+1","Recycle","Defragment+1","Aggregate"],"special_seed":18184,"relics":["Cracked Core","WarpedTongs","Frozen Egg 2","Astrolabe","Nloth\u0027s Gift","Smiling Mask","Dream Catcher","Toy Ornithopter"],"potions_floor_usage":[27,28],"damage_taken":[{"damage":0,"enemies":"Small Slimes","floor":1,"turns":5},{"damage":0,"enemies":"Cultist","floor":3,"turns":2},{"damage":0,"enemies":"2 Louse","floor":5,"turns":2},{"damage":0,"enemies":"Lots of Slimes","floor":11,"turns":3},{"damage":0,"enemies":"Lagavulin","floor":12,"turns":6},{"damage":0,"enemies":"Red Slaver","floor":13,"turns":2},{"damage":0,"enemies":"Gremlin Gang","floor":14,"turns":6},{"damage":0,"enemies":"Hexaghost","floor":16,"turns":9},{"damage":10,"enemies":"Spheric Guardian","floor":18,"turns":4},{"damage":5,"enemies":"Chosen","floor":19,"turns":4},{"damage":10,"enemies":"Centurion and Healer","floor":21,"turns":9},{"damage":0,"enemies":"Sentry and Sphere","floor":22,"turns":4},{"damage":5,"enemies":"Snecko","floor":24,"turns":6},{"damage":14,"enemies":"3 Cultists","floor":27,"turns":6},{"damage":29,"enemies":"Slavers","floor":28,"turns":7},{"damage":4,"enemies":"Snake Plant","floor":30,"turns":3},{"damage":26,"enemies":"Collector","floor":33,"turns":3}],"seed_played":"-2149912566222791641","potions_obtained":[{"floor":1,"key":"Regen Potion"},{"floor":3,"key":"GamblersBrew"},{"floor":11,"key":"Ancient Potion"},{"floor":19,"key":"EssenceOfSteel"},{"floor":28,"key":"FocusPotion"}],"is_trial":false,"path_per_floor":["M","$","M","?","M","R","$","R","T","?","M","E","M","M","R","B",null,"M","M","?","M","M","R","M","R","T","M","E","?","M","$","R","B"],"character_chosen":"DEFECT","items_purchased":["Capacitor","PowerPotion","Toy Ornithopter"],"campfire_rested":0,"item_purchase_floors":[2,31,31],"current_hp_per_floor":[73,72,71,70,69,68,67,66,65,64,63,62,61,60,59,58,57,47,42,42,42,42,42,47,47,47,33,26,26,22,22,22,0],"gold":11,"neow_bonus":"","is_prod":false,"is_daily":true,"chose_seed":false,"campfire_upgraded":6,"win_rate":0,"timestamp":1571148687,"path_taken":["M","$","M","?","M","R","?","R","T","?","M","E","M","M","R","BOSS","M","M","?","?","M","R","M","R","T","M","E","?","M","$","R","BOSS"],"build_version":"2019-07-17","purchased_purges":1,"victory":false,"max_hp_per_floor":[73,72,71,70,69,68,67,66,65,64,63,62,61,60,59,58,57,56,55,54,53,52,51,50,49,48,47,46,45,44,43,42,42],"card_choices":[{"not_picked":["Go for the Eyes","Leap"],"picked":"Beam Cell","floor":1},{"not_picked":["Go for the Eyes","Stack","Hello World"],"picked":"SKIP","floor":3},{"not_picked":["Blizzard","Redo"],"picked":"Glacier","floor":5},{"not_picked":["Go for the Eyes","Steam"],"picked":"Coolheaded","floor":11},{"not_picked":["Self Repair+1","Cold Snap"],"picked":"Buffer+1","floor":12},{"not_picked":["Redo","Steam"],"picked":"Beam Cell","floor":13},{"not_picked":["Compile Driver","Coolheaded"],"picked":"White Noise","floor":14},{"not_picked":["Hyperbeam","Creative AI+1"],"picked":"Machine Learning+1","floor":16},{"not_picked":["Barrage+1","Streamline+1"],"picked":"Recycle","floor":18},{"not_picked":["Streamline+1","Compile Driver","Sweeping Beam+1"],"picked":"SKIP","floor":19},{"not_picked":["Ball Lightning","Stack+1"],"picked":"Defragment+1","floor":21},{"not_picked":["Doom and Gloom","Hello World+1","Sweeping Beam"],"picked":"SKIP","floor":22},{"not_picked":["Stack","Rebound+1","Rip and Tear"],"picked":"SKIP","floor":24},{"not_picked":["Sunder+1","Rainbow"],"picked":"Aggregate","floor":27},{"not_picked":["Fusion","Beam Cell","Sweeping Beam"],"picked":"SKIP","floor":28},{"not_picked":["Streamline+1","Loop+1","Blizzard"],"picked":"SKIP","floor":30}],"player_experience":187902,"relics_obtained":[{"floor":9,"key":"Frozen Egg 2"},{"floor":12,"key":"Lantern"},{"floor":26,"key":"Smiling Mask"},{"floor":28,"key":"Dream Catcher"}],"event_choices":[{"damage_healed":0,"gold_gain":0,"player_choice":"Rummage","damage_taken":0,"relics_obtained":["WarpedTongs"],"max_hp_gain":0,"max_hp_loss":0,"event_name":"Accursed Blacksmith","floor":4,"gold_loss":0,"cards_obtained":["Pain"]},{"cards_removed":["Reinforced Body"],"damage_healed":0,"gold_gain":0,"player_choice":"Offered Uncommon","damage_taken":0,"max_hp_gain":0,"max_hp_loss":0,"event_name":"Bonfire Elementals","floor":10,"gold_loss":0},{"damage_healed":0,"gold_gain":0,"player_choice":"Traded Relic","damage_taken":0,"relics_obtained":["Nloth\u0027s Gift"],"max_hp_gain":0,"max_hp_loss":0,"event_name":"N\u0027loth","floor":20,"relics_lost":["Lantern"],"gold_loss":0},{"cards_removed":["Streamline"],"damage_healed":0,"gold_gain":0,"player_choice":"Gave Gold","damage_taken":0,"max_hp_gain":0,"max_hp_loss":0,"event_name":"Beggar","floor":29,"gold_loss":75}],"is_beta":false,"boss_relics":[{"not_picked":["Velvet Choker","Empty Cage"],"picked":"Astrolabe"}],"items_purged_floors":[7],"is_endless":false,"potions_floor_spawned":[1,3,11,19,21,28],"killed_by":"Collector","ascension_level":0}