{"gold_per_floor":[119,134,152,169,180,180,214,234,234,264,264,264,11,21,21,100,100,120,35,51,51,67,67,67],"floor_reached":24,"playtime":2239,"items_purged":[],"score":416,"play_id":"b6f32750-aa9c-408e-81d6-e9cc7dcb77ae","local_time":"20190722003843","is_ascension_mode":true,"campfire_choices":[{"data":"Perfected Strike","floor":6,"key":"SMITH"},{"data":"Clothesline","floor":12,"key":"SMITH"},{"data":"Power Through","floor":15,"key":"SMITH"},{"data":"True Grit","floor":23,"key":"SMITH"}],"neow_cost":"NONE","seed_source_timestamp":349934206545345,"circlet_count":0,"master_deck":["AscendersBane","Strike_R","Strike_R","Strike_R","Strike_R","Strike_R","Defend_R","Defend_R","Defend_R","Defend_R","Bash","Shrug It Off","Metallicize+1","Thunderclap","Perfected Strike+1","Power Through+1","Clothesline+1","Impervious","Immolate","True Grit+1","Seeing Red"],"relics":["Burning Blood","Mercury Hourglass","Odd Mushroom","Potion Belt","Regal Pillow","Membership Card","Velvet Choker","Mummified Hand","Calipers"],"potions_floor_usage":[7,7,8,16,16,24],"damage_taken":[{"damage":11,"enemies":"Jaw Worm","floor":1,"turns":7},{"damage":6,"enemies":"Cultist","floor":2,"turns":4},{"damage":9,"enemies":"2 Louse","floor":3,"turns":2},{"damage":8,"enemies":"Exordium Wildlife","floor":4,"turns":7},{"damage":12,"enemies":"Red Slaver","floor":5,"turns":6},{"damage":11,"enemies":"3 Sentries","floor":7,"turns":8},{"damage":0,"enemies":"The Mushroom Lair","floor":8,"turns":2},{"damage":14,"enemies":"Lagavulin","floor":10,"turns":7},{"damage":9,"enemies":"Large Slime","floor":14,"turns":5},{"damage":20,"enemies":"Hexaghost","floor":16,"turns":11},{"damage":6,"enemies":"Shell Parasite","floor":18,"turns":8},{"damage":2,"enemies":"3 Byrds","floor":20,"turns":4},{"damage":25,"enemies":"Snake Plant","floor":22,"turns":4},{"damage":55,"enemies":"Book of Stabbing","floor":24,"turns":5}],"seed_played":"-1984544138085690132","potions_obtained":[{"floor":4,"key":"Poison Potion"},{"floor":5,"key":"Block Potion"},{"floor":7,"key":"Explosive Potion"},{"floor":10,"key":"FearPotion"},{"floor":14,"key":"SkillPotion"},{"floor":20,"key":"Explosive Potion"}],"is_trial":false,"path_per_floor":["M","M","M","M","M","R","E","?","T","E","?","R","$","M","R","B",null,"M","?","M","T","M","R","E"],"character_chosen":"IRONCLAD","items_purchased":["Membership Card","LiquidBronze"],"campfire_rested":0,"item_purchase_floors":[13,13],"current_hp_per_floor":[70,70,67,65,59,59,54,60,60,52,52,52,52,49,49,35,70,70,70,74,74,55,55,0],"gold":67,"neow_bonus":"TEN_PERCENT_HP_BONUS","is_prod":false,"is_daily":false,"chose_seed":false,"campfire_upgraded":4,"win_rate":0,"timestamp":1563770323,"path_taken":["M","M","M","M","M","R","E","?","T","E","?","R","$","M","R","BOSS","M","?","M","?","M","R","E"],"build_version":"2019-01-23","purchased_purges":0,"victory":false,"max_hp_per_floor":[82,82,82,82,82,82,82,82,82,82,82,82,82,82,82,82,82,82,82,82,82,82,82,82],"card_choices":[{"not_picked":["Sword Boomerang","Infernal Blade"],"picked":"Shrug It Off","floor":1},{"not_picked":["Clash","Flex"],"picked":"Metallicize","floor":3},{"not_picked":["Seeing Red","Body Slam"],"picked":"Thunderclap","floor":4},{"not_picked":["Battle Trance","Sever Soul"],"picked":"Perfected Strike","floor":5},{"not_picked":["True Grit","Rage"],"picked":"Power Through","floor":7},{"not_picked":["Iron Wave","Entrench"],"picked":"Clothesline","floor":8},{"not_picked":["Havoc","Fire Breathing"],"picked":"Impervious","floor":10},{"not_picked":["Battle Trance","Thunderclap","Sever Soul"],"picked":"SKIP","floor":14},{"not_picked":["Exhume","Offering"],"picked":"Immolate","floor":16},{"not_picked":["Wild Strike","Thunderclap"],"picked":"True Grit","floor":18},{"not_picked":["Power Through","Evolve"],"picked":"Seeing Red","floor":20},{"not_picked":["Second Wind+1","Rage","Havoc"],"picked":"SKIP","floor":22}],"player_experience":2718082,"relics_obtained":[{"floor":7,"key":"Mercury Hourglass"},{"floor":8,"key":"Odd Mushroom"},{"floor":9,"key":"Potion Belt"},{"floor":10,"key":"Regal Pillow"},{"floor":21,"key":"Calipers"}],"event_choices":[{"damage_healed":0,"gold_gain":0,"player_choice":"Fought Mushrooms","damage_taken":0,"max_hp_gain":0,"max_hp_loss":0,"event_name":"Mushrooms","floor":8,"gold_loss":0},{"damage_healed":0,"gold_gain":0,"player_choice":"Grow","damage_taken":0,"max_hp_gain":0,"max_hp_loss":0,"event_name":"Living Wall","floor":11,"gold_loss":0,"cards_upgraded":["Metallicize"]},{"damage_healed":0,"gold_gain":0,"player_choice":"Obtained Relic","damage_taken":0,"relics_obtained":["Mummified Hand"],"max_hp_gain":0,"max_hp_loss":0,"event_name":"Addict","floor":19,"gold_loss":85}],"is_beta":false,"boss_relics":[{"not_picked":["Busted Crown","Runic Dome"],"picked":"Velvet Choker"}],"items_purged_floors":[],"is_endless":false,"potions_floor_spawned":[4,5,7,10,14,20],"killed_by":"Book of Stabbing","ascension_level":20}