{"gold_per_floor":[109,129,142,112,132,132,132,159,184,198,198,208,8,20,20,120,120,140],"floor_reached":18,"playtime":1403,"items_purged":[],"score":166,"play_id":"90c3d00d-f1d6-40c3-8a34-5099dc1eb586","local_time":"20190706171548","is_ascension_mode":false,"campfire_choices":[{"floor":6,"key":"REST"},{"floor":15,"key":"REST"}],"neow_cost":"NONE","seed_source_timestamp":860692882213883,"circlet_count":0,"master_deck":["Strike_G","Strike_G","Strike_G","Strike_G","Strike_G","Defend_G","Defend_G","Defend_G","Defend_G","Defend_G","Survivor","Neutralize","Deadly Poison","Deflect","Distraction","Accuracy","Deadly Poison","All Out Attack","Dagger Spray","Poisoned Stab","Infinite Blades","Catalyst","Quick Slash","Backflip","Backstab","Adrenaline","Riddle With Holes"],"relics":["Ring of the Snake","Bronze Scales","Pen Nib","Black Star"],"potions_floor_usage":[8,8,12,14,16,16],"damage_taken":[{"damage":4,"enemies":"Small Slimes","floor":1,"turns":4},{"damage":4,"enemies":"Cultist","floor":2,"turns":4},{"damage":0,"enemies":"Jaw Worm","floor":3,"turns":4},{"damage":1,"enemies":"Looter","floor":4,"turns":4},{"damage":22,"enemies":"Large Slime","floor":5,"turns":11},{"damage":30,"enemies":"3 Sentries","floor":8,"turns":9},{"damage":7,"enemies":"Blue Slaver","floor":10,"turns":4},{"damage":0,"enemies":"3 Louse","floor":12,"turns":1},{"damage":8,"enemies":"Gremlin Gang","floor":14,"turns":3},{"damage":19,"enemies":"Hexaghost","floor":16,"turns":9},{"damage":0,"enemies":"Chosen","floor":18,"turns":4}],"seed_played":"5529910703709829728","potions_obtained":[{"floor":2,"key":"AttackPotion"},{"floor":3,"key":"PowerPotion"},{"floor":11,"key":"GhostInAJar"},{"floor":11,"key":"Explosive Potion"},{"floor":11,"key":"SteroidPotion"},{"floor":12,"key":"SkillPotion"},{"floor":14,"key":"Energy Potion"},{"floor":18,"key":"LiquidBronze"}],"is_trial":false,"path_per_floor":["M","M","M","M","M","R","?","E","T","M","?","M","$","M","R","B",null,"M"],"character_chosen":"THE_SILENT","items_purchased":["Infinite Blades","Catalyst","Quick Slash","Backflip"],"campfire_rested":2,"item_purchase_floors":[13,13,13,13],"current_hp_per_floor":[73,69,69,68,46,69,69,39,39,32,32,32,32,24,47,28,77,77],"gold":140,"neow_bonus":"TEN_PERCENT_HP_BONUS","is_prod":false,"is_daily":false,"chose_seed":false,"campfire_upgraded":0,"win_rate":0.0,"timestamp":1562444148,"path_taken":["M","M","M","M","M","R","?","E","T","M","?","M","$","M","R","BOSS","M"],"build_version":"2019-07-05","purchased_purges":0,"victory":false,"max_hp_per_floor":[77,77,77,77,77,77,77,77,77,77,77,77,77,77,77,77,77,77],"card_choices":[{"not_picked":["Outmaneuver","Sucker Punch"],"picked":"Deadly Poison","floor":1},{"not_picked":["Slice","Acrobatics"],"picked":"Deflect","floor":2},{"not_picked":["Tactician","Sucker Punch"],"picked":"Distraction","floor":3},{"not_picked":["Calculated Gamble","A Thousand Cuts"],"picked":"Accuracy","floor":4},{"not_picked":["Sucker Punch","Dodge and Roll"],"picked":"Deadly Poison","floor":5},{"not_picked":["Dagger Spray","Escape Plan"],"picked":"All Out Attack","floor":8},{"not_picked":["Flying Knee","Dodge and Roll"],"picked":"Dagger Spray","floor":10},{"not_picked":["Expertise","Leg Sweep"],"picked":"Poisoned Stab","floor":12},{"not_picked":["Skewer","Blur"],"picked":"Backstab","floor":14},{"not_picked":["Night Terror","Burst"],"picked":"Adrenaline","floor":16},{"not_picked":["Slice","Dodge and Roll"],"picked":"Riddle With Holes","floor":18}],"player_experience":99481,"relics_obtained":[{"floor":8,"key":"Bronze Scales"},{"floor":9,"key":"Pen Nib"}],"event_choices":[{"damage_healed":0,"gold_gain":0,"player_choice":"Ignored","damage_taken":0,"max_hp_gain":0,"max_hp_loss":0,"event_name":"Golden Idol","floor":7,"gold_loss":0},{"damage_healed":0,"gold_gain":0,"player_choice":"Got Potions","damage_taken":0,"max_hp_gain":0,"max_hp_loss":0,"event_name":"Lab","floor":11,"gold_loss":0}],"is_beta":false,"boss_relics":[{"not_picked":["Snecko Eye","Runic Dome"],"picked":"Black Star"}],"items_purged_floors":[],"is_endless":false,"potions_floor_spawned":[2,3,12,14,18],"killed_by":"Chosen","ascension_level":0}