{"gold_per_floor":[213,7,107,7,23,23,43,60,87,104,104,104,104,124,124,224,224,224],"floor_reached":18,"playtime":713,"items_purged":[],"score":202,"play_id":"7357413c-8ebf-4e0a-9ae3-6337fff509bb","local_time":"20190717134038","is_ascension_mode":false,"campfire_choices":[{"data":"Terror","floor":6,"key":"SMITH"},{"floor":13,"key":"REST"},{"data":"All Out Attack","floor":15,"key":"SMITH"}],"neow_cost":"NONE","seed_source_timestamp":185234666813817,"circlet_count":0,"master_deck":["Strike_G","Strike_G","Strike_G","Strike_G","Strike_G","Defend_G","Defend_G","Defend_G","Defend_G","Defend_G","Survivor","Neutralize","Quick Slash","Terror+1","Noxious Fumes","Acrobatics","Deflect","Sucker Punch","Blur","All Out Attack+1","Flying Knee","Leg Sweep","Tactician","Bullet Time"],"relics":["Ring of the Snake","Orichalcum","Lantern","Art of War","HoveringKite"],"potions_floor_usage":[16,16],"damage_taken":[{"damage":4,"enemies":"2 Louse","floor":1,"turns":3},{"damage":0,"enemies":"Cultist","floor":5,"turns":3},{"damage":0,"enemies":"Small Slimes","floor":7,"turns":4},{"damage":0,"enemies":"Blue Slaver","floor":8,"turns":5},{"damage":0,"enemies":"Exordium Wildlife","floor":10,"turns":2},{"damage":2,"enemies":"3 Louse","floor":14,"turns":2},{"damage":0,"enemies":"The Guardian","floor":16,"turns":11},{"damage":0,"enemies":"3 Byrds","floor":18,"turns":2}],"seed_played":"5399642928761078545","potions_obtained":[{"floor":5,"key":"Poison Potion"},{"floor":7,"key":"SpeedPotion"},{"floor":10,"key":"EssenceOfSteel"},{"floor":16,"key":"GamblersBrew"}],"is_trial":false,"path_per_floor":["M","$","?","$","M","R","M","M","T","M","?","?","R","M","R","B",null,"M"],"character_chosen":"THE_SILENT","items_purchased":["Terror","Noxious Fumes","Acrobatics","Deflect","Sucker Punch"],"campfire_rested":1,"item_purchase_floors":[2,2,2,4,4],"current_hp_per_floor":[66,66,66,66,66,66,66,66,66,66,66,48,69,67,67,67,70,70],"gold":224,"neow_bonus":"HUNDRED_GOLD","is_prod":false,"is_daily":false,"chose_seed":false,"campfire_upgraded":2,"win_rate":0.0,"timestamp":1563381638,"path_taken":["M","$","?","$","?","R","M","M","T","M","?","?","R","M","R","BOSS","M"],"build_version":"2019-07-05","purchased_purges":0,"victory":false,"max_hp_per_floor":[70,70,70,70,70,70,70,70,70,70,70,70,70,70,70,70,70,70],"card_choices":[{"not_picked":["Footwork","Underhanded Strike"],"picked":"Quick Slash","floor":1},{"not_picked":["Flying Knee","Catalyst"],"picked":"Blur","floor":5},{"not_picked":["Deadly Poison","Poisoned Stab"],"picked":"All Out Attack","floor":7},{"not_picked":["Sucker Punch","Poisoned Stab"],"picked":"Flying Knee","floor":8},{"not_picked":["Riddle With Holes","Infinite Blades"],"picked":"Leg Sweep","floor":10},{"not_picked":["Expertise","Heel Hook"],"picked":"Tactician","floor":14},{"not_picked":["Envenom","Tools of the Trade"],"picked":"Bullet Time","floor":16}],"player_experience":186386,"relics_obtained":[{"floor":9,"key":"Orichalcum"}],"event_choices":[{"damage_healed":0,"gold_gain":100,"player_choice":"Gold","damage_taken":0,"max_hp_gain":0,"max_hp_loss":0,"event_name":"Wheel of Change","floor":3,"gold_loss":0},{"damage_healed":0,"gold_gain":0,"player_choice":"Searched \u00271\u0027 times","damage_taken":0,"relics_obtained":["Lantern"],"max_hp_gain":0,"max_hp_loss":0,"event_name":"Dead Adventurer","floor":11,"gold_loss":0},{"damage_healed":0,"gold_gain":0,"player_choice":"Success","damage_taken":18,"relics_obtained":["Art of War"],"max_hp_gain":0,"max_hp_loss":0,"event_name":"Scrap Ooze","floor":12,"gold_loss":0}],"is_beta":false,"boss_relics":[{"not_picked":["White Beast Statue","Fusion Hammer"],"picked":"HoveringKite"}],"items_purged_floors":[],"is_endless":false,"potions_floor_spawned":[5,7,10,16],"killed_by":"3 Byrds","ascension_level":0}