{"gold_per_floor":[15,28,42,53,53,87,87,87,87,104,121,121,121],"floor_reached":13,"playtime":767,"items_purged":[],"score":174,"play_id":"61029118-5282-4e64-9aa7-c093d7bc40ea","local_time":"20190922160150","is_ascension_mode":true,"campfire_choices":[{"data":"WindmillStrike","floor":7,"key":"SMITH"},{"data":"SandsOfTime","floor":12,"key":"SMITH"}],"neow_cost":"NO_GOLD","seed_source_timestamp":0,"circlet_count":0,"master_deck":["AscendersBane","Strike_P","Strike_P","Strike_P","Strike_P","Defend_P","Defend_P","Defend_P","Defend_P","Eruption+1","Vigilance","Blasphemy","Crescendo","EmptyFist","SandsOfTime+1","ForeignInfluence","WindmillStrike+1","ThirdEye"],"special_seed":0,"relics":["PureWater","The Courier","Kunai"],"potions_floor_usage":[6,13],"damage_taken":[{"damage":0.0,"enemies":"Cultist","floor":1.0,"turns":3.0},{"damage":0.0,"enemies":"2 Louse","floor":2.0,"turns":1.0},{"damage":0.0,"enemies":"Small Slimes","floor":3.0,"turns":4.0},{"damage":26.0,"enemies":"Gremlin Gang","floor":4.0,"turns":5.0},{"damage":12,"enemies":"3 Sentries","floor":6,"turns":3},{"damage":0,"enemies":"3 Louse","floor":10,"turns":2},{"damage":0,"enemies":"Large Slime","floor":11,"turns":4},{"damage":100013,"enemies":"Gremlin Nob","floor":13,"turns":3}],"seed_played":"-5903623419363878355","potions_obtained":[{"floor":1.0,"key":"Ancient Potion"},{"floor":2.0,"key":"Strength Potion"},{"floor":10,"key":"Ancient Potion"}],"is_trial":false,"path_per_floor":["M","M","M","M","?","E","R","?","T","M","M","R","E"],"character_chosen":"WATCHER","items_purchased":[],"campfire_rested":0,"item_purchase_floors":[],"current_hp_per_floor":[55,55,55,29,29,17,17,17,17,17,17,17,0],"gold":121,"neow_bonus":"THREE_RARE_CARDS","is_prod":false,"is_daily":false,"chose_seed":false,"campfire_upgraded":2,"win_rate":0,"timestamp":1569124910,"path_taken":["M","?","M","M","?","E","R","?","T","?","M","R","E"],"build_version":"2019-09-20","purchased_purges":0,"victory":false,"max_hp_per_floor":[61,61,61,61,61,61,61,61,61,61,61,61,61],"card_choices":[{"not_picked":["Unraveling","Vault"],"picked":"Blasphemy","floor":0.0},{"not_picked":["Fasting","Wireheading"],"picked":"Crescendo","floor":1.0},{"not_picked":["ThirdEye","EmptyBody"],"picked":"EmptyFist","floor":2.0},{"not_picked":["StepAndStrike","Halt"],"picked":"SandsOfTime","floor":3.0},{"not_picked":["WreathOfFlame","ClearTheMind"],"picked":"ForeignInfluence","floor":4.0},{"not_picked":["JustLucky","EmptyMind"],"picked":"WindmillStrike","floor":6},{"not_picked":["PathToVictory","EmptyFist","Prostrate"],"picked":"SKIP","floor":10},{"not_picked":["SashWhip","ClearTheMind"],"picked":"ThirdEye","floor":11}],"player_experience":1193761,"relics_obtained":[{"floor":6,"key":"The Courier"},{"floor":9,"key":"Kunai"}],"event_choices":[{"damage_healed":0.0,"max_hp_gain":0.0,"max_hp_loss":0.0,"gold_gain":0.0,"event_name":"Shining Light","player_choice":"Ignored","floor":5.0,"gold_loss":0.0,"damage_taken":0.0},{"damage_healed":0,"gold_gain":0,"player_choice":"Forge","damage_taken":0,"max_hp_gain":0,"max_hp_loss":0,"event_name":"Accursed Blacksmith","floor":8,"gold_loss":0,"cards_upgraded":["Eruption"]}],"is_beta":true,"boss_relics":[],"items_purged_floors":[],"is_endless":false,"potions_floor_spawned":[1,2,10],"killed_by":"Gremlin Nob","ascension_level":20}