{"gold_per_floor":[118,65,65,140,16,47,47,47,73,73,73,73,103,3,3,76,76,94,94,114,126,136,136,136,148,197,197,197,211,211,227,227,299,299,311,321,321],"floor_reached":37,"playtime":3445,"items_purged":["Parasite","Strike_B"],"score":638,"play_id":"21bc3288-c730-43f4-8ff8-65f187d74a33","local_time":"20190216213857","is_ascension_mode":true,"campfire_choices":[{"floor":7.0,"key":"REST"},{"data":"Sunder","floor":8.0,"key":"SMITH"},{"data":"Zap","floor":10.0,"key":"SMITH"},{"data":"Dualcast","floor":12.0,"key":"SMITH"},{"data":"Hologram","floor":15.0,"key":"SMITH"},{"floor":23.0,"key":"REST"},{"data":"Sweeping Beam","floor":24.0,"key":"SMITH"},{"data":"Multi-Cast","floor":28.0,"key":"SMITH"},{"data":"Buffer","floor":30.0,"key":"SMITH"},{"data":"Hologram","floor":32.0,"key":"SMITH"}],"neow_cost":"CURSE","seed_source_timestamp":740795195946421,"circlet_count":0,"master_deck":["AscendersBane","Strike_B","Strike_B","Defend_B","Defend_B","Defend_B","Defend_B","Zap+1","Dualcast+1","Sunder+1","Sweeping Beam+1","Conserve Battery","Hologram+1","Multi-Cast+1","Leap+1","Turbo+1","BootSequence","Buffer+1","Hologram+1","Reboot","Go for the Eyes","Scrape"],"special_seed":0,"relics":["Cracked Core","WingedGreaves","Blood Vial","Cables","Art of War","Bag of Marbles","Nuclear Battery","Eternal Feather"],"potions_floor_usage":[33,36],"damage_taken":[{"damage":9.0,"enemies":"2 Louse","floor":1.0,"turns":3.0},{"damage":30.0,"enemies":"3 Sentries","floor":6.0,"turns":6.0},{"damage":20.0,"enemies":"Gremlin Nob","floor":13.0,"turns":4.0},{"damage":9.0,"enemies":"Slime Boss","floor":16.0,"turns":9.0},{"damage":0.0,"enemies":"3 Byrds","floor":18.0,"turns":3.0},{"damage":3.0,"enemies":"Colosseum Slavers","floor":19.0,"turns":2.0},{"damage":0.0,"enemies":"Spheric Guardian","floor":20.0,"turns":3.0},{"damage":15.0,"enemies":"3 Cultists","floor":21.0,"turns":5.0},{"damage":44.0,"enemies":"Shelled Parasite and Fungi","floor":22.0,"turns":6.0},{"damage":2.0,"enemies":"Cultist and Chosen","floor":25.0,"turns":5.0},{"damage":0.0,"enemies":"Snake Plant","floor":29.0,"turns":3.0},{"damage":0.0,"enemies":"Shelled Parasite and Fungi","floor":31.0,"turns":5.0},{"damage":28,"enemies":"Collector","floor":33,"turns":11},{"damage":6,"enemies":"Orb Walker","floor":35,"turns":2},{"damage":0,"enemies":"3 Darklings","floor":36,"turns":6},{"damage":56,"enemies":"Writhing Mass","floor":37,"turns":6}],"seed_played":"979008660587876391","potions_obtained":[{"floor":13.0,"key":"Block Potion"},{"floor":20.0,"key":"SpeedPotion"},{"floor":25.0,"key":"Swift Potion"},{"floor":31.0,"key":"Poison Potion"},{"floor":35,"key":"Swift Potion"}],"is_trial":false,"path_per_floor":["M","?","$","?","$","E","R","R","T","R","?","R","E","$","R","B",null,"M","?","M","M","M","R","R","M","T","?","R","M","R","M","R","B",null,"M","M","M"],"character_chosen":"DEFECT","items_purchased":["Sweeping Beam"],"campfire_rested":2,"item_purchase_floors":[5],"current_hp_per_floor":[55,55,55,44,44,16,36,36,36,36,41,41,23,23,23,16,59,61,60,62,49,7,28,28,28,28,28,28,30,30,32,32,6,56,52,54,0],"gold":321,"neow_bonus":"ONE_RARE_RELIC","is_prod":false,"is_daily":false,"chose_seed":false,"campfire_upgraded":8,"win_rate":0,"timestamp":1550371137,"path_taken":["M","?","?","?","$","E","R","R","T","R","?","R","E","$","R","BOSS","M","?","M","M","M","R","R","M","T","?","R","?","R","M","R","BOSS","M","M","M"],"build_version":"2019-01-23","purchased_purges":2,"victory":false,"max_hp_per_floor":[71,71,71,71,68,68,68,68,68,68,73,73,73,73,73,73,73,73,73,73,73,73,73,73,73,73,73,73,73,73,73,73,73,73,73,73,73],"card_choices":[{"not_picked":["Stack","Capacitor"],"picked":"Sunder","floor":1.0},{"not_picked":["Double Energy","FTL"],"picked":"Conserve Battery","floor":6.0},{"not_picked":["Stack","FTL"],"picked":"Hologram","floor":13.0},{"not_picked":["Biased Cognition","Hyperbeam"],"picked":"Multi-Cast","floor":16.0},{"not_picked":["Conserve Battery","Streamline"],"picked":"Leap+1","floor":18.0},{"not_picked":["White Noise","Heatsinks","Cold Snap+1"],"picked":"SKIP","floor":20.0},{"not_picked":["Sweeping Beam","Beam Cell"],"picked":"Turbo+1","floor":21.0},{"not_picked":["Turbo","Ball Lightning"],"picked":"BootSequence","floor":22.0},{"not_picked":["Melter","Redo","Barrage"],"picked":"SKIP","floor":25.0},{"not_picked":["Sunder","Gash"],"picked":"Buffer","floor":29.0},{"not_picked":["Doom and Gloom","Sweeping Beam"],"picked":"Hologram","floor":31.0},{"not_picked":["Multi-Cast","Amplify"],"picked":"Reboot","floor":33},{"not_picked":["Stack","Gash"],"picked":"Go for the Eyes","floor":35},{"not_picked":["Streamline","Glacier"],"picked":"Scrape","floor":36}],"player_experience":2281959,"relics_obtained":[{"floor":6.0,"key":"Cables"},{"floor":9.0,"key":"Art of War"},{"floor":13.0,"key":"Bag of Marbles"}],"event_choices":[{"damage_healed":0.0,"max_hp_gain":0.0,"max_hp_loss":0.0,"gold_gain":0.0,"event_name":"WeMeetAgain","player_choice":"Paid Gold","floor":2.0,"gold_loss":53.0,"damage_taken":0.0,"relics_obtained":["Blood Vial"]},{"damage_healed":0.0,"max_hp_gain":0.0,"max_hp_loss":0.0,"gold_gain":75.0,"event_name":"World of Goop","player_choice":"Gather Gold","floor":4.0,"gold_loss":0.0,"damage_taken":11.0},{"damage_healed":0.0,"max_hp_gain":5.0,"max_hp_loss":0.0,"gold_gain":0.0,"event_name":"Big Fish","player_choice":"Donut","floor":11.0,"gold_loss":0.0,"damage_taken":0.0},{"damage_healed":0.0,"max_hp_gain":0.0,"max_hp_loss":0.0,"gold_gain":0.0,"event_name":"Colosseum","player_choice":"Fight","floor":19.0,"gold_loss":0.0,"damage_taken":0.0},{"damage_healed":0.0,"max_hp_gain":0.0,"max_hp_loss":0.0,"gold_gain":0.0,"event_name":"Colosseum","player_choice":"Fled From Nobs","floor":19.0,"gold_loss":0.0,"damage_taken":0.0},{"cards_removed":["Strike_B"],"damage_healed":0.0,"max_hp_gain":0.0,"max_hp_loss":0.0,"gold_gain":0.0,"event_name":"Bonfire Elementals","player_choice":"Offered Basic","floor":27.0,"gold_loss":0.0,"damage_taken":0.0}],"is_beta":false,"boss_relics":[{"not_picked":["Inserter","Runic Pyramid"],"picked":"Nuclear Battery"},{"not_picked":["Orrery","Pandora\u0027s Box"],"picked":"Eternal Feather"}],"items_purged_floors":[5,14],"is_endless":false,"potions_floor_spawned":[13,19,20,25,31,35],"killed_by":"Writhing Mass","ascension_level":14}