{"gold_per_floor":[369,3,14,14,89,89,122,122,147,159,187,213,213,213,213,292,292,304,337,38,38,50,50,70,103,130,156,169,169,95,120,120,120],"floor_reached":33,"playtime":4095,"items_purged":["Injury"],"score":506,"play_id":"791b1d0e-e0d1-477a-bd29-36a243f562ac","local_time":"20190303023306","is_ascension_mode":true,"campfire_choices":[{"data":"Neutralize","floor":6,"key":"SMITH"},{"floor":8,"key":"REST"},{"data":"Calculated Gamble","floor":13,"key":"SMITH"},{"floor":15,"key":"REST"},{"floor":23,"key":"REST"},{"data":"After Image","floor":29,"key":"SMITH"},{"floor":32,"key":"REST"}],"neow_cost":"CURSE","seed_source_timestamp":1068498058564735,"circlet_count":0,"master_deck":["AscendersBane","Defend_G","Defend_G","Defend_G","Defend_G","Defend_G","Strike_G","Strike_G","Strike_G","Strike_G","Strike_G+1","Survivor","Neutralize+1","Quick Slash","Flash of Steel","Cloak And Dagger","Cloak And Dagger","Calculated Gamble+1","PiercingWail","Poisoned Stab","Flying Knee+1","After Image+1","Backstab","Dagger Spray+1","Noxious Fumes","Master of Strategy","Leg Sweep","Noxious Fumes","Deadly Poison","Well Laid Plans","Calculated Gamble"],"relics":["Ring of the Snake","Vajra","Tingsha","Snake Skull","Odd Mushroom","Mercury Hourglass","White Beast Statue","Red Mask","Art of War","Whetstone","Lantern","Juzu Bracelet"],"potions_floor_usage":[7,11,16,19,19,24,25,28,28,28,31,33],"damage_taken":[{"damage":4,"enemies":"Small Slimes","floor":1,"turns":4},{"damage":0,"enemies":"2 Louse","floor":3,"turns":2},{"damage":25,"enemies":"Lagavulin","floor":7,"turns":8},{"damage":0,"enemies":"Jaw Worm","floor":10,"turns":3},{"damage":2,"enemies":"The Mushroom Lair","floor":11,"turns":4},{"damage":25,"enemies":"3 Sentries","floor":12,"turns":8},{"damage":9,"enemies":"Hexaghost","floor":16,"turns":11},{"damage":9,"enemies":"Chosen","floor":18,"turns":5},{"damage":18,"enemies":"Masked Bandits","floor":19,"turns":5},{"damage":0,"enemies":"Spheric Guardian","floor":22,"turns":3},{"damage":1,"enemies":"Snake Plant","floor":24,"turns":5},{"damage":24,"enemies":"Book of Stabbing","floor":25,"turns":7},{"damage":14,"enemies":"Centurion and Healer","floor":28,"turns":4},{"damage":11,"enemies":"Slavers","floor":31,"turns":5},{"damage":39,"enemies":"Automaton","floor":33,"turns":6}],"seed_played":"6360222127998610504","potions_obtained":[{"floor":3,"key":"AttackPotion"},{"floor":10,"key":"SkillPotion"},{"floor":12,"key":"SteroidPotion"},{"floor":16,"key":"Dexterity Potion"},{"floor":18,"key":"SkillPotion"},{"floor":19,"key":"Swift Potion"},{"floor":24,"key":"Regen Potion"},{"floor":25,"key":"EntropicBrew"},{"floor":28,"key":"AttackPotion"},{"floor":31,"key":"Energy Potion"}],"is_trial":false,"path_per_floor":["M","$","M","?","?","R","E","R","T","M","?","E","R","?","R","B",null,"M","?","$","?","M","R","M","E","T","T","M","R","$","E","R","B"],"character_chosen":"THE_SILENT","items_purchased":["Vajra","Flash of Steel","Cloak And Dagger","Noxious Fumes","Master of Strategy","Fire Potion","Well Laid Plans"],"campfire_rested":4,"item_purchase_floors":[2,2,2,20,20,20,30],"current_hp_per_floor":[55,55,55,55,44,44,19,38,38,38,36,11,11,11,30,21,55,46,28,28,28,28,47,46,37,37,37,23,23,23,12,31,0],"gold":120,"neow_bonus":"TWO_FIFTY_GOLD","is_prod":false,"is_daily":false,"chose_seed":false,"campfire_upgraded":3,"win_rate":0,"timestamp":1551598386,"path_taken":["M","$","M","?","?","R","E","R","T","M","?","E","R","?","R","BOSS","M","?","$","?","?","R","M","E","T","?","M","R","?","E","R","BOSS"],"build_version":"2019-01-23","purchased_purges":1,"victory":false,"max_hp_per_floor":[66,66,66,66,66,66,66,66,66,66,66,66,66,66,66,66,66,66,66,66,66,66,66,66,66,66,66,66,66,66,66,66,66],"card_choices":[{"not_picked":["Eviscerate","Dagger Throw"],"picked":"Quick Slash","floor":1},{"not_picked":["Blade Dance","Slice"],"picked":"Cloak And Dagger","floor":3},{"not_picked":["Underhanded Strike","Quick Slash"],"picked":"Calculated Gamble","floor":7},{"not_picked":["Cloak And Dagger","Bane"],"picked":"PiercingWail","floor":10},{"not_picked":["Masterful Stab","Deflect"],"picked":"Poisoned Stab","floor":11},{"not_picked":["Blade Dance","Reflex"],"picked":"Flying Knee","floor":12},{"not_picked":["Adrenaline","A Thousand Cuts"],"picked":"After Image","floor":16},{"not_picked":["Skewer","Blade Dance"],"picked":"Backstab","floor":18},{"not_picked":["Distraction","Escape Plan"],"picked":"Dagger Spray+1","floor":19},{"not_picked":["Accuracy","Outmaneuver"],"picked":"Leg Sweep","floor":22},{"not_picked":["Accuracy","Dagger Spray"],"picked":"Noxious Fumes","floor":24},{"not_picked":["Eviscerate","All Out Attack"],"picked":"Deadly Poison","floor":25},{"not_picked":["Dagger Throw","Flying Knee","Masterful Stab"],"picked":"SKIP","floor":28},{"not_picked":["Flying Knee","Finisher"],"picked":"Calculated Gamble","floor":31}],"player_experience":2328755,"relics_obtained":[{"floor":7,"key":"Tingsha"},{"floor":9,"key":"Snake Skull"},{"floor":11,"key":"Odd Mushroom"},{"floor":12,"key":"Mercury Hourglass"},{"floor":19,"key":"Red Mask"},{"floor":25,"key":"Art of War"},{"floor":26,"key":"Whetstone"},{"floor":27,"key":"Lantern"},{"floor":31,"key":"Juzu Bracelet"}],"event_choices":[{"damage_healed":0,"gold_gain":0,"player_choice":"Leave","damage_taken":0,"max_hp_gain":0,"max_hp_loss":0,"event_name":"The Cleric","floor":4,"gold_loss":0},{"damage_healed":0,"gold_gain":75,"player_choice":"Gather Gold","damage_taken":11,"max_hp_gain":0,"max_hp_loss":0,"event_name":"World of Goop","floor":5,"gold_loss":0},{"damage_healed":0,"gold_gain":0,"player_choice":"Fought Mushrooms","damage_taken":0,"max_hp_gain":0,"max_hp_loss":0,"event_name":"Mushrooms","floor":11,"gold_loss":0},{"damage_healed":0,"gold_gain":0,"player_choice":"Ignored","damage_taken":0,"max_hp_gain":0,"max_hp_loss":0,"event_name":"Shining Light","floor":14,"gold_loss":0},{"damage_healed":0,"gold_gain":0,"player_choice":"Fought Bandits","damage_taken":0,"max_hp_gain":0,"max_hp_loss":0,"event_name":"Masked Bandits","floor":19,"gold_loss":0}],"is_beta":false,"boss_relics":[{"not_picked":["Runic Pyramid","Fusion Hammer"],"picked":"White Beast Statue"}],"items_purged_floors":[2],"is_endless":false,"potions_floor_spawned":[3,10,12,16,18,19,22,24,25,28,31],"killed_by":"Automaton","ascension_level":15}