{"gold_per_floor":[111,129,129,39,39,70,70,81,131,182,156,156,156,184,184,184],"floor_reached":16,"playtime":1316,"items_purged":[],"score":122,"play_id":"cfa3773a-6068-4035-b0e0-01e0a2042e42","local_time":"20180719223503","is_ascension_mode":true,"campfire_choices":[{"floor":7,"key":"REST"},{"floor":15,"key":"REST"}],"neow_cost":"NONE","seed_source_timestamp":1985123907537229,"circlet_count":0,"master_deck":["Defend_G","Defend_G","Defend_G","Defend_G","Defend_G","Strike_G","Strike_G","Strike_G","Strike_G","Survivor","Neutralize","Accuracy","Sucker Punch","Flying Knee","Accuracy","Cloak And Dagger","Leg Sweep","Footwork+1","Cloak And Dagger","Neutralize","Flying Knee+1"],"special_seed":17732,"relics":["Ring of the Snake","Regal Pillow","Juzu Bracelet","Ancient Tea Set","Molten Egg 2"],"potions_floor_usage":[14],"damage_taken":[{"damage":0,"enemies":"Small Slimes","floor":1,"turns":3},{"damage":1,"enemies":"2 Louse","floor":2,"turns":4},{"damage":47,"enemies":"Lagavulin","floor":6,"turns":12},{"damage":2,"enemies":"Jaw Worm","floor":8,"turns":6},{"damage":9,"enemies":"3 Sentries","floor":14,"turns":8},{"damage":70,"enemies":"Hexaghost","floor":16,"turns":16}],"seed_played":"-5149254764656685113","potions_obtained":[{"floor":6,"key":"SkillPotion"}],"is_trial":false,"path_per_floor":["M","M","?","$","?","E","R","M","T","T","$","?","?","E","R"],"character_chosen":"THE_SILENT","items_purchased":["Accuracy","Cloak And Dagger","Cloak And Dagger"],"campfire_rested":2,"item_purchase_floors":[4,4,11],"current_hp_per_floor":[70,69,62,62,62,15,51,49,49,49,49,49,49,40,70,0],"gold":184,"neow_bonus":"THREE_CARDS","is_prod":false,"is_daily":false,"chose_seed":false,"campfire_upgraded":0,"win_rate":0,"timestamp":1532054103,"path_taken":["M","M","?","$","?","E","R","?","T","?","$","?","?","E","R","BOSS"],"build_version":"2018-06-21v2","purchased_purges":0,"victory":false,"max_hp_per_floor":[70,70,70,70,70,70,70,70,70,70,70,70,70,70,70,70],"card_choices":[{"not_picked":["PiercingWail","Dodge and Roll"],"picked":"Accuracy","floor":0},{"not_picked":["Bane","Outmaneuver"],"picked":"Sucker Punch","floor":1},{"not_picked":["Dodge and Roll","PiercingWail"],"picked":"Flying Knee","floor":2},{"not_picked":["Underhanded Strike","Endless Agony"],"picked":"Leg Sweep","floor":6},{"not_picked":["Noxious Fumes","Bane"],"picked":"Footwork","floor":8},{"not_picked":["Distraction","Quick Slash"],"picked":"Flying Knee","floor":14}],"player_experience":1310448,"relics_obtained":[{"floor":6,"key":"Regal Pillow"},{"floor":9,"key":"Juzu Bracelet"},{"floor":10,"key":"Ancient Tea Set"},{"floor":14,"key":"Molten Egg 2"}],"event_choices":[{"event_name":"Golden Wing","player_choice":"Card Removal","floor":3,"damage_taken":0},{"event_name":"Liars Game","player_choice":"disagreed","floor":5,"damage_taken":0},{"event_name":"Match and Keep!","player_choice":"1 cards matched","floor":12,"damage_taken":0},{"event_name":"Accursed Blacksmith","player_choice":"Forge","floor":13,"damage_taken":0}],"boss_relics":[],"items_purged_floors":[],"is_endless":false,"potions_floor_spawned":[6],"killed_by":"Hexaghost","ascension_level":3}