{"gold_per_floor":[112,122,50,63,63,63,238,238,238,267,267,301,301,38,38,133,133,144,69,69,89,103,103,123,123,198,198,16,44,58,58,58,58],"floor_reached":33,"playtime":2645,"items_purged":["Normality","Regret"],"score":296,"play_id":"ca4d2c7c-67f6-45a4-94e8-08e5298d1f32","local_time":"20191006145902","is_ascension_mode":false,"campfire_choices":[{"data":"Machine Learning","floor":6,"key":"SMITH"},{"data":"Conserve Battery","floor":8,"key":"SMITH"},{"data":"Loop","floor":11,"key":"SMITH"},{"data":"Coolheaded","floor":13,"key":"SMITH"},{"data":"Self Repair","floor":15,"key":"SMITH"},{"data":"Fission","floor":23,"key":"SMITH"},{"data":"Creative AI","floor":27,"key":"SMITH"},{"data":"Steam Power","floor":32,"key":"SMITH"}],"neow_cost":"NONE","seed_source_timestamp":574476216236000,"circlet_count":0,"master_deck":["Defend_B","Defend_B","Defend_B","Defend_B+1","Zap","Dualcast","Streamline+1","Conserve Battery+1","Biased Cognition","Machine Learning+1","Loop+1","Coolheaded+1","Self Repair+1","Fission+1","Cold Snap","Sweeping Beam","Redo","Genetic Algorithm","Creative AI+1","Ball Lightning+1","Storm+1","Glacier","Steam Power+1","Bite","Bite","Bite","Bite","Bite","Stack+1","Stack+1","Hologram+1","Shame"],"relics":["Cursed Key","Mercury Hourglass","Bottled Flame","Bag of Marbles","Membership Card","Orrery","Lantern","Toxic Egg 2","Sundial","Dream Catcher","Matryoshka"],"potions_floor_usage":[12,18,29,33],"damage_taken":[{"damage":0,"enemies":"Small Slimes","floor":1,"turns":4},{"damage":6,"enemies":"Jaw Worm","floor":2,"turns":2},{"damage":0,"enemies":"Cultist","floor":4,"turns":3},{"damage":5,"enemies":"3 Sentries","floor":10,"turns":6},{"damage":8,"enemies":"Lagavulin","floor":12,"turns":5},{"damage":19,"enemies":"Slime Boss","floor":16,"turns":9},{"damage":24,"enemies":"3 Byrds","floor":18,"turns":3},{"damage":16,"enemies":"Spheric Guardian","floor":21,"turns":4},{"damage":1,"enemies":"Snecko","floor":22,"turns":4},{"damage":19,"enemies":"Cultist and Chosen","floor":24,"turns":6},{"damage":20,"enemies":"Gremlin Leader","floor":29,"turns":6},{"damage":14,"enemies":"Sentry and Sphere","floor":30,"turns":5},{"damage":78,"enemies":"Automaton","floor":33,"turns":12}],"seed_played":"849943253715000753","potions_obtained":[{"floor":1,"key":"Weak Potion"},{"floor":4,"key":"FearPotion"},{"floor":12,"key":"LiquidBronze"},{"floor":18,"key":"Explosive Potion"},{"floor":22,"key":"Fire Potion"},{"floor":30,"key":"SkillPotion"}],"is_trial":false,"path_per_floor":["M","M","$","M","?","R","?","R","T","E","R","E","R","$","R","B",null,"M","?","?","M","M","R","M","?","T","R","$","E","M","T","R","B"],"character_chosen":"DEFECT","items_purchased":["Biased Cognition","Membership Card","Self Repair","Stack+1","Sundial"],"campfire_rested":0,"item_purchase_floors":[3,14,14,28,28],"current_hp_per_floor":[75,69,69,69,54,54,54,54,54,49,49,41,41,41,41,32,75,51,51,51,45,54,54,45,45,45,45,45,51,52,52,52,0],"gold":58,"neow_bonus":"BOSS_RELIC","is_prod":false,"is_daily":false,"chose_seed":false,"campfire_upgraded":8,"win_rate":0.0,"timestamp":1570345142,"path_taken":["M","M","$","M","?","R","?","R","T","E","R","E","R","?","R","BOSS","M","?","?","M","M","R","M","?","T","R","$","E","M","?","R","BOSS"],"build_version":"2019-07-17","purchased_purges":2,"victory":false,"max_hp_per_floor":[75,75,75,75,75,75,75,75,75,75,75,75,75,75,75,75,75,75,75,75,75,75,75,75,52,52,52,52,52,52,52,52,52],"card_choices":[{"not_picked":["Storm","Coolheaded"],"picked":"Streamline","floor":1},{"not_picked":["Leap","Reprogram"],"picked":"Conserve Battery","floor":2},{"not_picked":["Aggregate","Static Discharge"],"picked":"Machine Learning","floor":4},{"not_picked":["Lockon","Cold Snap"],"picked":"Loop","floor":10},{"not_picked":["Conserve Battery","Capacitor"],"picked":"Coolheaded","floor":12},{"not_picked":["Amplify","Seek"],"picked":"Fission","floor":16},{"not_picked":["Sweeping Beam","Barrage"],"picked":"Cold Snap","floor":17},{"not_picked":["Hologram","Leap"],"picked":"Sweeping Beam","floor":17},{"not_picked":["Lockon","Barrage"],"picked":"Redo","floor":17},{"not_picked":["Auto Shields","Conserve Battery"],"picked":"Genetic Algorithm","floor":17},{"not_picked":["Cold Snap","Leap"],"picked":"Creative AI","floor":17},{"not_picked":["Steam","Hello World+1"],"picked":"Ball Lightning+1","floor":18},{"not_picked":["Hologram","Scrape"],"picked":"Storm+1","floor":21},{"not_picked":["Cold Snap","Ball Lightning"],"picked":"Glacier","floor":22},{"not_picked":["Beam Cell","Gash"],"picked":"Steam Power","floor":24},{"not_picked":["All For One","Streamline+1"],"picked":"Stack+1","floor":29},{"not_picked":["Rip and Tear","Steam+1"],"picked":"Hologram+1","floor":30}],"player_experience":102180,"relics_obtained":[{"floor":9,"key":"Mercury Hourglass"},{"floor":10,"key":"Bottled Flame"},{"floor":12,"key":"Bag of Marbles"},{"floor":26,"key":"Toxic Egg 2"},{"floor":29,"key":"Dream Catcher"},{"floor":31,"key":"Matryoshka"}],"event_choices":[{"damage_healed":0,"gold_gain":0,"player_choice":"Entered Light","damage_taken":15,"max_hp_gain":0,"max_hp_loss":0,"event_name":"Shining Light","floor":5,"gold_loss":0,"cards_upgraded":["Defend_B","Streamline"]},{"damage_healed":0,"gold_gain":175,"player_choice":"AGREE","damage_taken":0,"max_hp_gain":0,"max_hp_loss":0,"event_name":"Liars Game","floor":7,"gold_loss":0,"cards_obtained":["Doubt"]},{"cards_removed":["Doubt"],"damage_healed":0,"gold_gain":0,"player_choice":"Gave Gold","damage_taken":0,"max_hp_gain":0,"max_hp_loss":0,"event_name":"Beggar","floor":19,"gold_loss":75},{"damage_healed":0,"gold_gain":0,"player_choice":"Opened","damage_taken":0,"relics_obtained":["Lantern"],"max_hp_gain":0,"max_hp_loss":0,"event_name":"The Mausoleum","floor":20,"gold_loss":0},{"damage_healed":0,"gold_gain":0,"player_choice":"Became a vampire","damage_taken":0,"max_hp_gain":0,"max_hp_loss":23,"event_name":"Vampires","floor":25,"gold_loss":0,"cards_obtained":["Bite","Bite","Bite","Bite","Bite"]}],"is_beta":false,"boss_relics":[{"not_picked":["Philosopher\u0027s Stone","Tiny House"],"picked":"Orrery"}],"items_purged_floors":[14,28],"is_endless":false,"potions_floor_spawned":[1,4,12,18,22,30],"killed_by":"Automaton","ascension_level":0}