{"gold_per_floor":[113,127,127,127,142,142,178,178,178,128,142,157,157,157,157,285,285,304,304,322,322,43,43,43],"floor_reached":24,"playtime":2451,"items_purged":[],"score":262,"play_id":"44dc9256-204b-4527-b222-5f310745044a","local_time":"20180902230250","is_ascension_mode":true,"campfire_choices":[{"floor":6,"key":"REST"},{"floor":8,"key":"REST"},{"floor":13,"key":"REST"},{"data":"Neutralize","floor":15,"key":"SMITH"},{"floor":23,"key":"REST"}],"neow_cost":"","seed_source_timestamp":398859152098064,"circlet_count":0,"master_deck":["Defend_G","Defend_G","Defend_G","Defend_G","Defend_G","Strike_G","Strike_G","Strike_G","Strike_G","Survivor","Neutralize+1","Deadly Poison","Dagger Spray","Outmaneuver","Infinite Blades","Choke","Masterful Stab","Neutralize","Venomology","Burst","Bouncing Flask","Footwork","Footwork","Outmaneuver","Cloak And Dagger","Riddle With Holes","Well Laid Plans+1","Infinite Blades"],"relics":["Ring of the Snake","Golden Idol","Sundial","Thread and Needle","Orrery","MutagenicStrength","OrangePellets"],"potions_floor_usage":[7,16,16,18,20,24],"damage_taken":[{"damage":0,"enemies":"Jaw Worm","floor":1,"turns":5},{"damage":4,"enemies":"2 Louse","floor":2,"turns":4},{"damage":0,"enemies":"Small Slimes","floor":5,"turns":4},{"damage":44,"enemies":"3 Sentries","floor":7,"turns":12},{"damage":3,"enemies":"Exordium Wildlife","floor":11,"turns":4},{"damage":4,"enemies":"Looter","floor":12,"turns":4},{"damage":44,"enemies":"Hexaghost","floor":16,"turns":11},{"damage":31,"enemies":"2 Thieves","floor":18,"turns":4},{"damage":13,"enemies":"Spheric Guardian","floor":20,"turns":5},{"damage":43,"enemies":"3 Cultists","floor":24,"turns":5}],"seed_played":"376459054826085216","potions_obtained":[{"floor":1,"key":"SpeedPotion"},{"floor":2,"key":"LiquidBronze"},{"floor":16,"key":"Fire Potion"},{"floor":20,"key":"Block Potion"}],"is_trial":false,"path_per_floor":["M","M","?","?","M","R","E","R","T","?","M","M","R","?","R","B",null,"M","?","M","?","$","R"],"character_chosen":"THE_SILENT","items_purchased":["OrangePellets","Infinite Blades"],"campfire_rested":4,"item_purchase_floors":[22,22],"current_hp_per_floor":[63,59,64,46,46,68,24,46,46,46,43,39,61,61,61,17,61,30,30,17,17,17,39,0],"gold":43,"neow_bonus":"","is_prod":false,"is_daily":false,"chose_seed":false,"campfire_upgraded":1,"win_rate":0,"timestamp":1535943770,"path_taken":["M","M","?","?","M","R","E","R","T","?","M","?","R","?","R","BOSS","M","?","M","?","?","R","M"],"build_version":"2018-08-23v2","purchased_purges":0,"victory":false,"max_hp_per_floor":[70,70,75,75,75,75,75,75,75,75,75,75,75,75,75,75,75,75,75,75,75,75,75,75],"card_choices":[{"not_picked":["Expertise","Acrobatics"],"picked":"Deadly Poison","floor":1},{"not_picked":["Deflect","Underhanded Strike"],"picked":"Dagger Spray","floor":2},{"not_picked":["Quick Slash","Distraction"],"picked":"Outmaneuver","floor":5},{"not_picked":["Flechettes","Tactician"],"picked":"Infinite Blades","floor":7},{"not_picked":["Poisoned Stab","Slice"],"picked":"Choke","floor":11},{"not_picked":["Distraction","Concentrate"],"picked":"Masterful Stab","floor":12},{"not_picked":["Phantasmal Killer","Tools of the Trade"],"picked":"Burst","floor":16},{"not_picked":["Prepared","Concentrate"],"picked":"Bouncing Flask","floor":17},{"not_picked":["Outmaneuver","Wraith Form v2"],"picked":"Footwork","floor":17},{"not_picked":["Bane","PiercingWail"],"picked":"Footwork","floor":17},{"not_picked":["Prepared","PiercingWail"],"picked":"Outmaneuver","floor":17},{"not_picked":["Endless Agony","PiercingWail"],"picked":"Cloak And Dagger","floor":17},{"not_picked":["Deadly Poison","Escape Plan"],"picked":"Riddle With Holes","floor":18},{"not_picked":["Escape Plan+1","Backstab"],"picked":"Well Laid Plans+1","floor":20}],"player_experience":1637221,"relics_obtained":[{"floor":7,"key":"Sundial"},{"floor":9,"key":"Thread and Needle"}],"event_choices":[{"event_name":"Big Fish","player_choice":"Donut","floor":3,"damage_taken":0},{"event_name":"Golden Idol","player_choice":"Take Damage","floor":4,"damage_taken":0},{"event_name":"The Cleric","player_choice":"Card Removal","floor":10,"damage_taken":0},{"event_name":"Match and Keep!","player_choice":"2 cards matched","floor":14,"damage_taken":0},{"event_name":"Cursed Tome","player_choice":"Ignored","floor":19,"damage_taken":0},{"event_name":"Drug Dealer","player_choice":"Inject Mutagens","floor":21,"damage_taken":0}],"is_beta":false,"boss_relics":[{"not_picked":["Cursed Key","WristBlade"],"picked":"Orrery"}],"items_purged_floors":[],"is_endless":false,"potions_floor_spawned":[1,2,16,20],"killed_by":"3 Cultists","ascension_level":7}