{"gold_per_floor":[112,62,38,57,77,77,111,111,111,111,126,26,26,43,43,138,138,149,149,46,75,94,125,139,139,139,59,59,59,70,89,89,194,194,214,224,224,224,224,224,238,42,42,42,54,54,71,88,88,88],"floor_reached":51,"playtime":4122,"items_purged":["Defend_B","Strike_B"],"score":765,"play_id":"8e95667e-46ef-4103-92d2-3491af955d37","local_time":"20180810222125","is_ascension_mode":true,"campfire_choices":[{"data":"Zap","floor":6,"key":"SMITH"},{"data":"Dualcast","floor":8,"key":"SMITH"},{"data":"Thunder Strike","floor":10,"key":"SMITH"},{"floor":13,"key":"REST"},{"floor":15,"key":"REST"},{"floor":25,"key":"REST"},{"floor":32,"key":"REST"},{"floor":40,"key":"REST"},{"data":"Hologram","floor":44,"key":"SMITH"},{"floor":49,"key":"REST"}],"neow_cost":"NONE","seed_source_timestamp":224907270955512,"circlet_count":0,"master_deck":["Strike_B","Defend_B","Defend_B","Zap+1","Dualcast+1","Thunder Strike+1","Static Discharge","Turbo","Conserve Battery","Turbo","Self Repair","Buffer","Steam","Redo","Multi-Cast","Tempest+1","Dark Shackles","Hologram+1","Rebound+1","Auto Shields","Leap+1","Lockon","Electrodynamics","Static Discharge","Seek","Skim+1","Defragment+1","Sweeping Beam","Panacea+1","Static Discharge+1","Redo+1"],"relics":["Cracked Core","Gambling Chip","Bottled Lightning","Philosopher\u0027s Stone","Red Mask","Sundial","Symbiotic Virus","Shuriken","Sozu","Toxic Egg 2","Emotion Chip"],"potions_floor_usage":[14,21,23,23,33],"damage_taken":[{"damage":1,"enemies":"Cultist","floor":1,"turns":3},{"damage":0,"enemies":"2 Louse","floor":4,"turns":2},{"damage":5,"enemies":"Jaw Worm","floor":5,"turns":3},{"damage":18,"enemies":"Gremlin Nob","floor":7,"turns":4},{"damage":16,"enemies":"Exordium Thugs","floor":11,"turns":5},{"damage":29,"enemies":"Gremlin Gang","floor":14,"turns":5},{"damage":6,"enemies":"Slime Boss","floor":16,"turns":10},{"damage":3,"enemies":"Spheric Guardian","floor":18,"turns":3},{"damage":0,"floor":21,"turns":3},{"damage":26,"enemies":"2 Thieves","floor":22,"turns":3},{"damage":16,"enemies":"Gremlin Leader","floor":23,"turns":6},{"damage":17,"enemies":"Centurion and Healer","floor":24,"turns":5},{"damage":10,"enemies":"3 Cultists","floor":30,"turns":3},{"damage":20,"enemies":"Snake Plant","floor":31,"turns":3},{"damage":37,"enemies":"Automaton","floor":33,"turns":8},{"damage":28,"enemies":"3 Darklings","floor":35,"turns":4},{"damage":16,"enemies":"Flame Bruiser 1 Orb","floor":36,"turns":5},{"damage":2,"enemies":"Sphere and 2 Shapes","floor":41,"turns":2},{"damage":28,"enemies":"4 Shapes","floor":45,"turns":2},{"damage":0,"enemies":"Spire Growth","floor":47,"turns":3},{"damage":13,"enemies":"Flame Bruiser 2 Orb","floor":48,"turns":4},{"damage":52,"enemies":"Time Eater","floor":50,"turns":7}],"seed_played":"1199954851890316789","potions_obtained":[{"floor":4,"key":"Regen Potion"},{"floor":11,"key":"Ancient Potion"},{"floor":18,"key":"Swift Potion"},{"floor":21,"key":"SkillPotion"},{"floor":24,"key":"LiquidBronze"}],"is_trial":false,"path_per_floor":["M","?","$","M","M","R","E","R","T","R","M","$","R","M","R","B",null,"M","?","$","?","M","E","M","R","T","$","T","?","M","M","R","B",null,"M","M","?","?","T","R","M","$","T","R","M","?","M","M","R","B"],"character_chosen":"DEFECT","items_purchased":["Turbo","Steam","Dark Shackles","Lockon","Panacea+1"],"campfire_rested":6,"item_purchase_floors":[3,12,20,27,42],"current_hp_per_floor":[74,74,74,74,69,69,51,51,51,51,42,42,64,42,64,65,75,75,75,75,75,56,62,45,67,67,67,67,67,64,44,66,36,75,54,45,45,45,45,67,65,65,65,65,37,37,44,38,60,15],"gold":88,"neow_bonus":"ONE_RANDOM_RARE_CARD","is_prod":false,"is_daily":false,"chose_seed":false,"campfire_upgraded":4,"win_rate":0,"timestamp":1533954085,"path_taken":["M","?","$","M","M","R","E","R","T","R","M","?","R","?","R","BOSS","M","?","$","?","?","E","M","R","T","$","?","?","?","M","R","BOSS","M","?","?","?","?","R","?","?","T","R","M","?","M","M","R","BOSS"],"build_version":"2018-08-02","purchased_purges":2,"victory":true,"max_hp_per_floor":[75,75,75,75,75,75,75,75,75,75,75,75,75,75,75,75,75,75,75,75,75,75,75,75,75,75,75,75,75,75,75,75,75,75,75,75,75,75,75,75,75,75,75,75,75,75,75,75,75,75],"card_choices":[{"not_picked":["Beam Cell","Reprogram"],"picked":"Static Discharge","floor":1},{"not_picked":["Turbo","Rebound"],"picked":"Conserve Battery","floor":4},{"not_picked":["Doom and Gloom","Redo"],"picked":"Turbo","floor":5},{"not_picked":["Heatsinks","Chill"],"picked":"Self Repair","floor":7},{"not_picked":["Stack","Beam Cell"],"picked":"Buffer","floor":11},{"not_picked":["Stack","Sunder"],"picked":"Redo","floor":14},{"not_picked":["All For One","Creative AI"],"picked":"Multi-Cast","floor":16},{"not_picked":["Stack+1","Leap"],"picked":"Tempest+1","floor":18},{"not_picked":["Conserve Battery","Cold Snap+1"],"picked":"Hologram","floor":21},{"not_picked":["Go for the Eyes","Fusion"],"picked":"Rebound+1","floor":22},{"not_picked":["Compile Driver+1","Streamline"],"picked":"Auto Shields","floor":23},{"not_picked":["Melter+1","Stack"],"picked":"Leap+1","floor":24},{"not_picked":["Barrage","Hello World"],"picked":"Static Discharge","floor":30},{"not_picked":["Sunder","Cold Snap+1","Coolheaded"],"picked":"SKIP","floor":31},{"not_picked":["Electrodynamics","Creative AI"],"picked":"Seek","floor":33},{"not_picked":["Steam+1","Recycle"],"picked":"Skim+1","floor":35},{"not_picked":["Cold Snap+1","Scrape+1"],"picked":"Defragment+1","floor":36},{"not_picked":["Self Repair","Hello World"],"picked":"Sweeping Beam","floor":41},{"not_picked":["Genetic Algorithm+1","Rip and Tear","Streamline+1"],"picked":"SKIP","floor":45},{"not_picked":["Scrape+1","Compile Driver"],"picked":"Static Discharge+1","floor":47},{"not_picked":["Conserve Battery+1","Barrage+1"],"picked":"Redo+1","floor":48}],"player_experience":1497688,"relics_obtained":[{"floor":7,"key":"Gambling Chip"},{"floor":9,"key":"Bottled Lightning"},{"floor":21,"key":"Red Mask"},{"floor":23,"key":"Sundial"},{"floor":26,"key":"Symbiotic Virus"},{"floor":28,"key":"Shuriken"},{"floor":39,"key":"Toxic Egg 2"},{"floor":43,"key":"Emotion Chip"}],"event_choices":[{"event_name":"The Cleric","player_choice":"Card Removal","floor":2,"damage_taken":0},{"event_name":"Back to Basics","player_choice":"Elegance","floor":19,"damage_taken":0},{"event_name":"Masked Bandits","player_choice":"Fought over 46 gold","floor":21,"damage_taken":0},{"event_name":"The Library","player_choice":"Read","floor":29,"damage_taken":0},{"event_name":"The Lab","player_choice":"Got Potions","floor":37,"damage_taken":0},{"event_name":"Falling","player_choice":"Removed Skill","floor":38,"damage_taken":0},{"event_name":"Tomb of Lord Red Mask","player_choice":"Ignored","floor":46,"damage_taken":0}],"is_beta":false,"boss_relics":[{"not_picked":["Black Star","White Beast Statue"],"picked":"Philosopher\u0027s Stone"},{"not_picked":["Busted Crown","FrozenCore"],"picked":"Sozu"}],"items_purged_floors":[12,42],"is_endless":false,"potions_floor_spawned":[4,11,18,21,24,35,41,45],"ascension_level":4}