{"gold_per_floor":[118,136,211,211,50,83,96,96,96,111,13,42,57,68,68,173,173,186,202,212,17,37,37,37,51,125,125,125,143,143,160,160,160],"floor_reached":33,"playtime":1530,"items_purged":[],"score":365,"play_id":"fe5271c7-513d-4758-87de-ebb29e4fcfa3","local_time":"20190822091237","is_ascension_mode":true,"campfire_choices":[{"floor":8,"key":"REST"},{"floor":15,"key":"REST"},{"floor":23,"key":"REST"},{"floor":28,"key":"REST"},{"floor":32,"key":"REST"}],"neow_cost":"NONE","seed_source_timestamp":473003113403617,"circlet_count":0,"master_deck":["Strike_B","Strike_B","Strike_B+1","Strike_B","Defend_B","Defend_B","Defend_B","Defend_B","Zap","Dualcast","Beam Cell+1","Sunder","Melter","Turbo","Redo","Conserve Battery","Conserve Battery","Conserve Battery","Blizzard","Hologram","Conserve Battery","Ball Lightning","Genetic Algorithm","Barrage","Echo Form","Fusion+1","Leap+1","Rip and Tear","Stack","Ball Lightning","Sweeping Beam","Electrodynamics","Stack","Cold Snap","J.A.X.","Gash","Darkness"],"relics":["Cracked Core","NeowsBlessing","Mercury Hourglass","Art of War","Dream Catcher","Whetstone","Philosopher\u0027s Stone","Anchor","Dodecahedron"],"potions_floor_usage":[12,16,19,22,25,31,33,33],"damage_taken":[{"damage":0,"enemies":"2 Louse","floor":1,"turns":1},{"damage":0,"enemies":"Small Slimes","floor":2,"turns":1},{"damage":0,"enemies":"Gremlin Nob","floor":6,"turns":1},{"damage":5,"enemies":"Jaw Worm","floor":7,"turns":2},{"damage":1,"enemies":"2 Fungi Beasts","floor":10,"turns":2},{"damage":21,"enemies":"Lagavulin","floor":12,"turns":5},{"damage":13,"enemies":"Blue Slaver","floor":13,"turns":3},{"damage":12,"enemies":"Exordium Wildlife","floor":14,"turns":2},{"damage":32,"enemies":"The Guardian","floor":16,"turns":9},{"damage":0,"enemies":"Chosen","floor":18,"turns":3},{"damage":8,"enemies":"2 Thieves","floor":19,"turns":4},{"damage":31,"enemies":"3 Cultists","floor":20,"turns":6},{"damage":28,"enemies":"Centurion and Healer","floor":22,"turns":8},{"damage":1,"enemies":"Cultist and Chosen","floor":25,"turns":5},{"damage":30,"enemies":"Sentry and Sphere","floor":29,"turns":4},{"damage":0,"enemies":"Centurion and Healer","floor":31,"turns":4},{"damage":49,"enemies":"Automaton","floor":33,"turns":6}],"seed_played":"3451042616846287171","potions_obtained":[{"floor":1,"key":"PowerPotion"},{"floor":10,"key":"Fruit Juice"},{"floor":12,"key":"Dexterity Potion"},{"floor":14,"key":"Strength Potion"},{"floor":16,"key":"Strength Potion"},{"floor":20,"key":"Weak Potion"},{"floor":22,"key":"GamblersBrew"},{"floor":25,"key":"PowerPotion"}],"is_trial":false,"path_per_floor":["M","M","?","?","$","E","M","R","T","M","$","E","M","M","R","B",null,"M","M","M","$","M","R","?","M","T","?","R","M","?","M","R","B"],"character_chosen":"DEFECT","items_purchased":["Melter","Turbo","Redo","Blizzard","Hologram","Anchor","Stack"],"campfire_rested":5,"item_purchase_floors":[5,5,5,11,11,21,21],"current_hp_per_floor":[75,75,64,52,52,52,47,69,69,68,68,52,39,27,51,19,80,80,72,41,41,13,37,37,36,36,21,46,16,16,16,41,0],"gold":160,"neow_bonus":"THREE_ENEMY_KILL","is_prod":false,"is_daily":false,"chose_seed":false,"campfire_upgraded":0,"win_rate":0,"timestamp":1566475957,"path_taken":["M","M","?","?","$","E","M","R","T","M","$","E","M","M","R","BOSS","M","M","M","$","M","R","?","M","T","?","R","M","?","M","R","BOSS"],"build_version":"2019-07-17","purchased_purges":0,"victory":false,"max_hp_per_floor":[75,75,75,75,75,75,75,75,75,75,75,80,80,80,80,80,80,80,80,80,80,80,80,80,80,80,85,85,85,85,85,85,85],"card_choices":[{"not_picked":["Steam Power","Conserve Battery"],"picked":"Beam Cell","floor":1},{"not_picked":["Leap","Coolheaded"],"picked":"Sunder","floor":2},{"not_picked":["Fission","Ball Lightning"],"picked":"Conserve Battery","floor":6},{"not_picked":["Steam","Redo"],"picked":"Conserve Battery","floor":7},{"not_picked":["Double Energy","Leap"],"picked":"Conserve Battery","floor":10},{"not_picked":["Hologram","Doom and Gloom"],"picked":"Conserve Battery","floor":12},{"not_picked":["Blizzard","Hologram"],"picked":"Ball Lightning","floor":13},{"not_picked":["Steam","Double Energy"],"picked":"Genetic Algorithm","floor":14},{"not_picked":["Undo","Coolheaded"],"picked":"Barrage","floor":15},{"not_picked":["Hyperbeam","Reboot"],"picked":"Echo Form","floor":16},{"not_picked":["Lockon+1","Steam Power"],"picked":"Fusion+1","floor":18},{"not_picked":["Conserve Battery","Tempest"],"picked":"Leap+1","floor":19},{"not_picked":["Stack","Ball Lightning"],"picked":"Rip and Tear","floor":20},{"not_picked":["Stack","Rip and Tear+1"],"picked":"Ball Lightning","floor":22},{"not_picked":["Gash","Blizzard"],"picked":"Sweeping Beam","floor":23},{"not_picked":["Barrage","Turbo+1"],"picked":"Electrodynamics","floor":25},{"not_picked":["Barrage+1","Steam"],"picked":"Stack","floor":28},{"not_picked":["Beam Cell+1","Force Field"],"picked":"Cold Snap","floor":29},{"not_picked":["Hello World","Hologram"],"picked":"Gash","floor":31},{"not_picked":["Scrape","Fission"],"picked":"Darkness","floor":32}],"player_experience":336896,"relics_obtained":[{"floor":6,"key":"Art of War"},{"floor":9,"key":"Dream Catcher"},{"floor":12,"key":"Whetstone"},{"floor":26,"key":"Dodecahedron"}],"event_choices":[{"damage_healed":0,"gold_gain":75,"player_choice":"Gather Gold","damage_taken":11,"max_hp_gain":0,"max_hp_loss":0,"event_name":"World of Goop","floor":3,"gold_loss":0},{"damage_healed":0,"gold_gain":0,"player_choice":"Success","damage_taken":12,"relics_obtained":["Mercury Hourglass"],"max_hp_gain":0,"max_hp_loss":0,"event_name":"Scrap Ooze","floor":4,"gold_loss":0},{"damage_healed":0,"gold_gain":0,"player_choice":"Ignored","damage_taken":0,"max_hp_gain":0,"max_hp_loss":0,"event_name":"Vampires","floor":24,"gold_loss":0},{"damage_healed":0,"gold_gain":0,"player_choice":"Shed Blood","damage_taken":20,"max_hp_gain":5,"max_hp_loss":0,"event_name":"Forgotten Altar","floor":27,"gold_loss":0},{"damage_healed":0,"gold_gain":0,"player_choice":"Obtain J.A.X.","damage_taken":0,"max_hp_gain":0,"max_hp_loss":0,"event_name":"Drug Dealer","floor":30,"gold_loss":0,"cards_obtained":["J.A.X."]}],"is_beta":false,"boss_relics":[{"not_picked":["Empty Cage","White Beast Statue"],"picked":"Philosopher\u0027s Stone"}],"items_purged_floors":[],"is_endless":false,"potions_floor_spawned":[1,10,12,14,16,18,20,22,25],"killed_by":"Automaton","ascension_level":2}