{"gold_per_floor":[10,27,42,54,9,9,42,62,62,75,125,125,145,158,158,236,236,254,254,265,180,198,198,198,215,241,253,68,68],"floor_reached":29,"playtime":1944,"items_purged":[],"score":462,"play_id":"073df8b1-c28e-43a9-8464-2f74525a01c1","local_time":"20190827220106","is_ascension_mode":true,"campfire_choices":[{"data":"Armaments","floor":6,"key":"SMITH"},{"floor":12,"key":"REST"},{"floor":15,"key":"REST"},{"floor":23,"key":"REST"}],"neow_cost":"NO_GOLD","seed_source_timestamp":825705838002214,"circlet_count":0,"master_deck":["AscendersBane","Strike_R","Strike_R","Strike_R","Strike_R","Strike_R","Defend_R","Defend_R","Defend_R","Defend_R","Bash","Fiend Fire","Rampage","Clothesline","Armaments+1","Twin Strike","Ghostly Armor","Anger","Shrug It Off","Juggernaut","Juggernaut","Double Tap","Headbutt","Headbutt","Reaper","Iron Wave","Blood for Blood","Combust","Inflame","Power Through","Power Through","Inflame","Shrug It Off+1","Panache"],"relics":["Burning Blood","Mercury Hourglass","Bronze Scales","Orrery","MutagenicStrength","Vajra","Omamori"],"potions_floor_usage":[16,16,18,25,27],"damage_taken":[{"damage":23,"enemies":"Jaw Worm","floor":1,"turns":9},{"damage":1,"enemies":"Cultist","floor":2,"turns":3},{"damage":9,"enemies":"Small Slimes","floor":3,"turns":3},{"damage":1,"enemies":"Blue Slaver","floor":4,"turns":5},{"damage":33,"enemies":"Lagavulin","floor":7,"turns":8},{"damage":15,"enemies":"Exordium Thugs","floor":8,"turns":5},{"damage":10,"enemies":"Red Slaver","floor":10,"turns":2},{"damage":14,"enemies":"Large Slime","floor":13,"turns":4},{"damage":4,"enemies":"Blue Slaver","floor":14,"turns":3},{"damage":12,"enemies":"Hexaghost","floor":16,"turns":8},{"damage":18,"enemies":"Chosen","floor":18,"turns":5},{"damage":0,"enemies":"3 Byrds","floor":20,"turns":3},{"damage":43,"enemies":"Centurion and Healer","floor":22,"turns":8},{"damage":29,"enemies":"Sentry and Sphere","floor":25,"turns":5},{"damage":8,"enemies":"Snecko","floor":27,"turns":4},{"damage":60,"enemies":"Gremlin Leader","floor":29,"turns":5}],"seed_played":"-4698160722130812613","potions_obtained":[{"floor":1,"key":"SpeedPotion"},{"floor":8,"key":"Energy Potion"},{"floor":10,"key":"Dexterity Potion"},{"floor":16,"key":"Poison Potion"},{"floor":22,"key":"BloodPotion"},{"floor":25,"key":"Block Potion"}],"is_trial":false,"path_per_floor":["M","M","M","M","$","R","E","M","T","M","?","R","M","M","R","B",null,"M","?","M","?","M","R","?","M","T","M","$","E"],"character_chosen":"IRONCLAD","items_purchased":["Ghostly Armor","Panache"],"campfire_rested":3,"item_purchase_floors":[5,28],"current_hp_per_floor":[51,56,53,58,58,58,31,22,22,18,18,40,32,34,56,50,69,61,61,67,67,30,52,52,43,43,41,41,0],"gold":68,"neow_bonus":"THREE_RARE_CARDS","is_prod":false,"is_daily":false,"chose_seed":false,"campfire_upgraded":1,"win_rate":0,"timestamp":1566957666,"path_taken":["M","M","M","M","$","R","E","M","T","M","?","R","M","M","R","BOSS","M","?","M","?","M","R","?","?","T","M","$","E"],"build_version":"2019-01-23","purchased_purges":0,"victory":false,"max_hp_per_floor":[75,75,75,75,75,75,75,75,75,75,75,75,75,75,75,75,75,75,75,75,75,75,75,75,75,75,75,75,75],"card_choices":[{"not_picked":["Double Tap","Juggernaut"],"picked":"Fiend Fire","floor":0},{"not_picked":["Second Wind","Thunderclap"],"picked":"Rampage","floor":1},{"not_picked":["Reckless Charge","Combust"],"picked":"Clothesline","floor":2},{"not_picked":["Evolve","Iron Wave"],"picked":"Armaments","floor":3},{"not_picked":["Flex","Perfected Strike"],"picked":"Twin Strike","floor":4},{"not_picked":["True Grit","Warcry"],"picked":"Anger","floor":7},{"not_picked":["Seeing Red","Sword Boomerang","Infernal Blade"],"picked":"SKIP","floor":8},{"not_picked":["Rage","Twin Strike"],"picked":"Shrug It Off","floor":10},{"not_picked":["Clash","Clothesline"],"picked":"Juggernaut","floor":13},{"not_picked":["Clothesline","Sever Soul"],"picked":"Juggernaut","floor":14},{"not_picked":["Limit Break","Exhume"],"picked":"Double Tap","floor":16},{"not_picked":["Thunderclap","Sword Boomerang"],"picked":"Headbutt","floor":17},{"not_picked":["Clash","Pummel"],"picked":"Headbutt","floor":17},{"not_picked":["Iron Wave","Body Slam"],"picked":"Reaper","floor":17},{"not_picked":["True Grit","Cleave"],"picked":"Iron Wave","floor":17},{"not_picked":["Perfected Strike","Wild Strike"],"picked":"Blood for Blood","floor":17},{"not_picked":["Bloodletting","Infernal Blade"],"picked":"Combust","floor":18},{"not_picked":["Warcry","Flex"],"picked":"Inflame","floor":20},{"not_picked":["Havoc","Metallicize"],"picked":"Power Through","floor":22},{"not_picked":["Anger","Body Slam"],"picked":"Inflame","floor":25},{"not_picked":["Whirlwind","Spot Weakness"],"picked":"Shrug It Off+1","floor":27}],"player_experience":2864013,"relics_obtained":[{"floor":7,"key":"Mercury Hourglass"},{"floor":9,"key":"Bronze Scales"},{"floor":26,"key":"Omamori"}],"event_choices":[{"damage_healed":0,"gold_gain":50,"player_choice":"Pray","damage_taken":0,"max_hp_gain":0,"max_hp_loss":0,"event_name":"Golden Shrine","floor":11,"gold_loss":0},{"damage_healed":0,"gold_gain":0,"player_choice":"Inject Mutagens","damage_taken":0,"relics_obtained":["MutagenicStrength"],"max_hp_gain":0,"max_hp_loss":0,"event_name":"Drug Dealer","floor":19,"gold_loss":0},{"damage_healed":0,"gold_gain":0,"player_choice":"Obtained Relic","damage_taken":0,"relics_obtained":["Vajra"],"max_hp_gain":0,"max_hp_loss":0,"event_name":"Addict","floor":21,"gold_loss":85},{"damage_healed":0,"gold_gain":0,"player_choice":"Copied","damage_taken":0,"max_hp_gain":0,"max_hp_loss":0,"event_name":"Duplicator","floor":24,"gold_loss":0,"cards_obtained":["Power Through"]}],"is_beta":false,"boss_relics":[{"not_picked":["White Beast Statue","Snecko Eye"],"picked":"Orrery"}],"items_purged_floors":[],"is_endless":false,"potions_floor_spawned":[1,8,10,16,22,25],"killed_by":"Gremlin Leader","ascension_level":20}