{"gold_per_floor":[109,109,109,127,202,235,235,308,308,56,84,102,120,133,133,237,237,251,278,19,38,38,38,50,50,77,95,110,110,122,41,41,142,142,155,155,174,192,192],"floor_reached":39,"playtime":6010,"items_purged":["Defend_R"],"score":443,"play_id":"4562848c-aa7b-4c82-b2c9-14d71392f833","local_time":"20180726152127","is_ascension_mode":false,"campfire_choices":[{"data":"Bloodletting","floor":7,"key":"SMITH"},{"data":"Shrug It Off","floor":15,"key":"SMITH"},{"data":"Dual Wield","floor":23,"key":"SMITH"},{"data":"Pommel Strike","floor":25,"key":"SMITH"},{"data":"Panache","floor":29,"key":"SMITH"},{"data":"Armaments","floor":32,"key":"SMITH"}],"neow_cost":"NONE","seed_source_timestamp":2061443428904796,"circlet_count":0,"master_deck":["Strike_R","Strike_R+1","Strike_R","Strike_R","Strike_R","Defend_R+1","Defend_R","Defend_R","Bash","Clash","Bloodletting+1","Headbutt","Panache+1","Power Through","Dual Wield+1","Rampage","Shrug It Off+1","Ghostly Armor","Impervious","Body Slam","Bloodletting+1","Uppercut","Pommel Strike+1","Swift Strike","Blood for Blood","RitualDagger","Reckless Charge","Intimidate","Wild Strike+1","Armaments+1","Whirlwind","Thunderclap","Double Tap","Clash","Heavy Blade","Uppercut+1"],"relics":["Burning Blood","NeowsBlessing","Vajra","Bronze Scales","Pantograph","Paper Frog","Bottled Lightning","Sozu","Red Mask","Anchor","Fusion Hammer"],"potions_floor_usage":[14,16,28,39],"damage_taken":[{"damage":0,"enemies":"2 Louse","floor":1,"turns":1},{"damage":0,"enemies":"Cultist","floor":4,"turns":1},{"damage":0,"enemies":"3 Sentries","floor":6,"turns":2},{"damage":14,"enemies":"Gremlin Nob","floor":11,"turns":4},{"damage":3,"enemies":"Jaw Worm","floor":12,"turns":3},{"damage":1,"enemies":"Exordium Wildlife","floor":13,"turns":3},{"damage":9,"enemies":"Exordium Thugs","floor":14,"turns":3},{"damage":25,"enemies":"The Guardian","floor":16,"turns":9},{"damage":12,"enemies":"Shell Parasite","floor":18,"turns":5},{"damage":5,"floor":19,"turns":3},{"damage":0,"enemies":"Chosen","floor":21,"turns":4},{"damage":15,"enemies":"Snecko","floor":24,"turns":3},{"damage":0,"enemies":"Centurion and Healer","floor":27,"turns":3},{"damage":4,"enemies":"3 Cultists","floor":28,"turns":5},{"damage":7,"enemies":"Snake Plant","floor":30,"turns":3},{"damage":62,"enemies":"Automaton","floor":33,"turns":7},{"damage":10,"enemies":"3 Shapes","floor":35,"turns":3},{"damage":4,"enemies":"Orb Walker","floor":37,"turns":2},{"damage":64,"enemies":"Sphere and 2 Shapes","floor":38,"turns":5},{"damage":29,"enemies":"Maw","floor":39,"turns":6}],"seed_played":"-7062002359373752595","potions_obtained":[{"floor":4,"key":"Energy Potion"},{"floor":6,"key":"Regen Potion"},{"floor":11,"key":"Swift Potion"},{"floor":14,"key":"AttackPotion"}],"is_trial":false,"path_per_floor":["M","?","?","M","?","E","R","T","T","$","E","M","M","M","R","B",null,"M","?","$","M","?","R","M","R","T","M","M","R","M","$","R","B",null,"M","?","M","M"],"character_chosen":"IRONCLAD","items_purchased":["Panache","Power Through","Uppercut","Pommel Strike","Swift Strike","Whirlwind","Thunderclap"],"campfire_rested":0,"item_purchase_floors":[10,10,20,20,20,31,31],"current_hp_per_floor":[80,64,61,67,56,62,62,62,62,62,54,57,62,68,68,61,80,74,75,75,80,74,74,65,65,65,71,73,73,72,72,72,24,80,76,76,78,20,0],"gold":192,"neow_bonus":"THREE_ENEMY_KILL","is_prod":false,"is_daily":false,"chose_seed":false,"campfire_upgraded":6,"win_rate":0,"timestamp":1532632887,"path_taken":["M","?","?","?","?","E","R","?","T","$","E","M","M","M","R","BOSS","M","?","$","M","?","R","M","R","T","?","M","R","M","?","R","BOSS","M","?","?","M","M"],"build_version":"2018-07-19v2","purchased_purges":1,"victory":false,"max_hp_per_floor":[80,80,80,80,80,80,80,80,80,80,80,80,80,80,80,80,80,80,80,80,80,80,80,80,80,80,80,80,80,80,80,80,80,80,80,80,80,80,80],"card_choices":[{"not_picked":["Armaments","Dropkick"],"picked":"Clash","floor":1},{"not_picked":["Sword Boomerang","Burning Pact"],"picked":"Bloodletting","floor":4},{"not_picked":["Pommel Strike","Wild Strike"],"picked":"Headbutt","floor":6},{"not_picked":["Armaments","Berserk"],"picked":"Dual Wield","floor":11},{"not_picked":["Sentinel","Armaments"],"picked":"Rampage","floor":12},{"not_picked":["Perfected Strike","Sword Boomerang"],"picked":"Shrug It Off","floor":13},{"not_picked":["Wild Strike","Sentinel"],"picked":"Ghostly Armor","floor":14},{"not_picked":["Berserk","Fiend Fire"],"picked":"Impervious","floor":16},{"not_picked":["Sword Boomerang","Twin Strike"],"picked":"Body Slam","floor":18},{"not_picked":["Evolve","True Grit"],"picked":"Bloodletting+1","floor":19},{"not_picked":["Sword Boomerang","Headbutt"],"picked":"Blood for Blood","floor":21},{"not_picked":["Wild Strike","Ghostly Armor"],"picked":"Reckless Charge","floor":24},{"not_picked":["True Grit","Inflame"],"picked":"Intimidate","floor":27},{"not_picked":["Corruption+1","Havoc+1"],"picked":"Wild Strike+1","floor":28},{"not_picked":["Sword Boomerang","Headbutt"],"picked":"Armaments","floor":30},{"not_picked":["Fiend Fire","Berserk"],"picked":"Double Tap","floor":33},{"not_picked":["Second Wind+1","Cleave"],"picked":"Clash","floor":35},{"not_picked":["True Grit+1","Headbutt"],"picked":"Heavy Blade","floor":37},{"not_picked":["Sword Boomerang","Armaments"],"picked":"Uppercut+1","floor":38}],"player_experience":1338267,"relics_obtained":[{"floor":6,"key":"Bronze Scales"},{"floor":8,"key":"Pantograph"},{"floor":9,"key":"Paper Frog"},{"floor":11,"key":"Bottled Lightning"},{"floor":19,"key":"Red Mask"},{"floor":26,"key":"Anchor"}],"event_choices":[{"event_name":"Shining Light","player_choice":"Entered Light","floor":2,"damage_taken":0},{"event_name":"Scrap Ooze","player_choice":"success","floor":3,"damage_taken":3},{"event_name":"World of Goop","player_choice":"Gather Gold","floor":5,"damage_taken":0},{"event_name":"Masked Bandits","player_choice":"Fought over 251 gold","floor":19,"damage_taken":0},{"event_name":"Nest","player_choice":"Joined the Cult","floor":22,"damage_taken":0},{"event_name":"SecretPortal","player_choice":"Rejected Portal.","floor":36,"damage_taken":0}],"is_beta":false,"boss_relics":[{"not_picked":["Mark of Pain","Runic Pyramid"],"picked":"Sozu"},{"not_picked":["Black Star","Lizard Tail"],"picked":"Fusion Hammer"}],"items_purged_floors":[20],"is_endless":false,"potions_floor_spawned":[4,6,11,12,14,18,19,24,35,38],"killed_by":"Maw","ascension_level":0}