{"gold_per_floor":[362,375,7,26,44,44,44,76,152,152,183,202,202,236,236,315,315,327,327,338,349,349,349,349,349,349,349,383,411,11,26,26,100,100,114,44,61,161,161],"floor_reached":39,"playtime":3309,"items_purged":["Clumsy"],"score":758,"play_id":"d1eb0079-c37d-44fc-9667-f4fb29a70f91","local_time":"20190309163646","is_ascension_mode":true,"campfire_choices":[{"data":"Hologram","floor":6.0,"key":"SMITH"},{"floor":10.0,"key":"REST"},{"data":"Beam Cell","floor":15.0,"key":"SMITH"},{"floor":23.0,"key":"REST"},{"data":"Blind","floor":25.0,"key":"SMITH"},{"data":"Streamline","floor":27.0,"key":"SMITH"},{"floor":32.0,"key":"REST"}],"neow_cost":"CURSE","seed_source_timestamp":1177765410481317,"circlet_count":0,"master_deck":["AscendersBane","Strike_B+1","Strike_B+1","Strike_B+1","Defend_B+1","Defend_B+1","Defend_B+1","Defend_B+1","Zap","Dualcast","Hologram+1","Streamline+1","Blind+1","Compile Driver","Beam Cell+1","Gash","Gash","Chill","Rebound","Streamline","Rainbow+1","Multi-Cast+1","Sweeping Beam","Sweeping Beam+1","Turbo+1","Hologram+1","Machine Learning","Master of Strategy+1","Gash","Steam+1","Reinforced Body+1","Echo Form","Redo+1","Skim+1","BootSequence+1","Undo+1"],"special_seed":0,"relics":["Cracked Core","Pen Nib","Pocketwatch","Letter Opener","Ancient Tea Set","Toxic Egg 2","Black Star","Shuriken","Boot","Regal Pillow","MawBank","Omamori","Sozu","Torii"],"potions_floor_usage":[33],"damage_taken":[{"damage":7.0,"enemies":"Small Slimes","floor":1.0,"turns":3.0},{"damage":1.0,"enemies":"Cultist","floor":2.0,"turns":4.0},{"damage":4.0,"enemies":"2 Louse","floor":4.0,"turns":2.0},{"damage":9.0,"enemies":"Looter","floor":5.0,"turns":3.0},{"damage":6.0,"enemies":"Gremlin Nob","floor":8.0,"turns":3.0},{"damage":10.0,"enemies":"Lagavulin","floor":11.0,"turns":4.0},{"damage":0.0,"enemies":"3 Louse","floor":12.0,"turns":2.0},{"damage":9.0,"enemies":"3 Sentries","floor":14.0,"turns":4.0},{"damage":11.0,"enemies":"Hexaghost","floor":16.0,"turns":6.0},{"damage":13.0,"enemies":"Shell Parasite","floor":18.0,"turns":3.0},{"damage":24.0,"enemies":"3 Byrds","floor":20.0,"turns":4.0},{"damage":22.0,"enemies":"Sentry and Sphere","floor":21.0,"turns":4.0},{"damage":7.0,"enemies":"Gremlin Leader","floor":28.0,"turns":5.0},{"damage":8.0,"enemies":"3 Cultists","floor":29.0,"turns":4.0},{"damage":14.0,"enemies":"Snake Plant","floor":31.0,"turns":2.0},{"damage":12,"enemies":"Collector","floor":33,"turns":7},{"damage":22,"enemies":"Orb Walker","floor":35,"turns":4},{"damage":0,"enemies":"3 Shapes","floor":37,"turns":2},{"damage":8,"enemies":"Mind Bloom Boss Battle","floor":38,"turns":5},{"damage":48,"enemies":"Spire Growth","floor":39,"turns":4}],"seed_played":"-7982059232555531380","potions_obtained":[{"floor":1.0,"key":"SteroidPotion"},{"floor":5.0,"key":"PowerPotion"},{"floor":11.0,"key":"Explosive Potion"},{"floor":14.0,"key":"Dexterity Potion"},{"floor":18.0,"key":"LiquidBronze"},{"floor":29.0,"key":"Strength Potion"}],"is_trial":false,"path_per_floor":["M","M","$","M","M","R","$","E","T","R","E","M","?","E","R","B",null,"M","?","M","M","?","R","?","R","T","R","E","M","$","M","R","B",null,"M","$","M","?","M"],"character_chosen":"DEFECT","items_purchased":["Pen Nib","Blind","Compile Driver","Master of Strategy+1","Gash","Steam+1","Omamori","Skim+1"],"campfire_rested":3,"item_purchase_floors":[3,3,3,30,30,30,30,36],"current_hp_per_floor":[57,56,56,52,43,43,43,37,37,58,48,48,48,39,39,28,60,47,47,23,1,1,22,36,36,36,36,29,21,21,7,43,31,61,39,39,39,31,0],"gold":161,"neow_bonus":"TWO_FIFTY_GOLD","is_prod":false,"is_daily":false,"chose_seed":false,"campfire_upgraded":4,"win_rate":0,"timestamp":1552167406,"path_taken":["M","M","$","M","M","R","$","E","T","R","E","M","?","E","R","BOSS","M","?","?","M","?","R","?","R","T","R","E","M","$","M","R","BOSS","M","$","M","?","M"],"build_version":"2019-01-23","purchased_purges":1,"victory":false,"max_hp_per_floor":[71,71,71,71,71,71,71,71,71,71,71,71,71,71,71,71,71,71,71,71,71,71,71,71,71,71,71,71,71,71,71,71,71,71,71,71,71,71,71],"card_choices":[{"not_picked":["Steam Power","Leap"],"picked":"Hologram","floor":1.0},{"not_picked":["Tempest","Lockon"],"picked":"Streamline","floor":2.0},{"not_picked":["Turbo","Coolheaded"],"picked":"Beam Cell","floor":4.0},{"not_picked":["Coolheaded","Beam Cell"],"picked":"Gash","floor":5.0},{"not_picked":["Conserve Battery","Steam Power"],"picked":"Gash","floor":8.0},{"not_picked":["Lockon","Conserve Battery"],"picked":"Chill","floor":11.0},{"not_picked":["Turbo","Hello World"],"picked":"Rebound","floor":12.0},{"not_picked":["Double Energy","Beam Cell"],"picked":"Rainbow","floor":14.0},{"not_picked":["Biased Cognition","Buffer"],"picked":"Multi-Cast+1","floor":16.0},{"not_picked":["Cold Snap","Blizzard"],"picked":"Sweeping Beam","floor":18.0},{"not_picked":["Chill+1","Darkness+1"],"picked":"Sweeping Beam+1","floor":20.0},{"not_picked":["Go for the Eyes","Loop"],"picked":"Turbo+1","floor":21.0},{"not_picked":["Compile Driver+1","Rebound"],"picked":"Hologram+1","floor":28.0},{"not_picked":["Consume+1","Streamline"],"picked":"Machine Learning","floor":29.0},{"not_picked":["Heatsinks","Gash"],"picked":"Reinforced Body+1","floor":31.0},{"not_picked":["Creative AI","Electrodynamics"],"picked":"Echo Form","floor":33},{"not_picked":["Leap+1","Conserve Battery+1"],"picked":"Redo+1","floor":35},{"not_picked":["Consume+1","Turbo+1"],"picked":"BootSequence+1","floor":37},{"not_picked":["Sweeping Beam","Thunder Strike"],"picked":"Undo+1","floor":38}],"player_experience":2349256,"relics_obtained":[{"floor":8.0,"key":"Pocketwatch"},{"floor":9.0,"key":"Letter Opener"},{"floor":11.0,"key":"Ancient Tea Set"},{"floor":14.0,"key":"Toxic Egg 2"},{"floor":26.0,"key":"Boot"},{"floor":28.0,"key":"Regal Pillow"},{"floor":28.0,"key":"MawBank"},{"floor":38,"key":"Torii"}],"event_choices":[{"damage_healed":0.0,"max_hp_gain":0.0,"max_hp_loss":0.0,"gold_gain":0.0,"cards_transformed":["Strike_B"],"event_name":"Transmorgrifier","player_choice":"Transformed","floor":13.0,"gold_loss":0.0,"damage_taken":0.0,"cards_obtained":["Streamline"]},{"damage_healed":0.0,"max_hp_gain":0.0,"max_hp_loss":0.0,"gold_gain":0.0,"event_name":"WeMeetAgain","player_choice":"Gave Potion","floor":19.0,"gold_loss":0.0,"damage_taken":0.0,"relics_obtained":["Shuriken"]},{"damage_healed":0.0,"max_hp_gain":0.0,"max_hp_loss":0.0,"gold_gain":0.0,"event_name":"Back to Basics","player_choice":"Simplicity","floor":22.0,"gold_loss":0.0,"damage_taken":0.0,"cards_upgraded":["Strike_B","Strike_B","Strike_B","Defend_B","Defend_B","Defend_B","Defend_B"]},{"damage_healed":14.0,"max_hp_gain":0.0,"max_hp_loss":0.0,"gold_gain":0.0,"event_name":"The Library","player_choice":"Heal","floor":24.0,"gold_loss":0.0,"damage_taken":0.0},{"damage_healed":0,"gold_gain":0,"player_choice":"Fight","damage_taken":0,"max_hp_gain":0,"max_hp_loss":0,"event_name":"MindBloom","floor":38,"gold_loss":0}],"is_beta":false,"boss_relics":[{"not_picked":["White Beast Statue","Runic Dome"],"picked":"Black Star"},{"not_picked":["Fusion Hammer","Eternal Feather"],"picked":"Sozu"}],"items_purged_floors":[3],"is_endless":false,"potions_floor_spawned":[1,5,11,14,18,29,35,38],"killed_by":"Spire Growth","ascension_level":15}