{"gold_per_floor":[109,125,135,135,152,152,179,192,215,290,41,60,70,50,50,149,149,168,184,201,201,217,217,248,264,264,264,294,294,313,145,145,247,247,264,280,280,280,31,64,77,97,122,122,122,140,152,165,165,165],"floor_reached":50,"playtime":11424,"items_purged":["Strike_B"],"score":625,"play_id":"9e22c3b4-a316-4d5a-8c90-5d8644c8fe51","local_time":"20180806012340","is_ascension_mode":true,"campfire_choices":[{"data":"Dualcast","floor":6.0,"key":"SMITH"},{"floor":15.0,"key":"REST"},{"floor":23.0,"key":"REST"},{"floor":27.0,"key":"REST"},{"floor":29.0,"key":"REST"},{"floor":32.0,"key":"REST"},{"data":"Creative AI","floor":45.0,"key":"SMITH"},{"floor":49.0,"key":"REST"}],"neow_cost":"CURSE","seed_source_timestamp":0,"circlet_count":0,"master_deck":["Strike_B","Defend_B","Defend_B","Defend_B","Zap","Dualcast+1","Parasite","Glacier","Beam Cell","Rebound","Gash+1","Creative AI+1","Scrape","Turbo","Hologram","Conserve Battery","Electrodynamics","Cold Snap+1","Leap","Hologram","Reinforced Body","Heatsinks+1","Conserve Battery","Sunder","Melter","Chaos+1","Dark Shackles","Compile Driver+1","Blind","Stack","Storm+1","Leap+1","Darkness+1","Steam"],"special_seed":0,"relics":["Cracked Core","Centennial Puzzle","Dream Catcher","Mummified Hand","Busted Crown","Red Mask","Singing Bowl","Oddly Smooth Stone","Empty Cage","DataDisk","Ancient Tea Set","Whetstone","Matryoshka"],"potions_floor_usage":[50],"damage_taken":[{"damage":2.0,"enemies":"Jaw Worm","floor":1.0,"turns":3.0},{"damage":0.0,"enemies":"Small Slimes","floor":2.0,"turns":3.0},{"damage":0.0,"enemies":"2 Louse","floor":3.0,"turns":3.0},{"damage":17.0,"enemies":"Exordium Thugs","floor":5.0,"turns":6.0},{"damage":17.0,"enemies":"Gremlin Nob","floor":7.0,"turns":4.0},{"damage":0.0,"enemies":"Large Slime","floor":8.0,"turns":6.0},{"damage":0.0,"enemies":"Red Slaver","floor":12.0,"turns":4.0},{"damage":10.0,"enemies":"2 Fungi Beasts","floor":13.0,"turns":3.0},{"damage":4.0,"enemies":"The Guardian","floor":16.0,"turns":12.0},{"damage":22.0,"enemies":"2 Thieves","floor":18.0,"turns":3.0},{"damage":12.0,"enemies":"Chosen","floor":19.0,"turns":3.0},{"damage":6.0,"enemies":"3 Cultists","floor":20.0,"turns":3.0},{"damage":17.0,"enemies":"Sentry and Sphere","floor":22.0,"turns":5.0},{"damage":0.0,"floor":24.0,"turns":2.0},{"damage":9.0,"enemies":"Centurion and Healer","floor":25.0,"turns":7.0},{"damage":38.0,"enemies":"Gremlin Leader","floor":28.0,"turns":10.0},{"damage":24.0,"enemies":"3 Cultists","floor":30.0,"turns":4.0},{"damage":55.0,"enemies":"Automaton","floor":33.0,"turns":12.0},{"damage":1.0,"enemies":"Orb Walker","floor":35.0,"turns":3.0},{"damage":0.0,"enemies":"3 Shapes","floor":36.0,"turns":5.0},{"damage":25.0,"enemies":"2 Orb Walkers","floor":40.0,"turns":5.0},{"damage":7.0,"enemies":"Sphere and 2 Shapes","floor":41.0,"turns":4.0},{"damage":0.0,"enemies":"4 Shapes","floor":42.0,"turns":3.0},{"damage":21.0,"enemies":"Spire Growth","floor":46.0,"turns":4.0},{"damage":0.0,"enemies":"Transient","floor":47.0,"turns":5.0},{"damage":13.0,"enemies":"3 Darklings","floor":48.0,"turns":3.0},{"damage":72,"enemies":"Awakened One","floor":50,"turns":9}],"seed_played":"-8901874372766093096","potions_obtained":[{"floor":1.0,"key":"FocusPotion"},{"floor":5.0,"key":"Weak Potion"},{"floor":8.0,"key":"SkillPotion"},{"floor":13.0,"key":"Weak Potion"},{"floor":14.0,"key":"Block Potion"},{"floor":19.0,"key":"Swift Potion"},{"floor":24.0,"key":"SpeedPotion"},{"floor":28.0,"key":"Regen Potion"},{"floor":30.0,"key":"GamblersBrew"},{"floor":33.0,"key":"Fire Potion"},{"floor":35.0,"key":"EssenceOfSteel"},{"floor":37.0,"key":"Block Potion"},{"floor":37.0,"key":"Dexterity Potion"},{"floor":42.0,"key":"FocusPotion"},{"floor":47.0,"key":"Block Potion"}],"is_trial":false,"path_per_floor":["M","M","M","?","M","R","E","M","T","?","$","M","M","?","R","B",null,"M","M","M","?","M","R","?","M","T","R","E","R","M","$","R","B",null,"M","M","?","?","$","E","M","M","T","T","R","M","M","M","R"],"character_chosen":"DEFECT","items_purchased":["Mummified Hand","Dark Shackles","DataDisk","Blind"],"campfire_rested":6,"item_purchase_floors":[11,31,39,39],"current_hp_per_floor":[87,87,87,87,70,70,53,53,53,45,45,45,35,35,61,57,89,67,55,49,49,32,58,58,49,49,75,37,63,51,51,77,24,91,92,94,94,94,94,69,62,62,62,62,62,43,43,32,61,0],"gold":165,"neow_bonus":"TWENTY_PERCENT_HP_BONUS","is_prod":false,"is_daily":false,"chose_seed":false,"campfire_upgraded":2,"win_rate":0,"timestamp":1533533020,"path_taken":["M","M","M","?","M","R","E","?","T","?","$","M","M","?","R","BOSS","M","M","M","?","M","R","?","M","T","R","E","R","M","$","R","BOSS","M","M","?","?","?","E","M","M","T","?","R","M","M","?","R","BOSS"],"build_version":"2018-08-02","purchased_purges":1,"victory":false,"max_hp_per_floor":[89,89,89,89,89,89,89,89,89,89,89,89,89,89,89,89,89,89,89,89,89,89,89,89,89,89,89,89,89,89,89,89,91,91,93,95,95,95,95,95,95,95,95,95,95,97,97,99,99,99],"card_choices":[{"not_picked":["Steam","Compile Driver"],"picked":"Glacier","floor":1.0},{"not_picked":["Recycle","Sweeping Beam"],"picked":"Beam Cell","floor":2.0},{"not_picked":["Barrage","Hologram"],"picked":"Rebound","floor":3.0},{"not_picked":["Compile Driver","Steam Power"],"picked":"Gash","floor":5.0},{"not_picked":["Streamline","Chaos"],"picked":"Creative AI","floor":7.0},{"not_picked":["Redo","Ball Lightning"],"picked":"Scrape","floor":8.0},{"not_picked":["Redo","Conserve Battery"],"picked":"Turbo","floor":12.0},{"not_picked":["Skim","Coolheaded"],"picked":"Hologram","floor":13.0},{"not_picked":["Ball Lightning","Leap"],"picked":"Conserve Battery","floor":15.0},{"not_picked":["Reboot","Seek"],"picked":"Electrodynamics","floor":16.0},{"not_picked":["Barrage"],"picked":"SKIP","floor":18.0},{"not_picked":[],"picked":"Cold Snap","floor":19.0},{"not_picked":["Barrage+1"],"picked":"SKIP","floor":20.0},{"not_picked":[],"picked":"Leap","floor":22.0},{"not_picked":[],"picked":"Hologram","floor":23.0},{"not_picked":[],"picked":"Reinforced Body","floor":24.0},{"not_picked":[],"picked":"Heatsinks+1","floor":25.0},{"not_picked":[],"picked":"Conserve Battery","floor":27.0},{"not_picked":[],"picked":"Sunder","floor":28.0},{"not_picked":[],"picked":"Melter","floor":29.0},{"not_picked":[],"picked":"Chaos+1","floor":30.0},{"not_picked":[],"picked":"Compile Driver+1","floor":32.0},{"not_picked":["Meteor Strike"],"picked":"Singing Bowl","floor":33.0},{"not_picked":["Lockon"],"picked":"Singing Bowl","floor":35.0},{"not_picked":["Conserve Battery"],"picked":"Singing Bowl","floor":36.0},{"not_picked":[],"picked":"Stack","floor":40.0},{"not_picked":[],"picked":"Storm+1","floor":41.0},{"not_picked":[],"picked":"Leap+1","floor":42.0},{"not_picked":["Rip and Tear"],"picked":"Singing Bowl","floor":46.0},{"not_picked":[],"picked":"Darkness+1","floor":47.0},{"not_picked":["Glacier+1"],"picked":"Singing Bowl","floor":48.0},{"not_picked":[],"picked":"Steam","floor":49.0}],"player_experience":1450783,"relics_obtained":[{"floor":7.0,"key":"Centennial Puzzle"},{"floor":9.0,"key":"Dream Catcher"},{"floor":24.0,"key":"Red Mask"},{"floor":26.0,"key":"Singing Bowl"},{"floor":28.0,"key":"Oddly Smooth Stone"},{"floor":40.0,"key":"Ancient Tea Set"},{"floor":43.0,"key":"Whetstone"},{"floor":44.0,"key":"Matryoshka"}],"event_choices":[{"event_name":"Liars Game","player_choice":"disagreed","floor":4.0,"damage_taken":0.0},{"event_name":"FaceTrader","player_choice":"Touch","floor":10.0,"damage_taken":0.0},{"event_name":"The Woman in Blue","player_choice":"Bought 1 Potion","floor":14.0,"damage_taken":0.0},{"event_name":"Ghosts","player_choice":"Ignored","floor":21.0,"damage_taken":0.0},{"event_name":"Masked Bandits","player_choice":"Fought over 217 gold","floor":24.0,"damage_taken":0.0},{"event_name":"The Lab","player_choice":"Got Potions","floor":37.0,"damage_taken":0.0},{"event_name":"Falling","player_choice":"Removed Skill","floor":38.0,"damage_taken":0.0}],"is_beta":false,"boss_relics":[{"not_picked":["Nuclear Battery","Coffee Dripper"],"picked":"Busted Crown"},{"not_picked":["Tiny House","Runic Pyramid"],"picked":"Empty Cage"}],"items_purged_floors":[31],"is_endless":false,"potions_floor_spawned":[1,5,8,13,19,24,28,30,33,35,42,47],"killed_by":"Awakened One","ascension_level":4}