{"gold_per_floor":[110,110,110,125,140,140,156,156,156,156,179,179,207,48,48,145,145,161,171,171,171,171,171,204,204,204,204,204,204,216,231,231,231],"floor_reached":33,"playtime":2556,"items_purged":["Injury"],"score":364,"play_id":"0101d046-35df-48ca-941b-bedf6fba2d9a","local_time":"20180828233016","is_ascension_mode":true,"campfire_choices":[{"data":"Streamline","floor":6,"key":"SMITH"},{"data":"Streamline","floor":8,"key":"SMITH"},{"data":"Scrape","floor":10,"key":"SMITH"},{"floor":15,"key":"REST"},{"floor":23,"key":"REST"},{"floor":25,"key":"REST"},{"data":"Sunder","floor":29,"key":"SMITH"},{"floor":32,"key":"REST"}],"neow_cost":"NONE","seed_source_timestamp":259889609424966,"circlet_count":0,"master_deck":["Zap+1","Dualcast","Conserve Battery","Beam Cell","Steam","Steam","Lockon","Go for the Eyes","Turbo","Redo","Scrape+1","Streamline+1","Streamline+1","Sunder+1","Doom and Gloom","Turbo","Core Surge","Reprogram","Leap","Bite","Bite","Bite","Bite","Bite","Steam","Ball Lightning"],"relics":["Pandora\u0027s Box","Bottled Flame","Odd Mushroom","Question Card","Pantograph","Busted Crown","Bag of Marbles","Nunchaku","MutagenicStrength"],"potions_floor_usage":[13,13,13,24,33,33,33],"damage_taken":[{"damage":0,"enemies":"2 Louse","floor":1,"turns":4},{"damage":0,"enemies":"Cultist","floor":4,"turns":3},{"damage":0,"enemies":"Jaw Worm","floor":5,"turns":2},{"damage":2,"enemies":"Looter","floor":7,"turns":3},{"damage":6,"enemies":"The Mushroom Lair","floor":11,"turns":3},{"damage":11,"enemies":"3 Sentries","floor":13,"turns":4},{"damage":30,"enemies":"Slime Boss","floor":16,"turns":7},{"damage":22,"enemies":"2 Thieves","floor":18,"turns":3},{"damage":19,"enemies":"Shell Parasite","floor":19,"turns":4},{"damage":36,"enemies":"Gremlin Leader","floor":24,"turns":5},{"damage":12,"enemies":"Snake Plant","floor":30,"turns":2},{"damage":16,"enemies":"Centurion and Healer","floor":31,"turns":3},{"damage":79,"enemies":"Champ","floor":33,"turns":6}],"seed_played":"2451344914648832234","potions_obtained":[{"floor":1,"key":"EntropicBrew"},{"floor":7,"key":"Swift Potion"},{"floor":16,"key":"FocusPotion"},{"floor":19,"key":"LiquidBronze"},{"floor":30,"key":"Regen Potion"},{"floor":31,"key":"SteroidPotion"}],"is_trial":false,"path_per_floor":["M","?","?","M","M","R","M","R","T","R","?","?","E","$","R","B",null,"M","M","?","$","?","R","E","R","T","?","?","R","M","M","R"],"character_chosen":"DEFECT","items_purchased":["Doom and Gloom","Turbo"],"campfire_rested":4,"item_purchase_floors":[14,14],"current_hp_per_floor":[68,68,61,61,61,61,59,59,59,59,53,20,9,9,31,26,63,41,22,22,22,8,32,6,30,30,30,30,30,22,10,26,0],"gold":231,"neow_bonus":"BOSS_RELIC","is_prod":false,"is_daily":false,"chose_seed":false,"campfire_upgraded":4,"win_rate":0,"timestamp":1535513416,"path_taken":["M","?","?","?","M","R","M","R","T","R","?","?","E","$","R","BOSS","M","M","?","$","?","R","E","R","T","?","?","R","M","?","R","BOSS"],"build_version":"2018-08-23v2","purchased_purges":1,"victory":false,"max_hp_per_floor":[75,75,75,75,75,75,75,75,75,75,75,75,75,75,75,75,75,75,75,75,75,80,80,80,80,80,56,56,56,56,56,56,56],"card_choices":[{"not_picked":["Leap","Turbo"],"picked":"Redo","floor":1},{"not_picked":["Leap","Compile Driver"],"picked":"Scrape","floor":4},{"not_picked":["White Noise","Conserve Battery"],"picked":"Streamline","floor":5},{"not_picked":["Turbo","Compile Driver"],"picked":"Streamline","floor":7},{"not_picked":["Fission","Thunder Strike","Fusion"],"picked":"Sunder","floor":13},{"not_picked":["Amplify","Buffer","Hyperbeam"],"picked":"Core Surge","floor":16},{"not_picked":["Compile Driver"],"picked":"Reprogram","floor":18},{"not_picked":["Turbo","Leap"],"picked":"SKIP","floor":19},{"not_picked":["Streamline"],"picked":"Leap","floor":24},{"not_picked":["Doom and Gloom"],"picked":"Steam","floor":30},{"not_picked":["Steam"],"picked":"Ball Lightning","floor":31}],"player_experience":1599682,"relics_obtained":[{"floor":9,"key":"Bottled Flame"},{"floor":11,"key":"Odd Mushroom"},{"floor":13,"key":"Pantograph"},{"floor":24,"key":"Bag of Marbles"},{"floor":26,"key":"Nunchaku"}],"event_choices":[{"event_name":"Accursed Blacksmith","player_choice":"Forge","floor":2,"damage_taken":0},{"event_name":"Wheel of Change","player_choice":"Damage","floor":3,"damage_taken":0},{"event_name":"Mushrooms","player_choice":"Fought Mushrooms","floor":11,"damage_taken":0},{"event_name":"Scrap Ooze","player_choice":"success","floor":12,"damage_taken":33},{"event_name":"Back to Basics","player_choice":"Elegance","floor":20,"damage_taken":0},{"event_name":"Forgotten Altar","player_choice":"Shed Blood","floor":22,"damage_taken":0},{"event_name":"Vampires","player_choice":"Became a vampire","floor":27,"damage_taken":0},{"event_name":"Drug Dealer","player_choice":"Inject Mutagens","floor":28,"damage_taken":0}],"is_beta":false,"boss_relics":[{"not_picked":["Black Star","Lizard Tail"],"picked":"Busted Crown"}],"items_purged_floors":[14],"is_endless":false,"potions_floor_spawned":[1,7,16,19,30,31],"killed_by":"Champ","ascension_level":6}