{"gold_per_floor":[118,17,35,45,45,70,70,97,97,117,143,143,155,184,184,261,261,272,272,289,301,314,345,357,397,436,448,479,106,133,133,133,207,207,224,237,512,523,151,151,176,101,124,124,124,142,168,188,188,188],"floor_reached":50,"playtime":5584,"items_purged":["Writhe","Strike_B","Regret"],"score":1104,"play_id":"8ffd2675-3498-4765-be4a-b2395237b5f2","local_time":"20190223193727","is_ascension_mode":true,"campfire_choices":[{"data":"Static Discharge","floor":7.0,"key":"SMITH"},{"floor":12.0,"key":"REST"},{"data":"Beam Cell","floor":15.0,"key":"SMITH"},{"floor":24.0,"key":"REST"},{"data":"Dualcast","floor":27.0,"key":"SMITH"},{"data":"Go for the Eyes","floor":32.0,"key":"SMITH"},{"data":"Static Discharge","floor":40,"key":"SMITH"},{"data":"Lockon","floor":44,"key":"SMITH"},{"data":"Heatsinks","floor":49,"key":"SMITH"}],"neow_cost":"CURSE","seed_source_timestamp":0,"circlet_count":0,"master_deck":["AscendersBane","Strike_B","Strike_B","Defend_B","Defend_B","Defend_B","Zap","Dualcast+1","Doom and Gloom","Auto Shields+1","Gash+1","Sweeping Beam+1","Beam Cell+1","Static Discharge+1","Chill","Scrape+1","Compile Driver","Biased Cognition","Loop","Machine Learning","Heatsinks+1","Go for the Eyes+1","Defragment","BootSequence","Gash","Storm","Conserve Battery+1","Heatsinks","Hologram+1","All For One","Defragment","Coolheaded+1","Gash+1","Static Discharge+1","Chill+1","Steam+1","Lockon+1","Force Field+1","Steam Power+1","Regret","Gash+1","Turbo+1","Storm"],"special_seed":0,"relics":["Cracked Core","Strawberry","Bird Faced Urn","Bottled Flame","Whetstone","DataDisk","Sozu","MawBank","Centennial Puzzle","Bag of Marbles","Toxic Egg 2","Pear","Cursed Key","Dodecahedron","Prayer Wheel"],"potions_floor_usage":[],"damage_taken":[{"damage":0.0,"enemies":"Small Slimes","floor":1.0,"turns":4.0},{"damage":1.0,"enemies":"Jaw Worm","floor":3.0,"turns":3.0},{"damage":1.0,"enemies":"Cultist","floor":4.0,"turns":3.0},{"damage":15.0,"enemies":"3 Sentries","floor":6.0,"turns":6.0},{"damage":18.0,"enemies":"Gremlin Nob","floor":8.0,"turns":4.0},{"damage":0.0,"enemies":"2 Fungi Beasts","floor":10.0,"turns":3.0},{"damage":5.0,"enemies":"Gremlin Gang","floor":13.0,"turns":3.0},{"damage":0.0,"enemies":"3 Sentries","floor":14.0,"turns":6.0},{"damage":12.0,"enemies":"Slime Boss","floor":16.0,"turns":6.0},{"damage":3.0,"enemies":"2 Thieves","floor":18.0,"turns":4.0},{"damage":7.0,"enemies":"Chosen","floor":20.0,"turns":2.0},{"damage":20.0,"enemies":"Snake Plant","floor":21.0,"turns":5.0},{"damage":18.0,"enemies":"Centurion and Healer","floor":22.0,"turns":5.0},{"damage":38.0,"enemies":"Slavers","floor":23.0,"turns":6.0},{"damage":7.0,"enemies":"Gremlin Leader","floor":25.0,"turns":6.0},{"damage":3.0,"enemies":"3 Cultists","floor":28.0,"turns":6.0},{"damage":14.0,"enemies":"Book of Stabbing","floor":30.0,"turns":3.0},{"damage":22,"enemies":"Automaton","floor":33,"turns":8},{"damage":5,"enemies":"3 Darklings","floor":35,"turns":4},{"damage":10,"enemies":"Orb Walker","floor":36,"turns":3},{"damage":1,"enemies":"Sphere and 2 Shapes","floor":38,"turns":5},{"damage":40,"enemies":"Nemesis","floor":41,"turns":7},{"damage":8,"enemies":"Jaw Worm Horde","floor":46,"turns":4},{"damage":30,"enemies":"Reptomancer","floor":47,"turns":6},{"damage":2,"enemies":"3 Darklings","floor":48,"turns":6},{"damage":98,"enemies":"Awakened One","floor":50,"turns":8}],"seed_played":"-5862922755911645655","potions_obtained":[{"floor":3.0,"key":"Swift Potion"},{"floor":4.0,"key":"GamblersBrew"},{"floor":10.0,"key":"Energy Potion"},{"floor":14.0,"key":"AttackPotion"}],"is_trial":false,"path_per_floor":["M","$","M","M","?","E","R","E","T","M","T","R","M","E","R","B",null,"M","?","M","M","M","E","R","E","T","R","M","$","E","?","R","B",null,"M","M","?","M","$","R","E","$","T","R","?","M","E","M","R","B"],"character_chosen":"DEFECT","items_purchased":["Sweeping Beam","Toxic Egg 2","Conserve Battery+1","Static Discharge","Chill+1","Steam+1","Lockon","Steam Power+1"],"campfire_rested":2,"item_purchase_floors":[2,29,29,39,39,39,39,42],"current_hp_per_floor":[64,64,63,62,48,40,40,22,22,22,22,45,42,46,46,40,69,72,72,71,61,55,25,48,53,53,53,64,64,74,74,74,68,83,88,80,80,88,88,88,56,56,56,56,56,58,46,58,58,0],"gold":188,"neow_bonus":"TRANSFORM_TWO_CARDS","is_prod":false,"is_daily":false,"chose_seed":false,"campfire_upgraded":7,"win_rate":0,"timestamp":1550968647,"path_taken":["M","$","M","M","?","E","R","E","T","M","?","R","M","E","R","BOSS","M","?","M","M","M","E","R","E","T","R","M","$","E","?","R","BOSS","M","M","?","?","$","R","E","$","T","R","?","M","E","?","R","BOSS"],"build_version":"2019-01-23","purchased_purges":3,"victory":false,"max_hp_per_floor":[71,71,71,71,71,78,78,78,78,78,78,78,78,78,78,78,78,78,78,78,78,78,78,78,78,78,78,78,78,88,88,88,88,88,88,88,88,88,88,88,88,88,88,88,88,88,88,88,88,88],"card_choices":[{"not_picked":["Hologram","Force Field"],"picked":"Gash","floor":1.0},{"not_picked":["Hello World","Self Repair"],"picked":"Beam Cell","floor":3.0},{"not_picked":["Scrape","Defragment"],"picked":"Static Discharge","floor":4.0},{"not_picked":["Reprogram","Leap"],"picked":"Chill","floor":6.0},{"not_picked":["Turbo","Beam Cell"],"picked":"Scrape","floor":8.0},{"not_picked":["Doom and Gloom","Coolheaded"],"picked":"Compile Driver","floor":10.0},{"not_picked":["Gash","Go for the Eyes"],"picked":"Biased Cognition","floor":13.0},{"not_picked":["Turbo","Stack"],"picked":"Loop","floor":14.0},{"not_picked":["Amplify","Meteor Strike"],"picked":"Machine Learning","floor":16.0},{"not_picked":["Coolheaded","Rebound+1"],"picked":"Heatsinks","floor":18.0},{"not_picked":["Melter","Meteor Strike"],"picked":"Go for the Eyes","floor":20.0},{"not_picked":["Sweeping Beam","Barrage"],"picked":"Defragment","floor":21.0},{"not_picked":["Redo","Rebound"],"picked":"BootSequence","floor":22.0},{"not_picked":["Lockon","Turbo"],"picked":"Gash","floor":23.0},{"not_picked":["Rainbow","Cold Snap"],"picked":"Storm","floor":25.0},{"not_picked":["Steam","Redo","Storm"],"picked":"SKIP","floor":28.0},{"not_picked":["Auto Shields+1","Hello World"],"picked":"Heatsinks","floor":30.0},{"not_picked":["Machine Learning","Biased Cognition"],"picked":"All For One","floor":33},{"not_picked":["Barrage+1","Beam Cell"],"picked":"Defragment","floor":35},{"not_picked":["Go for the Eyes","Barrage+1"],"picked":"Coolheaded+1","floor":36},{"not_picked":["Ball Lightning","Cold Snap"],"picked":"Gash+1","floor":38},{"not_picked":["Leap+1","Meteor Strike"],"picked":"Force Field+1","floor":41},{"not_picked":["Sweeping Beam+1","Coolheaded+1"],"picked":"Turbo+1","floor":46},{"not_picked":["Ball Lightning+1","Compile Driver"],"picked":"Storm","floor":47},{"not_picked":["Consume+1","Steam+1","Cold Snap"],"picked":"SKIP","floor":48},{"not_picked":["Doom and Gloom","Chaos+1","Static Discharge"],"picked":"SKIP","floor":48}],"player_experience":2308177,"relics_obtained":[{"floor":6.0,"key":"Strawberry"},{"floor":8.0,"key":"Bird Faced Urn"},{"floor":9.0,"key":"Bottled Flame"},{"floor":11.0,"key":"Whetstone"},{"floor":14.0,"key":"DataDisk"},{"floor":23.0,"key":"MawBank"},{"floor":25.0,"key":"Centennial Puzzle"},{"floor":26.0,"key":"Bag of Marbles"},{"floor":30.0,"key":"Pear"},{"floor":41,"key":"Dodecahedron"},{"floor":47,"key":"Prayer Wheel"}],"event_choices":[{"damage_healed":0.0,"max_hp_gain":0.0,"max_hp_loss":0.0,"gold_gain":0.0,"event_name":"Shining Light","player_choice":"Entered Light","floor":5.0,"gold_loss":0.0,"damage_taken":14.0,"cards_upgraded":["Auto Shields","Gash"]},{"damage_healed":0.0,"max_hp_gain":0.0,"max_hp_loss":0.0,"gold_gain":0.0,"event_name":"Ghosts","player_choice":"Ignored","floor":19.0,"gold_loss":0.0,"damage_taken":0.0},{"damage_healed":0.0,"max_hp_gain":0.0,"max_hp_loss":0.0,"gold_gain":0.0,"event_name":"The Library","player_choice":"Read","floor":31.0,"gold_loss":0.0,"damage_taken":0.0,"cards_obtained":["Hologram"]},{"damage_healed":0,"gold_gain":275,"player_choice":"Desecrate","damage_taken":0,"max_hp_gain":0,"max_hp_loss":0,"event_name":"Golden Shrine","floor":37,"gold_loss":0,"cards_obtained":["Regret"]},{"damage_healed":0,"gold_gain":0,"player_choice":"Copied","damage_taken":0,"max_hp_gain":0,"max_hp_loss":0,"event_name":"Duplicator","floor":45,"gold_loss":0,"cards_obtained":["Gash"]}],"is_beta":false,"boss_relics":[{"not_picked":["Lizard Tail","FrozenCore"],"picked":"Sozu"},{"not_picked":["Eternal Feather","Velvet Choker"],"picked":"Cursed Key"}],"items_purged_floors":[2,29,39],"is_endless":false,"potions_floor_spawned":[3,4,10,14,20,22,28,30,35,36,48],"killed_by":"Awakened One","ascension_level":14}