{"gold_per_floor":[14,33,33,108,128,128,146,176,176,176,192,192,211,239,239,339,339,359,8,8,8,20,20,48,67,67,166,166,193,205,218,218,317,317,332,345,3,15,15,15,42,0,0,16,16,16,16,50,50,50],"floor_reached":51,"playtime":5381,"items_purged":[],"score":851,"play_id":"1ed460d0-c3a9-44c9-abd3-6f44fce0c230","local_time":"20180706220236","is_ascension_mode":true,"campfire_choices":[{"data":"Dualcast","floor":6,"key":"SMITH"},{"floor":10,"key":"REST"},{"data":"Self Repair","floor":12,"key":"SMITH"},{"floor":15,"key":"REST"},{"floor":23,"key":"REST"},{"data":"Seek","floor":28,"key":"SMITH"},{"floor":32,"key":"REST"},{"data":"Seek","floor":40,"key":"SMITH"},{"data":"Double Energy","floor":49,"key":"SMITH"}],"neow_cost":"NO_GOLD","seed_source_timestamp":1792240482786379,"circlet_count":0,"master_deck":["Strike_B","Strike_B","Strike_B","Strike_B","Defend_B","Defend_B","Defend_B","Defend_B","Zap","Dualcast+1","Electrodynamics","Sweeping Beam","Sweeping Beam","Conserve Battery","Beam Cell","Seek+1","Self Repair+1","Ball Lightning","Melter","Creative AI","Stack+1","Enlightenment","Heatsinks","Doom and Gloom","Compile Driver","Redo","Storm+1","Clumsy","White Noise","Conserve Battery","Thunder Strike","Loop+1","Creative AI","Auto Shields","Hologram+1","Steam","Seek+1","Bandage Up","Enlightenment","Aggregate","Regret","Storm+1","Writhe","Normality","Double Energy+1"],"relics":["Cracked Core","Vajra","Mummified Hand","Darkstone Periapt","Cursed Key","Nilry\u0027s Codex","Dream Catcher","Bottled Flame","Blue Candle","Runic Pyramid","Bird Faced Urn","Calipers","Red Mask","Happy Flower","Mango","Kunai"],"potions_floor_usage":[8,16,30,33,33,44,50],"damage_taken":[{"damage":7,"enemies":"2 Louse","floor":1,"turns":2},{"damage":0,"enemies":"Small Slimes","floor":2,"turns":2},{"damage":12,"enemies":"Jaw Worm","floor":5,"turns":3},{"damage":6,"enemies":"Blue Slaver","floor":7,"turns":3},{"damage":15,"enemies":"3 Sentries","floor":8,"turns":6},{"damage":0,"enemies":"Lots of Slimes","floor":11,"turns":1},{"damage":5,"enemies":"Gremlin Gang","floor":13,"turns":2},{"damage":14,"enemies":"Lagavulin","floor":14,"turns":4},{"damage":43,"enemies":"The Guardian","floor":16,"turns":11},{"damage":0,"enemies":"Spheric Guardian","floor":18,"turns":1},{"damage":20,"enemies":"3 Byrds","floor":22,"turns":3},{"damage":11,"enemies":"Gremlin Leader","floor":24,"turns":5},{"damage":1,"enemies":"Sentry and Sphere","floor":25,"turns":3},{"damage":28,"enemies":"Slavers","floor":29,"turns":3},{"damage":12,"enemies":"Chosen and Byrds","floor":30,"turns":3},{"damage":24,"enemies":"Snake Plant","floor":31,"turns":2},{"damage":14,"enemies":"Automaton","floor":33,"turns":4},{"damage":8,"enemies":"3 Darklings","floor":35,"turns":3},{"damage":11,"enemies":"Orb Walker","floor":36,"turns":2},{"damage":13,"enemies":"Sphere and 2 Shapes","floor":38,"turns":2},{"damage":17,"enemies":"Giant Head","floor":41,"turns":7},{"damage":27,"enemies":"3 Darklings","floor":44,"turns":4},{"damage":30,"enemies":"Nemesis","floor":48,"turns":5},{"damage":52,"enemies":"Awakened One","floor":50,"turns":7}],"seed_played":"-8879248487018791968","potions_obtained":[{"floor":5,"key":"Poison Potion"},{"floor":7,"key":"LiquidBronze"},{"floor":14,"key":"FairyPotion"},{"floor":16,"key":"Regen Potion"},{"floor":24,"key":"FocusPotion"},{"floor":30,"key":"SteroidPotion"},{"floor":31,"key":"Strength Potion"},{"floor":35,"key":"SpeedPotion"},{"floor":41,"key":"SteroidPotion"}],"is_trial":false,"path_per_floor":["M","M","?","?","M","R","M","E","T","R","M","R","M","E","R","B",null,"M","$","$","?","M","R","E","M","T","?","R","E","M","M","R","B",null,"M","M","$","M","?","R","E","?","T","M","$","?","T","E","R","B"],"character_chosen":"DEFECT","items_purchased":["Enlightenment","Heatsinks","Doom and Gloom","Compile Driver","Bird Faced Urn","Steam"],"campfire_rested":4,"item_purchase_floors":[19,19,19,19,37,37],"current_hp_per_floor":[68,68,73,62,50,50,44,29,29,53,53,53,48,44,68,35,80,80,80,80,64,44,68,67,66,72,72,72,54,61,37,62,58,86,86,85,85,86,81,81,86,86,92,65,65,94,114,118,118,114],"gold":50,"neow_bonus":"THREE_RARE_CARDS","is_prod":false,"is_daily":false,"chose_seed":false,"campfire_upgraded":5,"win_rate":0,"timestamp":1530928956,"path_taken":["M","M","?","?","?","R","M","E","T","R","M","R","?","E","R","BOSS","M","?","$","?","?","R","E","M","T","?","R","E","M","M","R","BOSS","M","?","$","M","?","R","E","?","T","M","?","?","?","E","R","BOSS"],"build_version":"2018-06-21v2","purchased_purges":0,"victory":true,"max_hp_per_floor":[75,75,80,80,80,80,80,80,80,80,80,80,80,80,80,80,80,80,80,80,80,80,80,80,80,86,86,86,86,86,86,86,86,86,86,86,86,86,86,86,86,86,92,92,92,98,118,118,118,118],"card_choices":[{"not_picked":["Reboot","Thunder Strike"],"picked":"Electrodynamics","floor":0},{"not_picked":["Leap","Streamline"],"picked":"Sweeping Beam","floor":1},{"not_picked":["Coolheaded","Compile Driver"],"picked":"Sweeping Beam","floor":2},{"not_picked":["Stack","Rebound"],"picked":"Conserve Battery","floor":5},{"not_picked":["Hologram","Barrage"],"picked":"Beam Cell","floor":7},{"not_picked":["Barrage","Steam"],"picked":"Seek","floor":8},{"not_picked":["Recycle","Hologram"],"picked":"Self Repair","floor":11},{"not_picked":["Barrage","Redo"],"picked":"Ball Lightning","floor":13},{"not_picked":["Rip and Tear","Skim"],"picked":"Melter","floor":14},{"not_picked":["Reboot","Hyperbeam"],"picked":"Creative AI","floor":16},{"not_picked":["BootSequence","Leap+1"],"picked":"Stack+1","floor":18},{"not_picked":["Beam Cell","Streamline"],"picked":"Redo","floor":22},{"not_picked":["Sweeping Beam","Blizzard","Leap"],"picked":"SKIP","floor":24},{"not_picked":["Steam","Conserve Battery"],"picked":"Storm+1","floor":25},{"not_picked":["Melter","Hello World"],"picked":"White Noise","floor":29},{"not_picked":["Cold Snap+1","Gash"],"picked":"Conserve Battery","floor":30},{"not_picked":["Leap","Hologram"],"picked":"Thunder Strike","floor":31},{"not_picked":["Rebound","Ball Lightning"],"picked":"Loop+1","floor":32},{"not_picked":["Electrodynamics","All For One"],"picked":"Creative AI","floor":33},{"not_picked":["Cold Snap+1","Rebound+1"],"picked":"Auto Shields","floor":35},{"not_picked":["Gash+1","Barrage"],"picked":"Hologram+1","floor":36},{"not_picked":["Recycle+1","Hologram+1"],"picked":"Seek","floor":38},{"not_picked":["Transmutation","Sadistic Nature"],"picked":"Bandage Up","floor":39},{"not_picked":["Deep Breath","Madness"],"picked":"Enlightenment","floor":39},{"not_picked":["Rebound+1","Sunder+1"],"picked":"Aggregate","floor":41},{"not_picked":["Sweeping Beam+1","Cold Snap"],"picked":"Storm+1","floor":44},{"not_picked":["Fusion+1","Redo"],"picked":"Double Energy","floor":48}],"player_experience":1270818,"relics_obtained":[{"floor":8,"key":"Vajra"},{"floor":9,"key":"Mummified Hand"},{"floor":14,"key":"Darkstone Periapt"},{"floor":21,"key":"Nilry\u0027s Codex"},{"floor":24,"key":"Dream Catcher"},{"floor":26,"key":"Bottled Flame"},{"floor":29,"key":"Blue Candle"},{"floor":41,"key":"Calipers"},{"floor":43,"key":"Happy Flower"},{"floor":47,"key":"Mango"},{"floor":48,"key":"Kunai"}],"event_choices":[{"event_name":"Big Fish","player_choice":"Donut","floor":3,"damage_taken":0},{"event_name":"World of Goop","player_choice":"Gather Gold","floor":4,"damage_taken":0},{"event_name":"Cursed Tome","player_choice":"Obtained Book","floor":21,"damage_taken":0},{"event_name":"Nest","player_choice":"Stole From Cult","floor":27,"damage_taken":0},{"event_name":"SensoryStone","player_choice":"Memory 2","floor":39,"damage_taken":0},{"event_name":"Tomb of Lord Red Mask","player_choice":"Paid","floor":42,"damage_taken":0},{"event_name":"Winding Halls","player_choice":"Writhe","floor":46,"damage_taken":0}],"boss_relics":[{"not_picked":["Lizard Tail","Pandora\u0027s Box"],"picked":"Cursed Key"},{"not_picked":["Empty Cage","Calling Bell"],"picked":"Runic Pyramid"}],"items_purged_floors":[],"is_endless":false,"potions_floor_spawned":[5,7,14,16,24,29,30,31,35,41],"ascension_level":2}