{"gold_per_floor":[110,110,129,204,204,204,223,223,223,9,70,84,96,167,167,263,263,279,204,204,216,216,216,249,249,249,249,249,249,264,276,276,276],"floor_reached":33,"playtime":1340,"items_purged":[],"score":253,"play_id":"e5496ea3-9eee-4e34-816e-233e6d78d6dc","local_time":"20190718084817","is_ascension_mode":false,"campfire_choices":[{"data":"Dualcast","floor":6,"key":"SMITH"},{"data":"Capacitor","floor":8,"key":"SMITH"},{"floor":15,"key":"REST"},{"floor":23,"key":"REST"},{"floor":25,"key":"REST"},{"floor":27,"key":"REST"},{"data":"Zap","floor":29,"key":"SMITH"},{"floor":32,"key":"REST"}],"neow_cost":"NONE","seed_source_timestamp":202710824446506,"circlet_count":0,"master_deck":["Strike_B","Strike_B","Strike_B","Defend_B","Defend_B","Defend_B","Zap+1","Dualcast+1","Genetic Algorithm","Streamline","Capacitor+1","Melter","Conserve Battery","Static Discharge","Rebound","Electrodynamics+1","Cold Snap","Loop","Amplify","Genetic Algorithm","Gash+1","White Noise+1","Rebound+1","Darkness"],"relics":["Cracked Core","NeowsBlessing","Vajra","Letter Opener","Darkstone Periapt","Sozu","Potion Belt","Centennial Puzzle"],"potions_floor_usage":[16,30],"damage_taken":[{"damage":0,"enemies":"Jaw Worm","floor":1,"turns":1},{"damage":0,"enemies":"Cultist","floor":3,"turns":1},{"damage":0,"enemies":"2 Louse","floor":7,"turns":1},{"damage":28,"enemies":"3 Sentries","floor":11,"turns":5},{"damage":0,"enemies":"Large Slime","floor":12,"turns":4},{"damage":6,"enemies":"Exordium Wildlife","floor":13,"turns":2},{"damage":25,"enemies":"Hexaghost","floor":16,"turns":9},{"damage":31,"enemies":"2 Thieves","floor":18,"turns":3},{"damage":14,"enemies":"3 Byrds","floor":21,"turns":4},{"damage":37,"enemies":"Slavers","floor":24,"turns":4},{"damage":2,"enemies":"Centurion and Healer","floor":30,"turns":5},{"damage":17,"enemies":"Cultist and Chosen","floor":31,"turns":4},{"damage":81,"enemies":"Automaton","floor":33,"turns":8}],"seed_played":"-5470482157878919853","potions_obtained":[{"floor":1,"key":"Weak Potion"},{"floor":13,"key":"Weak Potion"}],"is_trial":false,"path_per_floor":["M","?","M","?","?","R","M","R","T","$","?","M","M","T","R","B",null,"M","?","?","M","?","R","E","R","T","R","?","R","M","M","R","B"],"character_chosen":"DEFECT","items_purchased":["Melter","Conserve Battery","Static Discharge","Rebound"],"campfire_rested":5,"item_purchase_floors":[10,10,10,10],"current_hp_per_floor":[75,75,75,64,64,64,64,64,64,64,36,36,30,30,52,27,75,44,44,44,30,55,75,38,60,60,75,75,75,73,56,75,0],"gold":276,"neow_bonus":"THREE_ENEMY_KILL","is_prod":false,"is_daily":false,"chose_seed":false,"campfire_upgraded":3,"win_rate":0.0,"timestamp":1563450497,"path_taken":["M","?","?","?","?","R","?","R","T","$","?","M","M","?","R","BOSS","M","?","?","?","?","R","E","R","T","R","?","R","?","M","R","BOSS"],"build_version":"2019-07-17","purchased_purges":0,"victory":false,"max_hp_per_floor":[75,75,75,75,75,75,75,75,75,75,75,75,75,75,75,75,75,75,75,75,75,75,75,75,75,75,75,75,75,75,75,75,75],"card_choices":[{"not_picked":["Ball Lightning","Beam Cell"],"picked":"Genetic Algorithm","floor":1},{"not_picked":["Beam Cell","Scrape"],"picked":"Streamline","floor":3},{"not_picked":["Redo","Cold Snap"],"picked":"Capacitor","floor":7},{"not_picked":["Leap","Rip and Tear"],"picked":"Electrodynamics","floor":11},{"not_picked":["FTL","Go for the Eyes"],"picked":"Cold Snap","floor":12},{"not_picked":["Ball Lightning","Redo"],"picked":"Loop","floor":13},{"not_picked":["Core Surge","Electrodynamics"],"picked":"Amplify","floor":16},{"not_picked":["Sweeping Beam","Cold Snap"],"picked":"Genetic Algorithm","floor":18},{"not_picked":["Steam+1","Go for the Eyes"],"picked":"Gash+1","floor":21},{"not_picked":["Ball Lightning","Defragment"],"picked":"White Noise+1","floor":24},{"not_picked":["Streamline","Self Repair"],"picked":"Rebound+1","floor":30},{"not_picked":["Barrage","Thunder Strike"],"picked":"Darkness","floor":31}],"player_experience":196898,"relics_obtained":[{"floor":9,"key":"Vajra"},{"floor":11,"key":"Letter Opener"},{"floor":14,"key":"Darkstone Periapt"},{"floor":24,"key":"Potion Belt"},{"floor":26,"key":"Centennial Puzzle"}],"event_choices":[{"cards_removed":["Defend_B"],"damage_healed":0,"gold_gain":0,"player_choice":"Offered Basic","damage_taken":0,"max_hp_gain":0,"max_hp_loss":0,"event_name":"Bonfire Elementals","floor":2,"gold_loss":0},{"damage_healed":0,"gold_gain":75,"player_choice":"Gather Gold","damage_taken":11,"max_hp_gain":0,"max_hp_loss":0,"event_name":"World of Goop","floor":4,"gold_loss":0},{"damage_healed":0,"gold_gain":0,"player_choice":"Ignored","damage_taken":0,"max_hp_gain":0,"max_hp_loss":0,"event_name":"Liars Game","floor":5,"gold_loss":0},{"damage_healed":0,"gold_gain":30,"player_choice":"Searched \u00272\u0027 times","damage_taken":0,"max_hp_gain":0,"max_hp_loss":0,"event_name":"Dead Adventurer","floor":11,"gold_loss":0},{"cards_removed":["Strike_B"],"damage_healed":0,"gold_gain":0,"player_choice":"Gave Gold","damage_taken":0,"max_hp_gain":0,"max_hp_loss":0,"event_name":"Beggar","floor":19,"gold_loss":75},{"damage_healed":0,"gold_gain":0,"player_choice":"Forge","damage_taken":0,"max_hp_gain":0,"max_hp_loss":0,"event_name":"Accursed Blacksmith","floor":20,"gold_loss":0,"cards_upgraded":["Electrodynamics"]},{"damage_healed":25,"gold_gain":0,"player_choice":"Heal","damage_taken":0,"max_hp_gain":0,"max_hp_loss":0,"event_name":"The Library","floor":22,"gold_loss":0},{"damage_healed":0,"gold_gain":0,"player_choice":"Ignored","damage_taken":0,"max_hp_gain":0,"max_hp_loss":0,"event_name":"NoteForYourself","floor":28,"gold_loss":0}],"is_beta":false,"boss_relics":[{"not_picked":["Calling Bell","Coffee Dripper"],"picked":"Sozu"}],"items_purged_floors":[],"is_endless":false,"potions_floor_spawned":[1,13,18,21],"killed_by":"Automaton","ascension_level":0}