{"gold_per_floor":[110,110,60,60,60,60,85,85,85,58,58,73,137,157,157,283,283,298,213,213,213,232,276,276,314,339,363,363,388,411,436,436,436],"floor_reached":33,"playtime":1755,"items_purged":[],"score":275,"play_id":"6cbda7cd-ca79-45be-8129-e241f7c9e326","local_time":"20190911193748","is_ascension_mode":false,"campfire_choices":[{"floor":6,"key":"REST"},{"data":"Deadly Poison","floor":11,"key":"SMITH"},{"data":"Backflip","floor":15,"key":"SMITH"},{"floor":24,"key":"REST"},{"data":"Die Die Die","floor":28,"key":"SMITH"},{"floor":32,"key":"REST"}],"neow_cost":"NONE","seed_source_timestamp":1277948144100,"circlet_count":0,"master_deck":["Strike_G+1","Strike_G+1","Strike_G+1","Strike_G+1","Strike_G+1","Defend_G+1","Defend_G+1","Defend_G+1","Defend_G+1","Defend_G+1","Survivor","Neutralize","Outmaneuver","Deadly Poison+1","Dash","Underhanded Strike","Backstab","Backflip+1","Corpse Explosion","Necronomicurse","Dagger Spray","Catalyst+1","Bouncing Flask","Die Die Die+1","Crippling Poison+1","Deadly Poison","Bane"],"relics":["Ring of the Snake","Nunchaku","Golden Idol","Tough Bandages","Thread and Needle","Velvet Choker","Bag of Marbles","Necronomicon","Paper Crane","Happy Flower","Regal Pillow"],"potions_floor_usage":[16],"damage_taken":[{"damage":2,"enemies":"Jaw Worm","floor":1,"turns":6},{"damage":0,"enemies":"2 Louse","floor":7,"turns":3},{"damage":1,"enemies":"Small Slimes","floor":12,"turns":4},{"damage":0,"enemies":"Exordium Wildlife","floor":14,"turns":4},{"damage":50,"enemies":"Hexaghost","floor":16,"turns":13},{"damage":4,"enemies":"3 Byrds","floor":18,"turns":5},{"damage":5,"enemies":"2 Thieves","floor":22,"turns":3},{"damage":5,"enemies":"Slavers","floor":23,"turns":2},{"damage":12,"enemies":"Gremlin Leader","floor":25,"turns":3},{"damage":7,"enemies":"Cultist and Chosen","floor":27,"turns":4},{"damage":10,"enemies":"Sentry and Sphere","floor":29,"turns":6},{"damage":6,"enemies":"Chosen and Byrds","floor":30,"turns":3},{"damage":8,"enemies":"Centurion and Healer","floor":31,"turns":4},{"damage":65,"enemies":"Automaton","floor":33,"turns":6}],"seed_played":"-2998335596918928837","potions_obtained":[{"floor":14,"key":"GhostInAJar"},{"floor":29,"key":"FearPotion"},{"floor":30,"key":"Poison Potion"},{"floor":31,"key":"LiquidBronze"}],"is_trial":false,"path_per_floor":["M","?","$","?","?","R","M","T","T","$","R","M","?","M","R","B",null,"M","?","?","?","M","E","R","E","T","M","R","M","M","M","R","B"],"character_chosen":"THE_SILENT","items_purchased":["Deadly Poison","Underhanded Strike"],"campfire_rested":3,"item_purchase_floors":[3,10],"current_hp_per_floor":[75,68,68,68,49,72,72,72,72,72,72,71,71,71,71,21,77,73,73,57,57,52,47,70,58,58,51,51,41,35,27,65,0],"gold":436,"neow_bonus":"TEN_PERCENT_HP_BONUS","is_prod":false,"is_daily":false,"chose_seed":false,"campfire_upgraded":3,"win_rate":0,"timestamp":1568223468,"path_taken":["M","?","$","?","?","R","M","?","T","$","R","M","?","M","R","BOSS","M","?","?","?","M","E","R","E","T","M","R","?","M","M","R","BOSS"],"build_version":"2019-07-17","purchased_purges":0,"victory":false,"max_hp_per_floor":[77,77,77,77,77,77,77,77,77,77,77,77,77,77,77,77,77,77,77,77,77,77,77,77,77,77,77,77,77,77,77,77,77],"card_choices":[{"not_picked":["Sucker Punch","Bane"],"picked":"Outmaneuver","floor":1},{"not_picked":["Blade Dance","Quick Slash"],"picked":"Dash","floor":7},{"not_picked":["Blade Dance","Well Laid Plans"],"picked":"Backstab","floor":12},{"not_picked":["Blur","Expertise"],"picked":"Backflip","floor":14},{"not_picked":["Adrenaline","Glass Knife"],"picked":"Corpse Explosion","floor":16},{"not_picked":["Sucker Punch","Deflect","Slice"],"picked":"SKIP","floor":18},{"not_picked":["Skewer","Predator"],"picked":"Dagger Spray","floor":22},{"not_picked":["Endless Agony","Acrobatics"],"picked":"Catalyst+1","floor":23},{"not_picked":["Bane","Riddle With Holes"],"picked":"Bouncing Flask","floor":25},{"not_picked":["Reflex+1","Blade Dance+1"],"picked":"Die Die Die","floor":27},{"not_picked":["Skewer","Poisoned Stab"],"picked":"Crippling Poison+1","floor":29},{"not_picked":["Prepared","Heel Hook"],"picked":"Deadly Poison","floor":30},{"not_picked":["PiercingWail+1","Skewer"],"picked":"Bane","floor":31}],"player_experience":16517,"relics_obtained":[{"floor":8,"key":"Tough Bandages"},{"floor":9,"key":"Thread and Needle"},{"floor":20,"key":"Necronomicon"},{"floor":23,"key":"Paper Crane"},{"floor":25,"key":"Happy Flower"},{"floor":26,"key":"Regal Pillow"}],"event_choices":[{"damage_healed":0,"gold_gain":0,"player_choice":"Success","damage_taken":7,"relics_obtained":["Nunchaku"],"max_hp_gain":0,"max_hp_loss":0,"event_name":"Scrap Ooze","floor":2,"gold_loss":0},{"damage_healed":0,"gold_gain":0,"player_choice":"Leave","damage_taken":0,"max_hp_gain":0,"max_hp_loss":0,"event_name":"The Cleric","floor":4,"gold_loss":0},{"damage_healed":0,"gold_gain":0,"player_choice":"Take Damage","damage_taken":19,"relics_obtained":["Golden Idol"],"max_hp_gain":0,"max_hp_loss":0,"event_name":"Golden Idol","floor":5,"gold_loss":0},{"damage_healed":0,"gold_gain":64,"player_choice":"Gained Gold","damage_taken":0,"max_hp_gain":0,"max_hp_loss":0,"event_name":"Golden Wing","floor":13,"gold_loss":0},{"damage_healed":0,"gold_gain":0,"player_choice":"Obtained Relic","damage_taken":0,"relics_obtained":["Bag of Marbles"],"max_hp_gain":0,"max_hp_loss":0,"event_name":"Addict","floor":19,"gold_loss":85},{"damage_healed":0,"gold_gain":0,"player_choice":"Obtained Book","damage_taken":16,"max_hp_gain":0,"max_hp_loss":0,"event_name":"Cursed Tome","floor":20,"gold_loss":0},{"damage_healed":0,"gold_gain":0,"player_choice":"Simplicity","damage_taken":0,"max_hp_gain":0,"max_hp_loss":0,"event_name":"Back to Basics","floor":21,"gold_loss":0,"cards_upgraded":["Strike_G","Strike_G","Strike_G","Strike_G","Strike_G","Defend_G","Defend_G","Defend_G","Defend_G","Defend_G"]}],"is_beta":false,"boss_relics":[{"not_picked":["Tiny House","Ectoplasm"],"picked":"Velvet Choker"}],"items_purged_floors":[],"is_endless":false,"potions_floor_spawned":[14,29,30,31],"killed_by":"Automaton","ascension_level":0}