{"gold_per_floor":[118,293,393,409,429,429,112,125,125,125,150,150,150,150,150,150],"floor_reached":16,"playtime":1123,"items_purged":["Doubt"],"score":147,"play_id":"d82479d6-f785-4904-aa9a-616cc1ee9bbd","local_time":"20180926185415","is_ascension_mode":true,"campfire_choices":[{"data":"Infernal Blade","floor":6,"key":"SMITH"},{"data":"Dual Wield","floor":10,"key":"SMITH"},{"data":"Metallicize","floor":12,"key":"SMITH"},{"data":"Flame Barrier","floor":15,"key":"SMITH"}],"neow_cost":"NONE","seed_source_timestamp":280004635094910,"circlet_count":0,"master_deck":["Strike_R","Strike_R","Strike_R","Strike_R","Strike_R","Defend_R","Defend_R","Defend_R","Defend_R","Bash+1","AscendersBane","Heavy Blade","Flame Barrier+1","Infernal Blade+1","Clash","Dual Wield+1","Battle Trance","Metallicize+1","Immolate","Second Wind"],"relics":["Burning Blood","Bottled Tornado","Pear","Happy Flower","Centennial Puzzle"],"potions_floor_usage":[11],"damage_taken":[{"damage":5,"enemies":"2 Louse","floor":1,"turns":4},{"damage":1,"enemies":"Cultist","floor":4,"turns":3},{"damage":0,"enemies":"Small Slimes","floor":5,"turns":3},{"damage":14,"enemies":"Red Slaver","floor":8,"turns":5},{"damage":24,"enemies":"Lagavulin","floor":11,"turns":5},{"damage":61,"enemies":"Hexaghost","floor":16,"turns":9}],"seed_played":"-6364667335425208427","potions_obtained":[{"floor":4,"key":"SmokeBomb"},{"floor":5,"key":"Strength Potion"}],"is_trial":false,"path_per_floor":["M","?","?","M","M","R","$","M","T","R","E","R","?","?","R"],"character_chosen":"IRONCLAD","items_purchased":["Clash","Dual Wield","Battle Trance","Metallicize"],"campfire_rested":0,"item_purchase_floors":[7,7,7,7],"current_hp_per_floor":[73,73,73,78,80,80,80,72,72,72,64,64,64,61,61,0],"gold":150,"neow_bonus":"UPGRADE_CARD","is_prod":false,"is_daily":false,"chose_seed":false,"campfire_upgraded":4,"win_rate":0,"timestamp":1538002455,"path_taken":["M","?","?","?","M","R","$","?","T","R","E","R","?","?","R","BOSS"],"build_version":"2018-08-23v2","purchased_purges":1,"victory":false,"max_hp_per_floor":[80,80,80,80,80,80,80,80,80,80,90,90,90,90,90,90],"card_choices":[{"not_picked":["Flex","Warcry"],"picked":"Heavy Blade","floor":1},{"not_picked":["Anger","Perfected Strike"],"picked":"Flame Barrier","floor":4},{"not_picked":["Twin Strike","Entrench"],"picked":"Infernal Blade","floor":5},{"not_picked":["Wild Strike","Fire Breathing"],"picked":"Immolate","floor":8},{"not_picked":["Perfected Strike","Shrug It Off"],"picked":"Second Wind","floor":11}],"player_experience":1768093,"relics_obtained":[{"floor":9,"key":"Bottled Tornado"},{"floor":11,"key":"Pear"}],"event_choices":[{"event_name":"Liars Game","player_choice":"agreed","floor":2,"damage_taken":0},{"event_name":"Golden Shrine","player_choice":"Pray","floor":3,"damage_taken":0},{"event_name":"Accursed Blacksmith","player_choice":"Rummage","floor":13,"damage_taken":0},{"event_name":"Scrap Ooze","player_choice":"success","floor":14,"damage_taken":3}],"is_beta":false,"boss_relics":[],"items_purged_floors":[7],"is_endless":false,"potions_floor_spawned":[4,5],"killed_by":"Hexaghost","ascension_level":10}