{"gold_per_floor":[210,0,18,18,36,36,66,66,66,91,106,106],"floor_reached":12,"playtime":487,"items_purged":[],"score":97,"play_id":"51d2f621-966f-4160-9d6a-3fccd1b76b02","local_time":"20191019114312","is_ascension_mode":true,"campfire_choices":[{"floor":6,"key":"RECALL"},{"floor":8,"key":"REST"}],"neow_cost":"NONE","seed_source_timestamp":41768614874177,"circlet_count":0,"master_deck":["Strike_G","Strike_G","Strike_G","Strike_G","Strike_G","Defend_G","Defend_G","Defend_G","Defend_G","Defend_G","Survivor","Neutralize","Choke","Backstab","Cloak And Dagger","Noxious Fumes","Bane","Deadly Poison","Catalyst","Backflip","Grand Finale","Infinite Blades","Catalyst"],"relics":["Ring of the Snake","Prayer Wheel","StoneCalendar"],"potions_floor_usage":[11],"damage_taken":[{"damage":0,"enemies":"Cultist","floor":1,"turns":3},{"damage":0,"enemies":"2 Louse","floor":3,"turns":2},{"damage":1,"enemies":"Jaw Worm","floor":5,"turns":3},{"damage":28,"enemies":"Gremlin Nob","floor":7,"turns":4},{"damage":40,"enemies":"3 Sentries","floor":10,"turns":9},{"damage":20,"enemies":"Gremlin Gang","floor":11,"turns":4},{"damage":21,"enemies":"Gremlin Nob","floor":12,"turns":3}],"seed_played":"-3668644277392459275","potions_obtained":[{"floor":10,"key":"Energy Potion"}],"is_trial":false,"path_per_floor":["M","$","M","$","M","R","E","R","T","E","M","E"],"character_chosen":"THE_SILENT","items_purchased":["Backstab","Cloak And Dagger","Noxious Fumes","Bane"],"campfire_rested":1,"item_purchase_floors":[2,2,2,2],"current_hp_per_floor":[70,70,70,70,69,69,41,62,62,22,2,0],"gold":106,"neow_bonus":"HUNDRED_GOLD","is_prod":false,"is_daily":false,"chose_seed":false,"campfire_upgraded":0,"win_rate":0,"timestamp":1571496192,"path_taken":["M","$","M","$","M","R","E","R","T","E","M","E"],"build_version":"2019-10-18","purchased_purges":0,"victory":false,"max_hp_per_floor":[70,70,70,70,70,70,70,70,70,70,70,70],"card_choices":[{"not_picked":["Dodge and Roll","Reflex"],"picked":"Choke","floor":1},{"not_picked":["Quick Slash","Flying Knee"],"picked":"Deadly Poison","floor":3},{"not_picked":["Storm of Steel","Quick Slash"],"picked":"Catalyst","floor":5},{"not_picked":["Concentrate","Bane"],"picked":"Backflip","floor":7},{"not_picked":["Underhanded Strike","Setup"],"picked":"Grand Finale","floor":10},{"not_picked":["Heel Hook","Distraction"],"picked":"Infinite Blades","floor":11},{"not_picked":["Deflect","Deadly Poison"],"picked":"Catalyst","floor":11}],"player_experience":458937,"relics_obtained":[{"floor":7,"key":"Prayer Wheel"},{"floor":10,"key":"StoneCalendar"}],"event_choices":[],"is_beta":true,"boss_relics":[],"items_purged_floors":[],"is_endless":false,"potions_floor_spawned":[10],"killed_by":"Gremlin Nob","ascension_level":2}