{"gold_per_floor":[210,15,35,55,73,73,100,100,125,125,159,159,178,206,206,301,301,316,316,27,27,44,44,72,72,95,107,126,126,32,58,58,155,155,171,171,171,2,15,15,15,15,15,31,31,41,41,56,56,56],"floor_reached":50,"playtime":2302,"items_purged":[],"score":628,"play_id":"e1c6f56f-3142-42a9-a0ca-986b52c36da6","local_time":"20190903092555","is_ascension_mode":true,"campfire_choices":[{"data":"Electrodynamics","floor":6,"key":"SMITH"},{"floor":8,"key":"REST"},{"data":"Sunder","floor":10,"key":"SMITH"},{"floor":15,"key":"REST"},{"floor":23,"key":"REST"},{"data":"Fusion","floor":25,"key":"SMITH"},{"data":"Echo Form","floor":29,"key":"SMITH"},{"floor":32,"key":"REST"},{"floor":40,"key":"REST"},{"floor":45,"key":"REST"},{"floor":47,"key":"REST"},{"floor":49,"key":"REST"}],"neow_cost":"NONE","seed_source_timestamp":168966758017844,"circlet_count":0,"master_deck":["Strike_B","Strike_B","Strike_B","Strike_B","Defend_B","Defend_B","Defend_B","Defend_B","Zap","Dualcast","Leap","Beam Cell","Streamline","Reprogram","Sunder+1","Go for the Eyes","Electrodynamics+1","Conserve Battery","Leap","Gash","FTL","Hyperbeam","Turbo+1","J.A.X.","Lockon","Steam","Coolheaded","Fusion+1","Glacier","Conserve Battery","Echo Form+1","Leap","Ball Lightning","Leap","Seek","Writhe","Injury","Shame","Coolheaded+1","Swift Strike","Sweeping Beam","Sweeping Beam","Aggregate+1","Coolheaded","Rainbow","Go for the Eyes","Hello World+1","Sunder"],"relics":["Cracked Core","DataDisk","Bag of Marbles","Bag of Preparation","Letter Opener","Runic Pyramid","Orichalcum","Red Mask","Potion Belt","Singing Bowl","Calling Bell","Juzu Bracelet","Pear","Gambling Chip","Anchor","Dream Catcher"],"potions_floor_usage":[7,14,27,44,44,44,48,50,50],"damage_taken":[{"damage":0,"enemies":"Cultist","floor":1,"turns":4},{"damage":0,"enemies":"2 Louse","floor":3,"turns":2},{"damage":7,"enemies":"Small Slimes","floor":4,"turns":2},{"damage":0,"enemies":"2 Fungi Beasts","floor":5,"turns":1},{"damage":28,"enemies":"Lagavulin","floor":7,"turns":5},{"damage":20,"enemies":"3 Sentries","floor":11,"turns":5},{"damage":0,"enemies":"Looter","floor":13,"turns":1},{"damage":0,"enemies":"Gremlin Nob","floor":14,"turns":2},{"damage":24,"enemies":"Hexaghost","floor":16,"turns":7},{"damage":12,"enemies":"2 Thieves","floor":18,"turns":3},{"damage":8,"enemies":"Shell Parasite","floor":22,"turns":3},{"damage":0,"enemies":"Masked Bandits","floor":24,"turns":2},{"damage":3,"enemies":"Snecko","floor":27,"turns":3},{"damage":6,"enemies":"Snake Plant","floor":28,"turns":2},{"damage":11,"enemies":"Slavers","floor":31,"turns":4},{"damage":66,"enemies":"Champ","floor":33,"turns":11},{"damage":34,"enemies":"3 Shapes","floor":35,"turns":3},{"damage":29,"enemies":"3 Darklings","floor":39,"turns":4},{"damage":36,"enemies":"Transient","floor":44,"turns":5},{"damage":18,"enemies":"Sphere and 2 Shapes","floor":46,"turns":3},{"damage":44,"enemies":"Maw","floor":48,"turns":9},{"damage":38,"enemies":"Awakened One","floor":50,"turns":4}],"seed_played":"-1995226842046967303","potions_obtained":[{"floor":3,"key":"EssenceOfSteel"},{"floor":11,"key":"Regen Potion"},{"floor":13,"key":"FairyPotion"},{"floor":14,"key":"SteroidPotion"},{"floor":22,"key":"SkillPotion"},{"floor":24,"key":"AttackPotion"},{"floor":28,"key":"Strength Potion"},{"floor":33,"key":"Swift Potion"},{"floor":35,"key":"FearPotion"},{"floor":46,"key":"PowerPotion"},{"floor":48,"key":"Explosive Potion"}],"is_trial":false,"path_per_floor":["M","$","M","M","M","R","E","R","T","R","E","?","M","E","R","B",null,"M","?","$","?","M","R","?","R","T","M","M","R","$","E","R","B",null,"M","?","?","$","M","R","?","$","T","M","R","M","R","M","R","B"],"character_chosen":"DEFECT","items_purchased":["Leap","Beam Cell","Streamline","Reprogram","Orichalcum","Lockon","Steam","Coolheaded","Leap","Ball Lightning","Anchor","Sweeping Beam"],"campfire_rested":8,"item_purchase_floors":[2,2,2,2,20,20,20,20,30,30,38,38],"current_hp_per_floor":[75,75,75,68,68,68,40,62,62,62,42,42,42,47,69,45,75,63,63,63,63,55,75,75,75,75,72,66,66,66,55,75,9,85,51,51,51,51,22,47,39,39,39,3,28,10,35,8,33,0],"gold":56,"neow_bonus":"HUNDRED_GOLD","is_prod":false,"is_daily":false,"chose_seed":false,"campfire_upgraded":4,"win_rate":0,"timestamp":1567513555,"path_taken":["M","$","?","M","M","R","E","R","T","R","E","?","?","E","R","BOSS","M","?","$","?","M","R","?","R","T","M","M","R","?","E","R","BOSS","M","?","?","$","M","R","?","$","T","M","R","M","R","M","R","BOSS"],"build_version":"2019-07-17","purchased_purges":0,"victory":false,"max_hp_per_floor":[75,75,75,75,75,75,75,75,75,75,75,75,75,75,75,75,75,75,75,75,75,75,75,75,75,75,75,75,75,75,75,75,75,85,85,85,85,85,85,85,85,85,85,85,85,85,85,85,85,85],"card_choices":[{"not_picked":["Streamline","Reprogram"],"picked":"Compile Driver","floor":1},{"not_picked":["Defragment","Lockon"],"picked":"Sunder","floor":3},{"not_picked":["Aggregate","Steam"],"picked":"Go for the Eyes","floor":4},{"not_picked":["Steam Power","Streamline"],"picked":"Electrodynamics","floor":5},{"not_picked":["Turbo","Leap"],"picked":"Conserve Battery","floor":7},{"not_picked":["Scrape","Reboot"],"picked":"Leap","floor":11},{"not_picked":["Turbo","Sweeping Beam"],"picked":"Gash","floor":13},{"not_picked":["Rebound","Hello World"],"picked":"FTL","floor":14},{"not_picked":["Creative AI","Core Surge"],"picked":"Hyperbeam","floor":16},{"not_picked":["Go for the Eyes+1","Aggregate"],"picked":"Turbo+1","floor":18},{"not_picked":["Barrage","White Noise"],"picked":"Fusion","floor":22},{"not_picked":["Turbo+1","Steam"],"picked":"Glacier","floor":24},{"not_picked":["Streamline","Rebound"],"picked":"Conserve Battery","floor":27},{"not_picked":["Rebound","Skim"],"picked":"Echo Form","floor":28},{"not_picked":["Machine Learning","Turbo+1"],"picked":"Leap","floor":31},{"not_picked":["All For One","Multi-Cast"],"picked":"Seek","floor":33},{"not_picked":["Barrage","Streamline"],"picked":"Coolheaded+1","floor":35},{"not_picked":["Chaos+1","Barrage"],"picked":"Sweeping Beam","floor":39},{"not_picked":["Storm","Rebound+1"],"picked":"Aggregate+1","floor":44},{"not_picked":["Skim","Reprogram"],"picked":"Coolheaded","floor":45},{"not_picked":["Scrape+1","Darkness"],"picked":"Rainbow","floor":46},{"not_picked":["Sweeping Beam","Loop"],"picked":"Go for the Eyes","floor":47},{"not_picked":["Skim","Redo"],"picked":"Hello World+1","floor":48},{"not_picked":["Redo+1","Streamline+1"],"picked":"Sunder","floor":49}],"player_experience":367593,"relics_obtained":[{"floor":7,"key":"DataDisk"},{"floor":9,"key":"Bag of Marbles"},{"floor":11,"key":"Bag of Preparation"},{"floor":14,"key":"Letter Opener"},{"floor":24,"key":"Red Mask"},{"floor":26,"key":"Potion Belt"},{"floor":31,"key":"Singing Bowl"},{"floor":34,"key":"Juzu Bracelet"},{"floor":34,"key":"Pear"},{"floor":34,"key":"Gambling Chip"},{"floor":43,"key":"Dream Catcher"}],"event_choices":[{"damage_healed":0,"gold_gain":0,"player_choice":"Ignored","damage_taken":0,"max_hp_gain":0,"max_hp_loss":0,"event_name":"Purifier","floor":12,"gold_loss":0},{"damage_healed":0,"gold_gain":0,"player_choice":"Obtain J.A.X.","damage_taken":0,"max_hp_gain":0,"max_hp_loss":0,"event_name":"Drug Dealer","floor":19,"gold_loss":0,"cards_obtained":["J.A.X."]},{"damage_healed":0,"gold_gain":0,"player_choice":"Ignored","damage_taken":0,"max_hp_gain":0,"max_hp_loss":0,"event_name":"Ghosts","floor":21,"gold_loss":0},{"damage_healed":0,"gold_gain":0,"player_choice":"Fought Bandits","damage_taken":0,"max_hp_gain":0,"max_hp_loss":0,"event_name":"Masked Bandits","floor":24,"gold_loss":0},{"damage_healed":0,"gold_gain":0,"player_choice":"1 cards matched","damage_taken":0,"max_hp_gain":0,"max_hp_loss":0,"event_name":"Match and Keep!","floor":36,"gold_loss":0,"cards_obtained":["Swift Strike"]},{"cards_removed":["Compile Driver"],"damage_healed":0,"gold_gain":0,"player_choice":"Removed Attack","damage_taken":0,"max_hp_gain":0,"max_hp_loss":0,"event_name":"Falling","floor":37,"gold_loss":0},{"damage_healed":0,"gold_gain":0,"player_choice":"Damaged","damage_taken":8,"max_hp_gain":0,"max_hp_loss":0,"event_name":"Wheel of Change","floor":41,"gold_loss":0}],"is_beta":false,"boss_relics":[{"not_picked":["Sozu","Empty Cage"],"picked":"Runic Pyramid"},{"not_picked":["Pandora\u0027s Box","Runic Dome"],"picked":"Calling Bell"}],"items_purged_floors":[],"is_endless":false,"potions_floor_spawned":[3,11,13,14,22,24,28,33,35,46,48],"killed_by":"Awakened One","ascension_level":3}