{"gold_per_floor":[214,229,16,27,47,76,76,102,102,102,122,122,72,72,72,170,170,181,200,115,133,147,206,481,481,481,494,91,115,115,133,133,232,232,250,266,276,25,74,74,105,124,124,124,152,104,132,132,132,132,132,132,7,36,36],"floor_reached":55,"playtime":5882,"items_purged":["Strike_R","Strike_R","Strike_R"],"score":835,"play_id":"bb2cba6f-c362-427c-8fd2-8e944ff2de22","local_time":"20190912045951","is_ascension_mode":false,"campfire_choices":[{"data":"Combust","floor":7.0,"key":"SMITH"},{"data":"Armaments","floor":10.0,"key":"SMITH"},{"floor":12.0,"key":"REST"},{"data":"Iron Wave","floor":15.0,"key":"SMITH"},{"floor":25.0,"key":"REST"},{"floor":30.0,"key":"REST"},{"data":"True Grit","floor":32.0,"key":"SMITH"},{"data":"1","floor":40,"key":"LIFT"},{"data":"2","floor":44,"key":"LIFT"},{"floor":49,"key":"RECALL"},{"data":"3","floor":52,"key":"LIFT"}],"neow_cost":"NONE","seed_source_timestamp":1135378899586877,"circlet_count":0,"master_deck":["Strike_R","Defend_R","Defend_R","Defend_R","Defend_R","Bash","Iron Wave+1","Armaments+1","Combust+1","Dark Shackles","Sword Boomerang","Thunderclap","Cleave","Feel No Pain","Rupture+1","Reckless Charge","Fiend Fire","Shrug It Off","Whirlwind+1","True Grit+1","Havoc+1","Regret","Headbutt+1","Power Through","Iron Wave+1","Limit Break","Havoc+1","Shockwave","Feel No Pain+1","Dark Embrace","Battle Trance","Disarm","Feel No Pain+1","Shrug It Off+1","True Grit+1","Ghostly Armor+1","Entrench+1"],"special_seed":0,"relics":["Burning Blood","Charon\u0027s Ashes","Oddly Smooth Stone","Happy Flower","Sozu","Mercury Hourglass","Tiny Chest","Dead Branch","Blue Candle","Fusion Hammer","Girya","Potion Belt","Anchor","Toxic Egg 2","Meat on the Bone","Bird Faced Urn"],"potions_floor_usage":[55,55],"damage_taken":[{"damage":8.0,"enemies":"Jaw Worm","floor":1.0,"turns":3.0},{"damage":0.0,"enemies":"2 Louse","floor":2.0,"turns":3.0},{"damage":3.0,"enemies":"Cultist","floor":4.0,"turns":3.0},{"damage":13.0,"enemies":"Looter","floor":5.0,"turns":4.0},{"damage":15.0,"enemies":"Lagavulin","floor":6.0,"turns":8.0},{"damage":17.0,"enemies":"3 Sentries","floor":8.0,"turns":5.0},{"damage":13.0,"enemies":"3 Louse","floor":11.0,"turns":3.0},{"damage":25.0,"enemies":"The Guardian","floor":16.0,"turns":11.0},{"damage":12.0,"enemies":"Chosen","floor":18.0,"turns":5.0},{"damage":16.0,"enemies":"3 Byrds","floor":19.0,"turns":3.0},{"damage":25.0,"enemies":"Snake Plant","floor":21.0,"turns":5.0},{"damage":28.0,"enemies":"Shelled Parasite and Fungi","floor":22.0,"turns":3.0},{"damage":17.0,"enemies":"Slavers","floor":23.0,"turns":4.0},{"damage":5.0,"enemies":"Centurion and Healer","floor":27.0,"turns":4.0},{"damage":4.0,"enemies":"Snecko","floor":31.0,"turns":4.0},{"damage":22.0,"enemies":"Collector","floor":33.0,"turns":9.0},{"damage":0.0,"enemies":"Orb Walker","floor":35.0,"turns":2.0},{"damage":2.0,"enemies":"3 Shapes","floor":36.0,"turns":3.0},{"damage":1.0,"enemies":"Transient","floor":37.0,"turns":5.0},{"damage":23,"enemies":"2 Orb Walkers","floor":39,"turns":4},{"damage":15,"enemies":"Giant Head","floor":41,"turns":7},{"damage":5,"enemies":"Jaw Worm Horde","floor":42,"turns":4},{"damage":2,"enemies":"Reptomancer","floor":45,"turns":5},{"damage":14,"enemies":"Giant Head","floor":47,"turns":6},{"damage":11,"enemies":"Time Eater","floor":50,"turns":9},{"damage":44,"enemies":"Shield and Spear","floor":54,"turns":5},{"damage":77,"enemies":"The Heart","floor":55,"turns":6}],"seed_played":"2977168724927939009","potions_obtained":[{"floor":1.0,"key":"Weak Potion"},{"floor":5.0,"key":"GamblersBrew"},{"floor":8.0,"key":"Strength Potion"},{"floor":11.0,"key":"SpeedPotion"}],"is_trial":false,"path_per_floor":["M","M","$","M","M","E","R","E","T","R","M","R","?","?","R","B",null,"M","M","?","M","M","E","?","R","T","M","$","T","R","M","R","B",null,"M","M","M","$","?","R","E","M","T","R","E","$","E","?","R","B",null,"R","$","E","B"],"character_chosen":"IRONCLAD","items_purchased":["Combust","Dark Shackles","Sword Boomerang","Blue Candle","Power Through","Dark Embrace","True Grit+1"],"campfire_rested":3,"item_purchase_floors":[3,3,3,28,28,38,46],"current_hp_per_floor":[78,80,80,80,73,64,64,53,53,53,46,70,70,70,70,51,80,74,64,64,45,23,12,12,36,36,37,37,37,61,63,63,47,80,80,80,80,80,63,63,54,55,55,55,59,59,51,51,51,58,80,80,80,54,0],"gold":36,"neow_bonus":"HUNDRED_GOLD","is_prod":false,"is_daily":false,"chose_seed":false,"campfire_upgraded":4,"win_rate":0,"timestamp":1568278791,"path_taken":["M","M","$","M","M","E","R","E","T","R","M","R","?","?","R","BOSS","M","?","?","M","M","E","?","R","T","?","$","?","R","M","R","BOSS","M","M","M","$","?","R","E","M","T","R","E","$","E","?","R","BOSS","R","$","E","BOSS"],"build_version":"2019-01-23","purchased_purges":3,"victory":false,"max_hp_per_floor":[80,80,80,80,80,80,80,80,80,80,80,80,80,80,80,80,80,80,80,80,80,80,80,80,80,80,80,80,80,80,80,80,80,80,80,80,80,80,80,80,80,80,80,80,80,80,80,80,80,80,80,80,80,80,80],"card_choices":[{"not_picked":["Sword Boomerang","Perfected Strike"],"picked":"Iron Wave","floor":1.0},{"not_picked":["Flex","Sword Boomerang"],"picked":"Armaments","floor":2.0},{"not_picked":["Wild Strike","Havoc"],"picked":"Thunderclap","floor":4.0},{"not_picked":["Fire Breathing","Anger"],"picked":"Cleave","floor":5.0},{"not_picked":["Armaments","Dual Wield"],"picked":"Feel No Pain","floor":6.0},{"not_picked":["Flex","Burning Pact"],"picked":"Rupture","floor":8.0},{"not_picked":["Armaments","Clash"],"picked":"Reckless Charge","floor":11.0},{"not_picked":["Exhume","Barricade"],"picked":"Fiend Fire","floor":16.0},{"not_picked":["Clash","Warcry"],"picked":"Shrug It Off","floor":18.0},{"not_picked":["Warcry+1","Thunderclap"],"picked":"Whirlwind+1","floor":19.0},{"not_picked":["Sword Boomerang","Thunderclap","Cleave"],"picked":"SKIP","floor":21.0},{"not_picked":["Warcry","Fire Breathing"],"picked":"True Grit","floor":22.0},{"not_picked":["Clothesline+1","Warcry"],"picked":"Havoc+1","floor":23.0},{"not_picked":["Havoc","Double Tap"],"picked":"Headbutt+1","floor":27.0},{"not_picked":["Havoc","Armaments+1"],"picked":"Iron Wave+1","floor":31.0},{"not_picked":["Double Tap","Immolate"],"picked":"Limit Break","floor":33.0},{"not_picked":["Headbutt+1","Heavy Blade"],"picked":"Havoc+1","floor":35.0},{"not_picked":["True Grit","Rampage+1"],"picked":"Shockwave","floor":36.0},{"not_picked":["Havoc","Heavy Blade"],"picked":"Feel No Pain+1","floor":37.0},{"not_picked":["Twin Strike","Dual Wield"],"picked":"Battle Trance","floor":39},{"not_picked":["Heavy Blade","Iron Wave"],"picked":"Disarm","floor":41},{"not_picked":["Wild Strike","Corruption"],"picked":"Feel No Pain+1","floor":42},{"not_picked":["Heavy Blade+1","Limit Break"],"picked":"Shrug It Off+1","floor":45},{"not_picked":["Shrug It Off+1","Clash"],"picked":"Ghostly Armor+1","floor":47},{"not_picked":["Sword Boomerang","Iron Wave"],"picked":"Entrench+1","floor":54}],"player_experience":2925372,"relics_obtained":[{"floor":6.0,"key":"Charon\u0027s Ashes"},{"floor":8.0,"key":"Oddly Smooth Stone"},{"floor":9.0,"key":"Happy Flower"},{"floor":23.0,"key":"Tiny Chest"},{"floor":26.0,"key":"Dead Branch"},{"floor":39,"key":"Girya"},{"floor":41,"key":"Potion Belt"},{"floor":43,"key":"Anchor"},{"floor":45,"key":"Toxic Egg 2"},{"floor":47,"key":"Meat on the Bone"},{"floor":54,"key":"Bird Faced Urn"}],"event_choices":[{"cards_removed":["Strike_R"],"damage_healed":0.0,"max_hp_gain":0.0,"max_hp_loss":0.0,"gold_gain":0.0,"event_name":"The Cleric","player_choice":"Card Removal","floor":13.0,"gold_loss":50.0,"damage_taken":0.0},{"damage_healed":0.0,"max_hp_gain":0.0,"max_hp_loss":0.0,"gold_gain":0.0,"event_name":"Upgrade Shrine","player_choice":"Upgraded","floor":14.0,"gold_loss":0.0,"damage_taken":0.0,"cards_upgraded":["Rupture"]},{"damage_healed":0.0,"max_hp_gain":0.0,"max_hp_loss":0.0,"gold_gain":0.0,"event_name":"Addict","player_choice":"Obtained Relic","floor":20.0,"gold_loss":85.0,"damage_taken":0.0,"relics_obtained":["Mercury Hourglass"]},{"damage_healed":0.0,"max_hp_gain":0.0,"max_hp_loss":0.0,"gold_gain":275.0,"event_name":"Golden Shrine","player_choice":"Desecrate","floor":24.0,"gold_loss":0.0,"damage_taken":0.0,"cards_obtained":["Regret"]},{"damage_healed":0,"gold_gain":0,"player_choice":"Fight","damage_taken":0,"max_hp_gain":0,"max_hp_loss":0,"event_name":"Mysterious Sphere","floor":39,"gold_loss":0},{"damage_healed":0,"gold_gain":0,"player_choice":"Ignored","damage_taken":0,"max_hp_gain":0,"max_hp_loss":0,"event_name":"SecretPortal","floor":48,"gold_loss":0}],"is_beta":false,"boss_relics":[{"not_picked":["Calling Bell","Black Blood"],"picked":"Sozu"},{"not_picked":["White Beast Statue","Eternal Feather"],"picked":"Fusion Hammer"}],"items_purged_floors":[28,38,53],"is_endless":false,"potions_floor_spawned":[1,5,8,11,21,22,23,31,33,35,37,39,45],"killed_by":"The Heart","ascension_level":0}