{"gold_per_floor":[110,185,195,26,26,26,26,38,64,77,87,87,57,68,68,168,168,181,199,474,17,30,30,30,30,30,30,40,56,70,90,90,192,192,202,215,229,38,38,72,72,72,72,72,86,86,115,128,128,128],"floor_reached":50,"playtime":5998,"items_purged":["Regret","Regret"],"score":792,"play_id":"9b15b9e3-c690-4ffe-a700-06ea9069b1c9","local_time":"20180825231300","is_ascension_mode":true,"campfire_choices":[{"floor":6,"key":"REST"},{"data":"Zap","floor":12,"key":"SMITH"},{"floor":15,"key":"REST"},{"floor":23,"key":"REST"},{"floor":25,"key":"REST"},{"floor":27,"key":"REST"},{"data":"Hologram","floor":32,"key":"SMITH"},{"data":"Double Energy","floor":42,"key":"SMITH"},{"data":"Echo Form","floor":44,"key":"SMITH"},{"data":"Hologram","floor":46,"key":"SMITH"},{"data":"Buffer","floor":49,"key":"SMITH"}],"neow_cost":"CURSE","seed_source_timestamp":230538271751090,"circlet_count":0,"master_deck":["Strike_B+1","Strike_B+1","Strike_B+1","Defend_B+1","Defend_B+1","Defend_B+1","Defend_B+1","Zap+1","Dualcast","All For One","Gash","Beam Cell","Turbo","Turbo","Beam Cell","FTL","Steam","Beam Cell","Electrodynamics","Hologram+1","Hologram","Hologram+1","Stack","Echo Form+1","Hologram+1","Double Energy+1","Blind","Hologram","Tempest","Go for the Eyes+1","Reprogram","Seek+1","Stack+1","Skim","Gash","Steam Power","All For One","Reprogram+1","Go for the Eyes","Static Discharge+1","Skim+1","Buffer+1"],"relics":["Cracked Core","Mercury Hourglass","Dream Catcher","Orrery","Shuriken","Thread and Needle","Eternal Feather","ClockworkSouvenir","Pen Nib","Regal Pillow","Oddly Smooth Stone"],"potions_floor_usage":[11,18,22,30,33,33,45,50,50,50],"damage_taken":[{"damage":10,"enemies":"Jaw Worm","floor":1,"turns":3},{"damage":0,"enemies":"Cultist","floor":3,"turns":2},{"damage":5,"enemies":"Small Slimes","floor":8,"turns":2},{"damage":8,"enemies":"Blue Slaver","floor":10,"turns":2},{"damage":0,"enemies":"Large Slime","floor":11,"turns":2},{"damage":9,"enemies":"Red Slaver","floor":14,"turns":2},{"damage":0,"enemies":"Slime Boss","floor":16,"turns":4},{"damage":28,"enemies":"Chosen","floor":18,"turns":5},{"damage":13,"enemies":"3 Byrds","floor":19,"turns":3},{"damage":24,"enemies":"Centurion and Healer","floor":22,"turns":4},{"damage":7,"enemies":"Snake Plant","floor":28,"turns":4},{"damage":0,"enemies":"Chosen and Byrds","floor":29,"turns":3},{"damage":1,"enemies":"Shelled Parasite and Fungi","floor":30,"turns":3},{"damage":0,"enemies":"Cultist and Chosen","floor":31,"turns":5},{"damage":32,"enemies":"Champ","floor":33,"turns":8},{"damage":14,"enemies":"3 Shapes","floor":35,"turns":3},{"damage":0,"enemies":"3 Darklings","floor":36,"turns":4},{"damage":0,"enemies":"Flame Bruiser 2 Orb","floor":37,"turns":5},{"damage":15,"enemies":"Nemesis","floor":40,"turns":5},{"damage":19,"enemies":"Transient","floor":45,"turns":5},{"damage":12,"enemies":"2 Orb Walkers","floor":47,"turns":4},{"damage":0,"enemies":"3 Darklings","floor":48,"turns":3},{"damage":76,"enemies":"Awakened One","floor":50,"turns":7}],"seed_played":"-7603784055861317224","potions_obtained":[{"floor":10,"key":"SneckoOil"},{"floor":11,"key":"Strength Potion"},{"floor":13,"key":"EssenceOfSteel"},{"floor":13,"key":"EssenceOfSteel"},{"floor":14,"key":"Block Potion"},{"floor":22,"key":"FearPotion"},{"floor":29,"key":"AttackPotion"},{"floor":31,"key":"Energy Potion"},{"floor":36,"key":"Poison Potion"},{"floor":45,"key":"Poison Potion"},{"floor":47,"key":"Block Potion"},{"floor":48,"key":"GamblersBrew"}],"is_trial":false,"path_per_floor":["M","?","M","$","?","R","T","M","T","M","M","R","?","M","R","B",null,"M","M","?","$","M","R","?","R","T","R","M","M","M","M","R","B",null,"M","M","M","$","?","E","$","R","T","R","M","R","E","M","R"],"character_chosen":"DEFECT","items_purchased":["Beam Cell","Turbo","Shuriken","Blind","Hologram","ClockworkSouvenir"],"campfire_rested":5,"item_purchase_floors":[4,4,21,21,21,38],"current_hp_per_floor":[58,47,47,47,40,62,62,57,57,49,49,49,49,40,62,62,72,44,31,31,31,7,29,29,51,51,73,66,66,65,65,65,33,65,51,51,51,51,51,36,36,60,60,75,56,75,63,63,75,0],"gold":128,"neow_bonus":"THREE_RARE_CARDS","is_prod":false,"is_daily":false,"chose_seed":false,"campfire_upgraded":6,"win_rate":0,"timestamp":1535231580,"path_taken":["M","?","?","$","?","R","?","M","T","M","M","R","?","M","R","BOSS","M","M","?","$","?","R","?","R","T","R","?","M","M","M","R","BOSS","M","M","?","?","?","E","$","R","T","R","M","R","E","?","R","BOSS"],"build_version":"2018-08-16","purchased_purges":2,"victory":false,"max_hp_per_floor":[75,75,75,75,75,75,75,75,75,75,75,75,75,75,75,75,75,75,75,75,75,75,75,75,75,75,75,75,75,75,75,75,75,75,75,75,75,75,75,75,75,75,75,75,75,75,75,75,75,75],"card_choices":[{"not_picked":["Machine Learning","Buffer"],"picked":"All For One","floor":0},{"not_picked":["Beam Cell","Static Discharge"],"picked":"Gash","floor":1},{"not_picked":["Capacitor","Streamline","Cold Snap"],"picked":"SKIP","floor":3},{"not_picked":["Coolheaded","Sweeping Beam"],"picked":"Turbo","floor":8},{"not_picked":["Turbo","Glacier"],"picked":"Beam Cell","floor":10},{"not_picked":["Turbo","Scrape"],"picked":"FTL","floor":11},{"not_picked":["Rainbow","Aggregate"],"picked":"Steam","floor":14},{"not_picked":["Coolheaded","Leap"],"picked":"Beam Cell","floor":15},{"not_picked":["Creative AI","Echo Form"],"picked":"Electrodynamics","floor":16},{"not_picked":["Leap","Genetic Algorithm"],"picked":"Hologram","floor":17},{"not_picked":["Fusion","Steam"],"picked":"Hologram","floor":17},{"not_picked":["Streamline","Beam Cell"],"picked":"Hologram","floor":17},{"not_picked":["Conserve Battery","Cold Snap"],"picked":"Stack","floor":17},{"not_picked":["Leap","Compile Driver"],"picked":"Echo Form","floor":17},{"not_picked":["Machine Learning","Static Discharge"],"picked":"Hologram+1","floor":18},{"not_picked":["Storm","Hello World"],"picked":"Double Energy","floor":19},{"not_picked":["Redo+1","Loop+1"],"picked":"Tempest","floor":22},{"not_picked":["Doom and Gloom","White Noise"],"picked":"Go for the Eyes+1","floor":23},{"not_picked":["Cold Snap+1","Barrage"],"picked":"Reprogram","floor":25},{"not_picked":["Ball Lightning","Barrage"],"picked":"Seek","floor":27},{"not_picked":["Rebound+1","Blizzard"],"picked":"Stack+1","floor":28},{"not_picked":["Conserve Battery+1","Coolheaded"],"picked":"Skim","floor":29},{"not_picked":["Turbo","Steam"],"picked":"Gash","floor":30},{"not_picked":["Darkness","Redo"],"picked":"Steam Power","floor":31},{"not_picked":["Fission","Core Surge"],"picked":"All For One","floor":33},{"not_picked":["Darkness","Beam Cell+1"],"picked":"Reprogram+1","floor":35},{"not_picked":["Hologram","Sweeping Beam+1"],"picked":"Go for the Eyes","floor":36},{"not_picked":["Tempest","Turbo"],"picked":"Static Discharge+1","floor":37},{"not_picked":["Rebound","Compile Driver","Sweeping Beam"],"picked":"SKIP","floor":40},{"not_picked":["Defragment","Steam+1"],"picked":"Skim+1","floor":45},{"not_picked":["Recycle","Chill"],"picked":"Buffer","floor":47},{"not_picked":["Beam Cell","Tempest","Cold Snap"],"picked":"SKIP","floor":48}],"player_experience":1579518,"relics_obtained":[{"floor":7,"key":"Mercury Hourglass"},{"floor":9,"key":"Dream Catcher"},{"floor":26,"key":"Thread and Needle"},{"floor":40,"key":"Pen Nib"},{"floor":43,"key":"Regal Pillow"},{"floor":47,"key":"Oddly Smooth Stone"}],"event_choices":[{"event_name":"World of Goop","player_choice":"Gather Gold","floor":2,"damage_taken":0},{"event_name":"Golden Wing","player_choice":"Card Removal","floor":5,"damage_taken":0},{"event_name":"The Woman in Blue","player_choice":"Bought 2 Potions","floor":13,"damage_taken":0},{"event_name":"Golden Shrine","player_choice":"Desecrate","floor":20,"damage_taken":0},{"event_name":"Back to Basics","player_choice":"Simplicity","floor":24,"damage_taken":0},{"event_name":"Accursed Blacksmith","player_choice":"Forge","floor":39,"damage_taken":0}],"is_beta":false,"boss_relics":[{"not_picked":["Lizard Tail","FrozenCore"],"picked":"Orrery"},{"not_picked":["Calling Bell","Runic Dome"],"picked":"Eternal Feather"}],"items_purged_floors":[4,21],"is_endless":false,"potions_floor_spawned":[10,11,14,22,29,31,36,45,47,48],"killed_by":"Awakened One","ascension_level":6}