{"gold_per_floor":[112,128,128,147,147,147,97,136,136,136,136,14,14,27,27,151,151,165,165,178,192,118,118,118],"floor_reached":24,"playtime":2466,"items_purged":["Defend_B"],"score":233,"play_id":"4c453e34-031c-41a1-8fc1-9001034cfa10","local_time":"20180804021548","is_ascension_mode":true,"campfire_choices":[{"data":"Machine Learning","floor":6,"key":"SMITH"},{"floor":11,"key":"REST"},{"floor":13,"key":"REST"},{"data":"Streamline","floor":15,"key":"SMITH"},{"floor":23,"key":"REST"}],"neow_cost":"NONE","seed_source_timestamp":114031354026776,"circlet_count":0,"master_deck":["Strike_B","Strike_B","Defend_B","Defend_B","Defend_B","Zap","Dualcast","Machine Learning+1","Streamline+1","Turbo","Sweeping Beam","Rebound+1","Beam Cell+1","Reprogram","Seek","Fusion+1","Redo","Go for the Eyes+1","Coolheaded"],"relics":["Cracked Core","Golden Idol","Molten Egg 2","Bottled Flame","White Beast Statue"],"potions_floor_usage":[16,20,20,24,24,24],"damage_taken":[{"damage":2,"enemies":"Jaw Worm","floor":1,"turns":3},{"damage":0,"enemies":"2 Louse","floor":2,"turns":2},{"damage":1,"enemies":"Cultist","floor":4,"turns":4},{"damage":20,"enemies":"Lagavulin","floor":8,"turns":5},{"damage":0,"enemies":"Large Slime","floor":14,"turns":2},{"damage":24,"enemies":"The Guardian","floor":16,"turns":6},{"damage":28,"enemies":"2 Thieves","floor":18,"turns":3},{"damage":6,"enemies":"3 Byrds","floor":20,"turns":2},{"damage":40,"enemies":"Centurion and Healer","floor":21,"turns":5},{"damage":51,"enemies":"Gremlin Leader","floor":24,"turns":8}],"seed_played":"-4409404255175478245","potions_obtained":[{"floor":1,"key":"Swift Potion"},{"floor":14,"key":"GamblersBrew"},{"floor":18,"key":"Explosive Potion"},{"floor":20,"key":"LiquidBronze"},{"floor":21,"key":"FearPotion"}],"is_trial":false,"path_per_floor":["M","M","?","M","?","R","?","E","T","?","R","$","R","M","R","B",null,"M","?","M","M","$","R"],"character_chosen":"DEFECT","items_purchased":["Beam Cell+1","Block Potion","Coolheaded"],"campfire_rested":3,"item_purchase_floors":[12,22,22],"current_hp_per_floor":[73,73,55,54,54,54,54,34,34,34,56,56,75,75,75,51,75,47,47,41,1,1,23,0],"gold":118,"neow_bonus":"ONE_RANDOM_RARE_CARD","is_prod":false,"is_daily":false,"chose_seed":false,"campfire_upgraded":2,"win_rate":0,"timestamp":1533363348,"path_taken":["M","M","?","M","?","R","?","E","T","?","R","$","R","?","R","BOSS","M","?","M","M","$","R","E"],"build_version":"2018-07-26","purchased_purges":1,"victory":false,"max_hp_per_floor":[75,75,75,75,75,75,75,75,75,75,75,75,75,75,75,75,75,75,75,75,75,75,75,75],"card_choices":[{"not_picked":["Coolheaded","Doom and Gloom"],"picked":"Streamline","floor":1},{"not_picked":["Coolheaded","Compile Driver"],"picked":"Turbo","floor":2},{"not_picked":["Beam Cell","Darkness"],"picked":"Sweeping Beam","floor":4},{"not_picked":["Biased Cognition","Blizzard"],"picked":"Rebound","floor":8},{"not_picked":["Compile Driver+1","Undo"],"picked":"Reprogram","floor":14},{"not_picked":["Creative AI","Meteor Strike+1"],"picked":"Seek","floor":16},{"not_picked":["Barrage+1","Steam"],"picked":"Fusion+1","floor":18},{"not_picked":["Fusion","Blizzard+1"],"picked":"Redo","floor":20},{"not_picked":["Lockon+1","Stack"],"picked":"Go for the Eyes+1","floor":21}],"player_experience":1429160,"relics_obtained":[{"floor":8,"key":"Molten Egg 2"},{"floor":9,"key":"Bottled Flame"}],"event_choices":[{"event_name":"Golden Idol","player_choice":"Take Damage","floor":3,"damage_taken":0},{"event_name":"Liars Game","player_choice":"disagreed","floor":5,"damage_taken":0},{"event_name":"The Cleric","player_choice":"Card Removal","floor":7,"damage_taken":0},{"event_name":"Living Wall","player_choice":"Forget","floor":10,"damage_taken":0},{"event_name":"Ghosts","player_choice":"Ignored","floor":19,"damage_taken":0}],"is_beta":false,"boss_relics":[{"not_picked":["Tiny House","Orrery"],"picked":"White Beast Statue"}],"items_purged_floors":[12],"is_endless":false,"potions_floor_spawned":[1,14,18,20,21],"killed_by":"Gremlin Leader","ascension_level":4}