{"gold_per_floor":[111,131,143,159,46,46,46,73,73,108,39,39],"floor_reached":12,"playtime":986,"items_purged":["Defend_G"],"score":88,"play_id":"dd99e1a0-4ecb-44ea-b648-919d8167eea7","local_time":"20190924234039","is_ascension_mode":false,"campfire_choices":[{"data":"Blade Dance","floor":6,"key":"SMITH"}],"neow_cost":"NONE","seed_source_timestamp":617115571742300,"circlet_count":0,"master_deck":["Strike_G","Strike_G","Strike_G","Strike_G+1","Strike_G","Defend_G","Defend_G","Defend_G","Defend_G","Survivor","Neutralize","Sucker Punch+1","Acrobatics","Heel Hook","Blade Dance+1","Choke","Dagger Spray","Dodge and Roll","Infinite Blades"],"relics":["Ring of the Snake","NeowsBlessing","Letter Opener","Dodecahedron","Pantograph","Whetstone"],"potions_floor_usage":[],"damage_taken":[{"damage":0,"enemies":"2 Louse","floor":1,"turns":1},{"damage":0,"enemies":"Jaw Worm","floor":2,"turns":1},{"damage":0,"enemies":"Cultist","floor":3,"turns":1},{"damage":1,"enemies":"Exordium Wildlife","floor":4,"turns":6},{"damage":33,"enemies":"3 Sentries","floor":8,"turns":9},{"damage":25,"enemies":"Lagavulin","floor":10,"turns":7},{"damage":21,"enemies":"Exordium Thugs","floor":12,"turns":1}],"seed_played":"-3162891534237291134","potions_obtained":[{"floor":1,"key":"SkillPotion"},{"floor":8,"key":"Block Potion"}],"is_trial":false,"path_per_floor":["M","M","M","M","$","R","?","E","T","E","$","M"],"character_chosen":"THE_SILENT","items_purchased":["Choke","Infinite Blades"],"campfire_rested":0,"item_purchase_floors":[5,11],"current_hp_per_floor":[70,70,70,69,69,69,69,36,36,11,11,0],"gold":39,"neow_bonus":"THREE_ENEMY_KILL","is_prod":false,"is_daily":false,"chose_seed":false,"campfire_upgraded":1,"win_rate":0.0,"timestamp":1569339639,"path_taken":["M","M","M","M","$","R","?","E","T","E","$","M"],"build_version":"2019-07-17","purchased_purges":1,"victory":false,"max_hp_per_floor":[70,70,70,70,70,70,70,70,70,70,70,70],"card_choices":[{"not_picked":["Tactician","Dodge and Roll"],"picked":"Sucker Punch","floor":1},{"not_picked":["Prepared","Distraction"],"picked":"Acrobatics","floor":2},{"not_picked":["Underhanded Strike","Dodge and Roll"],"picked":"Heel Hook","floor":3},{"not_picked":["Distraction","Eviscerate"],"picked":"Blade Dance","floor":4},{"not_picked":["Phantasmal Killer","Terror"],"picked":"Dagger Spray","floor":8},{"not_picked":["Backstab","Skewer"],"picked":"Dodge and Roll","floor":10}],"player_experience":2960,"relics_obtained":[{"floor":8,"key":"Dodecahedron"},{"floor":9,"key":"Pantograph"},{"floor":10,"key":"Whetstone"}],"event_choices":[{"damage_healed":0,"gold_gain":0,"player_choice":"Searched \u00272\u0027 times","damage_taken":0,"relics_obtained":["Letter Opener"],"max_hp_gain":0,"max_hp_loss":0,"event_name":"Dead Adventurer","floor":7,"gold_loss":0}],"is_beta":false,"boss_relics":[],"items_purged_floors":[5],"is_endless":false,"potions_floor_spawned":[1,8],"killed_by":"Exordium Thugs","ascension_level":0}