{"gold_per_floor":[118,31,50,10,29,63,63,97,97,110,110,130,142,157,157,253,253,264,264,72,86,99,99,99],"floor_reached":24,"playtime":2111,"items_purged":[],"score":221,"play_id":"cabf7eaa-0a50-4009-b8b1-4e1859e09191","local_time":"20190716150443","is_ascension_mode":true,"campfire_choices":[{"floor":7,"key":"REST"},{"floor":11,"key":"REST"},{"data":"Rampage","floor":15,"key":"SMITH"},{"floor":23,"key":"REST"}],"neow_cost":"NONE","seed_source_timestamp":145336553793015,"circlet_count":0,"master_deck":["Bash","Wild Strike","Shrug It Off","Rampage+1","Iron Wave","Shrug It Off","Power Through","Flex","Evolve","Iron Wave","Anger","Dropkick","Feed","Juggernaut","Searing Blow","Burning Pact","Carnage","Evolve","Wild Strike","Seeing Red","Rampage","Pommel Strike","Perfected Strike+1","Feed","Ghostly Armor","Rage","Body Slam","Shrug It Off","Heavy Blade"],"relics":["Burning Blood","Dodecahedron","Matryoshka","Juzu Bracelet","Bottled Lightning","Pandora\u0027s Box"],"potions_floor_usage":[6,6,6,12,16,22],"damage_taken":[{"damage":2,"enemies":"Small Slimes","floor":1,"turns":4},{"damage":0,"enemies":"Cultist","floor":3,"turns":3},{"damage":3,"enemies":"2 Louse","floor":5,"turns":3},{"damage":38,"enemies":"Lagavulin","floor":6,"turns":7},{"damage":19,"enemies":"3 Sentries","floor":8,"turns":11},{"damage":7,"enemies":"Looter","floor":10,"turns":3},{"damage":1,"enemies":"Gremlin Gang","floor":12,"turns":4},{"damage":1,"enemies":"Exordium Wildlife","floor":13,"turns":4},{"damage":0,"enemies":"Looter","floor":14,"turns":2},{"damage":24,"enemies":"The Guardian","floor":16,"turns":13},{"damage":38,"enemies":"2 Thieves","floor":18,"turns":4},{"damage":23,"enemies":"Shell Parasite","floor":21,"turns":7},{"damage":15,"enemies":"Chosen and Byrds","floor":22,"turns":8},{"damage":61,"enemies":"Book of Stabbing","floor":24,"turns":7}],"seed_played":"-3393598276246114173","potions_obtained":[{"floor":4,"key":"Regen Potion"},{"floor":4,"key":"LiquidBronze"},{"floor":4,"key":"SteroidPotion"},{"floor":10,"key":"SteroidPotion"},{"floor":12,"key":"SmokeBomb"},{"floor":13,"key":"Block Potion"},{"floor":16,"key":"EssenceOfSteel"},{"floor":21,"key":"SmokeBomb"}],"is_trial":false,"path_per_floor":["M","$","M","?","M","E","R","E","T","M","R","M","M","M","R","B",null,"M","?","$","M","M","R","E"],"character_chosen":"IRONCLAD","items_purchased":["Shrug It Off","Rampage","Ghostly Armor","Rage","Body Slam"],"campfire_rested":3,"item_purchase_floors":[2,2,20,20,20],"current_hp_per_floor":[88,88,88,88,88,70,88,75,75,74,88,88,88,88,88,70,88,56,56,56,42,33,60,0],"gold":99,"neow_bonus":"TEN_PERCENT_HP_BONUS","is_prod":false,"is_daily":false,"chose_seed":false,"campfire_upgraded":1,"win_rate":0,"timestamp":1563300283,"path_taken":["M","$","M","?","M","E","R","E","T","M","R","M","M","M","R","BOSS","M","?","?","M","M","R","E"],"build_version":"2019-07-05","purchased_purges":0,"victory":false,"max_hp_per_floor":[88,88,88,88,88,88,88,88,88,88,88,88,88,88,88,88,88,88,88,88,91,91,91,91],"card_choices":[{"not_picked":["Clothesline","Battle Trance"],"picked":"Wild Strike","floor":1},{"not_picked":["Clash","Armaments"],"picked":"Iron Wave","floor":3},{"not_picked":["Flex","Armaments"],"picked":"Shrug It Off","floor":5},{"not_picked":["Thunderclap","True Grit"],"picked":"Power Through","floor":6},{"not_picked":["Pommel Strike","Twin Strike"],"picked":"Flex","floor":8},{"not_picked":["Fire Breathing","Dual Wield"],"picked":"Evolve","floor":10},{"not_picked":["Clothesline","Corruption"],"picked":"Iron Wave","floor":12},{"not_picked":["True Grit","Disarm"],"picked":"Anger","floor":13},{"not_picked":["Warcry","Corruption"],"picked":"Dropkick","floor":14},{"not_picked":["Reaper","Barricade"],"picked":"Feed","floor":16},{"not_picked":["Iron Wave","Clash"],"picked":"Perfected Strike+1","floor":18},{"not_picked":["Second Wind","Burning Pact"],"picked":"Shrug It Off","floor":21},{"not_picked":["Clothesline","Disarm"],"picked":"Heavy Blade","floor":22}],"player_experience":167318,"relics_obtained":[{"floor":6,"key":"Dodecahedron"},{"floor":8,"key":"Matryoshka"},{"floor":9,"key":"Juzu Bracelet"},{"floor":9,"key":"Bottled Lightning"}],"event_choices":[{"damage_healed":0,"gold_gain":0,"player_choice":"Bought 3 Potions","damage_taken":0,"max_hp_gain":0,"max_hp_loss":0,"event_name":"The Woman in Blue","floor":4,"gold_loss":0},{"damage_healed":0,"gold_gain":0,"player_choice":"Copied","damage_taken":0,"max_hp_gain":0,"max_hp_loss":0,"event_name":"Duplicator","floor":19,"gold_loss":0,"cards_obtained":["Feed"]}],"is_beta":false,"boss_relics":[{"not_picked":["Empty Cage","Fusion Hammer"],"picked":"Pandora\u0027s Box"}],"items_purged_floors":[],"is_endless":false,"potions_floor_spawned":[5,10,12,13,16,21],"killed_by":"Book of Stabbing","ascension_level":1}