{"gold_per_floor":[17,17,30,41,58,58,58,73,73,83,8,36,36,63,63,137,137,156,142,155,155,155,155,155],"floor_reached":24,"playtime":2114,"items_purged":[],"score":374,"play_id":"f8dc672c-d5ab-4406-a080-b7bbb5669194","local_time":"20190414155157","is_ascension_mode":true,"campfire_choices":[{"floor":6,"key":"REST"},{"data":"Defragment","floor":13,"key":"SMITH"},{"floor":15,"key":"REST"},{"floor":23,"key":"REST"}],"neow_cost":"NO_GOLD","seed_source_timestamp":123314649561293,"circlet_count":0,"master_deck":["AscendersBane","Strike_B+1","Strike_B+1","Strike_B+1","Defend_B+1","Defend_B+1","Defend_B+1","Zap","Dualcast","Auto Shields","Gash","Defragment+1","Gash","Melter","Steam","Stack+1","Rebound","Hologram+1","Ball Lightning","FTL","Conserve Battery+1","Reboot+1","Leap+1","Go for the Eyes","Gash"],"relics":["Cracked Core","Toxic Egg 2","Kunai","Oddly Smooth Stone","Lantern","Black Star","Art of War"],"potions_floor_usage":[10,10,16,16,19],"damage_taken":[{"damage":1,"enemies":"Jaw Worm","floor":1,"turns":3},{"damage":1,"enemies":"Cultist","floor":3,"turns":4},{"damage":7,"enemies":"2 Louse","floor":4,"turns":3},{"damage":11,"enemies":"Blue Slaver","floor":5,"turns":3},{"damage":0,"enemies":"Exordium Wildlife","floor":8,"turns":3},{"damage":0,"enemies":"Exordium Thugs","floor":10,"turns":4},{"damage":18,"enemies":"Gremlin Nob","floor":12,"turns":3},{"damage":8,"enemies":"3 Sentries","floor":14,"turns":5},{"damage":24,"enemies":"Hexaghost","floor":16,"turns":10},{"damage":4,"enemies":"Spheric Guardian","floor":18,"turns":3},{"damage":14,"enemies":"2 Thieves","floor":19,"turns":4},{"damage":29,"enemies":"Centurion and Healer","floor":20,"turns":7},{"damage":38,"enemies":"Slavers","floor":24,"turns":2}],"seed_played":"-191034163083625058","potions_obtained":[{"floor":4,"key":"Explosive Potion"},{"floor":5,"key":"Fire Potion"},{"floor":12,"key":"SkillPotion"},{"floor":14,"key":"SkillPotion"},{"floor":18,"key":"Block Potion"}],"is_trial":false,"path_per_floor":["M","?","M","M","M","R","T","M","T","M","$","E","R","E","R","B",null,"M","M","M","?","T","R","E"],"character_chosen":"DEFECT","items_purchased":["Hologram+1","Ball Lightning"],"campfire_rested":3,"item_purchase_floors":[11,11],"current_hp_per_floor":[63,63,62,55,44,65,65,65,65,65,65,47,47,39,60,36,62,58,44,15,15,15,36,0],"gold":155,"neow_bonus":"TRANSFORM_TWO_CARDS","is_prod":false,"is_daily":false,"chose_seed":false,"campfire_upgraded":1,"win_rate":0,"timestamp":1555271517,"path_taken":["M","?","M","M","M","R","?","M","T","?","$","E","R","E","R","BOSS","M","M","M","?","?","R","E"],"build_version":"2019-01-23","purchased_purges":0,"victory":false,"max_hp_per_floor":[71,71,71,71,71,71,71,71,71,71,71,71,71,71,71,71,71,71,71,71,71,71,71,71],"card_choices":[{"not_picked":["Compile Driver","Barrage"],"picked":"Defragment","floor":1},{"not_picked":["Redo","Hologram"],"picked":"Gash","floor":3},{"not_picked":["Aggregate","Stack"],"picked":"Melter","floor":4},{"not_picked":["Beam Cell","Leap"],"picked":"Steam","floor":5},{"not_picked":["Ball Lightning","FTL"],"picked":"Stack+1","floor":8},{"not_picked":["Aggregate+1","Cold Snap"],"picked":"Rebound","floor":10},{"not_picked":["Melter","Creative AI"],"picked":"FTL","floor":12},{"not_picked":["White Noise+1","Tempest+1"],"picked":"Conserve Battery+1","floor":14},{"not_picked":["Fission+1","Thunder Strike"],"picked":"Reboot+1","floor":16},{"not_picked":["Streamline","Melter"],"picked":"Leap+1","floor":18},{"not_picked":["Rebound","Ball Lightning"],"picked":"Go for the Eyes","floor":19},{"not_picked":["Ball Lightning","Conserve Battery+1"],"picked":"Gash","floor":20}],"player_experience":2489461,"relics_obtained":[{"floor":7,"key":"Toxic Egg 2"},{"floor":9,"key":"Kunai"},{"floor":12,"key":"Oddly Smooth Stone"},{"floor":14,"key":"Lantern"},{"floor":22,"key":"Art of War"}],"event_choices":[{"damage_healed":0,"gold_gain":0,"player_choice":"Leave","damage_taken":0,"max_hp_gain":0,"max_hp_loss":0,"event_name":"The Cleric","floor":2,"gold_loss":0},{"damage_healed":0,"gold_gain":0,"player_choice":"Simplicity","damage_taken":0,"max_hp_gain":0,"max_hp_loss":0,"event_name":"Back to Basics","floor":21,"gold_loss":0,"cards_upgraded":["Strike_B","Strike_B","Strike_B","Defend_B","Defend_B","Defend_B"]}],"is_beta":false,"boss_relics":[{"not_picked":["FrozenCore","Inserter"],"picked":"Black Star"}],"items_purged_floors":[],"is_endless":false,"potions_floor_spawned":[4,5,12,14,18],"killed_by":"Slavers","ascension_level":16}