{"gold_per_floor":[119,194,194,159,159,202,226,226,226,226,250,289,304,328,328,328],"floor_reached":16,"playtime":999,"items_purged":[],"score":263,"play_id":"2aa56300-3880-4691-8218-4256b96931d0","local_time":"20190719002206","is_ascension_mode":true,"campfire_choices":[{"data":"Beam Cell","floor":8,"key":"SMITH"},{"data":"Zap","floor":10,"key":"SMITH"},{"data":"Streamline","floor":15,"key":"SMITH"}],"neow_cost":"NONE","seed_source_timestamp":302817128406358,"circlet_count":0,"master_deck":["AscendersBane","Strike_B+1","Strike_B","Strike_B","Defend_B","Defend_B","Defend_B","Defend_B","Zap+1","Dualcast","Ball Lightning+1","Multi-Cast","Beam Cell+1","FTL","Cold Snap","Streamline+1"],"relics":["Cracked Core","NeowsBlessing","Golden Idol","Meat on the Bone","Whetstone","Lantern"],"potions_floor_usage":[16,16],"damage_taken":[{"damage":0,"enemies":"Small Slimes","floor":1,"turns":1},{"damage":0,"enemies":"Gremlin Nob","floor":6,"turns":1},{"damage":0,"enemies":"Jaw Worm","floor":7,"turns":1},{"damage":8,"enemies":"2 Louse","floor":11,"turns":2},{"damage":35,"enemies":"3 Sentries","floor":12,"turns":8},{"damage":2,"enemies":"Large Slime","floor":13,"turns":3},{"damage":7,"enemies":"Exordium Wildlife","floor":14,"turns":2},{"damage":36,"enemies":"Hexaghost","floor":16,"turns":8}],"seed_played":"-2648259871916337368","potions_obtained":[{"floor":1,"key":"Strength Potion"},{"floor":12,"key":"Swift Potion"},{"floor":13,"key":"SkillPotion"},{"floor":14,"key":"EssenceOfSteel"}],"is_trial":false,"path_per_floor":["M","?","?","?","?","E","M","R","T","R","M","E","M","M","R","B"],"character_chosen":"DEFECT","items_purchased":[],"campfire_rested":0,"item_purchase_floors":[],"current_hp_per_floor":[64,53,29,46,39,39,39,39,39,39,43,20,30,35,35,0],"gold":328,"neow_bonus":"THREE_ENEMY_KILL","is_prod":false,"is_daily":false,"chose_seed":false,"campfire_upgraded":3,"win_rate":0,"timestamp":1563510126,"path_taken":["M","?","?","?","?","E","M","R","T","R","?","E","M","M","R","BOSS"],"build_version":"2019-01-23","purchased_purges":0,"victory":false,"max_hp_per_floor":[71,71,71,71,71,71,71,71,71,71,71,71,71,71,71,71],"card_choices":[{"not_picked":["Turbo","Rebound"],"picked":"Ball Lightning","floor":1},{"not_picked":["Storm","Streamline"],"picked":"Multi-Cast","floor":6},{"not_picked":["Stack","Gash"],"picked":"Beam Cell","floor":7},{"not_picked":["Cold Snap","Fusion"],"picked":"FTL","floor":11},{"not_picked":["Barrage","Consume","Blizzard"],"picked":"SKIP","floor":12},{"not_picked":["Coolheaded","Redo"],"picked":"Cold Snap","floor":13},{"not_picked":["Barrage","Stack"],"picked":"Streamline","floor":14}],"player_experience":2696087,"relics_obtained":[{"floor":6,"key":"Meat on the Bone"},{"floor":9,"key":"Whetstone"},{"floor":12,"key":"Lantern"}],"event_choices":[{"damage_healed":0,"gold_gain":75,"player_choice":"Gather Gold","damage_taken":11,"max_hp_gain":0,"max_hp_loss":0,"event_name":"World of Goop","floor":2,"gold_loss":0},{"damage_healed":0,"gold_gain":0,"player_choice":"Take Damage","damage_taken":24,"relics_obtained":["Golden Idol"],"max_hp_gain":0,"max_hp_loss":0,"event_name":"Golden Idol","floor":3,"gold_loss":0},{"damage_healed":17,"gold_gain":0,"player_choice":"Healed","damage_taken":0,"max_hp_gain":0,"max_hp_loss":0,"event_name":"The Cleric","floor":4,"gold_loss":35},{"cards_removed":["Strike_B"],"damage_healed":0,"gold_gain":0,"player_choice":"Card Removal","damage_taken":7,"max_hp_gain":0,"max_hp_loss":0,"event_name":"Golden Wing","floor":5,"gold_loss":0}],"is_beta":false,"boss_relics":[],"items_purged_floors":[],"is_endless":false,"potions_floor_spawned":[1,12,13,14],"killed_by":"Hexaghost","ascension_level":19}