{"gold_per_floor":[113,113,123,48,66,66,30,30,30,30,40,59,72,87,87,187,187,200,200,219,70,90,90,90],"floor_reached":24,"playtime":1970,"items_purged":["Strike_B"],"score":228,"play_id":"0e917d09-0867-49a5-83be-b358ca974c9c","local_time":"20180807200220","is_ascension_mode":true,"campfire_choices":[{"floor":6,"key":"REST"},{"floor":8,"key":"REST"},{"floor":15,"key":"REST"},{"floor":23,"key":"REST"}],"neow_cost":"FIFTY_PERCENT_DAMAGE","seed_source_timestamp":187030527704091,"circlet_count":0,"master_deck":["Strike_B","Defend_B","Defend_B","Defend_B","Zap","Dualcast","Scrape","Defragment","FTL","Ball Lightning","Creative AI","Fusion","Go for the Eyes","Reboot","Double Energy","Turbo","Thunder Strike","Fusion","Redo+1","Steam","Beam Cell","BootSequence","Sweeping Beam"],"relics":["Cracked Core","Question Card","Girya","Nuclear Battery"],"potions_floor_usage":[12,16,20,22,22],"damage_taken":[{"damage":8,"enemies":"Small Slimes","floor":1,"turns":3},{"damage":2,"enemies":"Jaw Worm","floor":3,"turns":3},{"damage":0,"enemies":"Cultist","floor":5,"turns":2},{"damage":0,"enemies":"Gremlin Gang","floor":11,"turns":5},{"damage":13,"enemies":"Lots of Slimes","floor":12,"turns":2},{"damage":9,"enemies":"2 Fungi Beasts","floor":13,"turns":2},{"damage":4,"enemies":"Exordium Thugs","floor":14,"turns":4},{"damage":24,"enemies":"Hexaghost","floor":16,"turns":7},{"damage":36,"enemies":"3 Byrds","floor":18,"turns":5},{"damage":8,"enemies":"Chosen","floor":20,"turns":2},{"damage":28,"enemies":"Snecko","floor":22,"turns":5},{"damage":33,"enemies":"Slavers","floor":24,"turns":2}],"seed_played":"-3003388335630361543","potions_obtained":[{"floor":1,"key":"LiquidBronze"},{"floor":5,"key":"FearPotion"},{"floor":13,"key":"Weak Potion"},{"floor":18,"key":"Poison Potion"},{"floor":20,"key":"EssenceOfSteel"}],"is_trial":false,"path_per_floor":["M","?","M","$","M","R","$","R","T","?","M","M","M","M","R","B",null,"M","?","M","$","M","R"],"character_chosen":"DEFECT","items_purchased":["Fusion","Steam","Beam Cell","BootSequence"],"campfire_rested":4,"item_purchase_floors":[7,21,21,21],"current_hp_per_floor":[30,23,21,21,21,43,43,65,65,65,65,52,43,39,61,37,75,39,39,31,31,3,25,0],"gold":90,"neow_bonus":"TRANSFORM_TWO_CARDS","is_prod":false,"is_daily":false,"chose_seed":false,"campfire_upgraded":0,"win_rate":0,"timestamp":1533686540,"path_taken":["M","?","?","$","M","R","?","R","T","?","?","M","M","M","R","BOSS","M","?","M","$","M","R","E"],"build_version":"2018-08-02","purchased_purges":1,"victory":false,"max_hp_per_floor":[75,75,75,75,75,75,75,75,75,75,75,75,75,75,75,75,75,75,75,75,75,75,75,75],"card_choices":[{"not_picked":["Compile Driver","Leap"],"picked":"FTL","floor":1},{"not_picked":["Coolheaded","Rebound"],"picked":"Ball Lightning","floor":3},{"not_picked":["Redo","Conserve Battery"],"picked":"Creative AI","floor":5},{"not_picked":["Sweeping Beam","Ball Lightning","Chill"],"picked":"Go for the Eyes","floor":11},{"not_picked":["Undo","Blizzard","Beam Cell"],"picked":"Reboot","floor":12},{"not_picked":["Recycle","Ball Lightning","Redo"],"picked":"Double Energy","floor":13},{"not_picked":["Steam","Beam Cell","Redo"],"picked":"Turbo","floor":14},{"not_picked":["Multi-Cast","Hyperbeam","Reboot"],"picked":"Thunder Strike","floor":16},{"not_picked":["Melter","Redo","Stack"],"picked":"Fusion","floor":18},{"not_picked":["Force Field","Turbo","Storm"],"picked":"Redo+1","floor":20},{"not_picked":["Skim","Barrage","Consume"],"picked":"Sweeping Beam","floor":22}],"player_experience":1477455,"relics_obtained":[{"floor":9,"key":"Question Card"}],"event_choices":[{"event_name":"Golden Wing","player_choice":"Card Removal","floor":2,"damage_taken":0},{"event_name":"Wheel of Change","player_choice":"Relic","floor":10,"damage_taken":0},{"event_name":"Cursed Tome","player_choice":"Ignored","floor":19,"damage_taken":0}],"is_beta":false,"boss_relics":[{"not_picked":["Tiny House","Sozu"],"picked":"Nuclear Battery"}],"items_purged_floors":[4],"is_endless":false,"potions_floor_spawned":[1,5,13,18,20],"killed_by":"Slavers","ascension_level":4}