{"gold_per_floor":[111,129,149,161,175,203,213,213,267,281,281,281,281,310,310,310],"floor_reached":16,"playtime":1190,"items_purged":[],"score":104,"play_id":"34933f08-e8d0-44cf-a3f2-ad2bbf8355f1","local_time":"20190909234623","is_ascension_mode":false,"campfire_choices":[{"floor":8,"key":"REST"},{"data":"Uppercut","floor":11,"key":"SMITH"},{"floor":15,"key":"REST"}],"neow_cost":"NONE","seed_source_timestamp":1104617546941604,"circlet_count":0,"master_deck":["Strike_R","Strike_R","Strike_R+1","Strike_R","Defend_R","Defend_R","Defend_R","Defend_R+1","Bash","Hemokinesis","Shockwave","Shockwave","Sword Boomerang","Headbutt","Ghostly Armor","Blood for Blood","Uppercut+1"],"relics":["Burning Blood","Potion Belt","Question Card","Tiny Chest","Odd Mushroom"],"potions_floor_usage":[3,6,14],"damage_taken":[{"damage":9,"enemies":"Jaw Worm","floor":1,"turns":4},{"damage":1,"enemies":"2 Louse","floor":2,"turns":4},{"damage":5,"enemies":"Small Slimes","floor":3,"turns":2},{"damage":14,"enemies":"3 Louse","floor":4,"turns":5},{"damage":12,"enemies":"Blue Slaver","floor":5,"turns":3},{"damage":35,"enemies":"Lagavulin","floor":6,"turns":7},{"damage":12,"enemies":"Lots of Slimes","floor":7,"turns":4},{"damage":4,"enemies":"Exordium Wildlife","floor":10,"turns":3},{"damage":6,"enemies":"The Mushroom Lair","floor":14,"turns":5},{"damage":59,"enemies":"Hexaghost","floor":16,"turns":14}],"seed_played":"9158146374249046965","potions_obtained":[{"floor":1,"key":"Explosive Potion"},{"floor":5,"key":"Poison Potion"},{"floor":10,"key":"Energy Potion"}],"is_trial":false,"path_per_floor":["M","M","M","M","M","E","M","R","T","M","R","?","?","?","R","B"],"character_chosen":"IRONCLAD","items_purchased":[],"campfire_rested":2,"item_purchase_floors":[],"current_hp_per_floor":[77,80,80,72,66,37,31,55,55,57,57,41,34,34,58,0],"gold":310,"neow_bonus":"RANDOM_COMMON_RELIC","is_prod":false,"is_daily":false,"chose_seed":false,"campfire_upgraded":1,"win_rate":0,"timestamp":1568087183,"path_taken":["M","M","M","M","M","E","M","R","T","M","R","?","?","?","R","BOSS"],"build_version":"2019-01-23","purchased_purges":0,"victory":false,"max_hp_per_floor":[80,80,80,80,80,80,80,80,80,80,80,80,80,80,80,80],"card_choices":[{"not_picked":["Rage","Twin Strike"],"picked":"Hemokinesis","floor":1},{"not_picked":["Iron Wave","Shrug It Off"],"picked":"Shockwave","floor":2},{"not_picked":["Entrench","Infernal Blade"],"picked":"Shockwave","floor":3},{"not_picked":["Wild Strike","Sentinel"],"picked":"Sword Boomerang","floor":4},{"not_picked":["Wild Strike","Infernal Blade"],"picked":"Headbutt","floor":5},{"not_picked":["Seeing Red","Pommel Strike"],"picked":"Ghostly Armor","floor":6},{"not_picked":["Intimidate","Inflame","Heavy Blade"],"picked":"Blood for Blood","floor":7},{"not_picked":["Sever Soul","Fire Breathing","Carnage"],"picked":"Uppercut","floor":10}],"player_experience":2921605,"relics_obtained":[{"floor":6,"key":"Question Card"},{"floor":9,"key":"Tiny Chest"},{"floor":14,"key":"Odd Mushroom"}],"event_choices":[{"damage_healed":0,"gold_gain":0,"player_choice":"Entered Light","damage_taken":16,"max_hp_gain":0,"max_hp_loss":0,"event_name":"Shining Light","floor":12,"gold_loss":0,"cards_upgraded":["Strike_R","Defend_R"]},{"cards_removed":["Strike_R"],"damage_healed":0,"gold_gain":0,"player_choice":"Card Removal","damage_taken":7,"max_hp_gain":0,"max_hp_loss":0,"event_name":"Golden Wing","floor":13,"gold_loss":0},{"damage_healed":0,"gold_gain":0,"player_choice":"Fought Mushrooms","damage_taken":0,"max_hp_gain":0,"max_hp_loss":0,"event_name":"Mushrooms","floor":14,"gold_loss":0}],"is_beta":false,"boss_relics":[],"items_purged_floors":[],"is_endless":false,"potions_floor_spawned":[1,5,10],"killed_by":"Hexaghost","ascension_level":0}