{"gold_per_floor":[114,127,127,127,141,141,141,141,141,141,161,161,173,36,36,136,136,146,146],"floor_reached":19,"playtime":1179,"items_purged":[],"score":243,"play_id":"6e93e447-43fa-4e9f-bd37-38dc3f0a9765","local_time":"20181030180447","is_ascension_mode":true,"campfire_choices":[{"floor":6,"key":"REST"},{"data":"Envenom","floor":8,"key":"SMITH"},{"data":"Neutralize","floor":10,"key":"SMITH"},{"data":"Cloak And Dagger","floor":12,"key":"SMITH"},{"data":"Blade Dance","floor":15,"key":"SMITH"}],"neow_cost":"NONE","seed_source_timestamp":315763257468990,"circlet_count":0,"master_deck":["Defend_G+1","Defend_G","Defend_G","Defend_G","Strike_G","Strike_G+1","Strike_G","Strike_G","Survivor","Neutralize+1","AscendersBane","Finisher","Cloak And Dagger+1","Deadly Poison","Envenom+1","Slice","Calculated Gamble","Terror","Heel Hook","Blade Dance+1","Swift Strike","Envenom","Crippling Poison+1"],"relics":["Ring of the Serpent","FossilizedHelix"],"potions_floor_usage":[2,13],"damage_taken":[{"damage":1,"enemies":"Jaw Worm","floor":1,"turns":4},{"damage":0,"enemies":"Small Slimes","floor":2,"turns":4},{"damage":0,"enemies":"Cultist","floor":5,"turns":4},{"damage":0,"enemies":"2 Fungi Beasts","floor":11,"turns":3},{"damage":6,"enemies":"Lots of Slimes","floor":13,"turns":2},{"damage":34,"enemies":"Hexaghost","floor":16,"turns":8},{"damage":20,"enemies":"3 Byrds","floor":18,"turns":5},{"damage":42,"enemies":"Masked Bandits","floor":19,"turns":3}],"seed_played":"-5433005949384051463","potions_obtained":[{"floor":1,"key":"Explosive Potion"},{"floor":11,"key":"Poison Potion"}],"is_trial":false,"path_per_floor":["M","M","?","?","M","R","?","R","T","R","M","R","M","$","R","B",null,"M"],"character_chosen":"THE_SILENT","items_purchased":["Blade Dance","Swift Strike"],"campfire_rested":1,"item_purchase_floors":[14,14],"current_hp_per_floor":[62,62,62,48,48,69,69,69,69,69,69,69,63,63,63,29,60,40,0],"gold":146,"neow_bonus":"THREE_CARDS","is_prod":false,"is_daily":false,"chose_seed":false,"campfire_upgraded":4,"win_rate":0,"timestamp":1540937087,"path_taken":["M","M","?","?","M","R","?","R","T","R","M","R","?","?","R","BOSS","M","?"],"build_version":"2018-10-25v2","purchased_purges":0,"victory":false,"max_hp_per_floor":[70,70,70,70,70,70,70,70,70,70,70,70,70,70,70,70,70,70,70],"card_choices":[{"not_picked":["Catalyst","Acrobatics"],"picked":"Finisher","floor":0},{"not_picked":["Tactician","Prepared"],"picked":"Cloak And Dagger","floor":1},{"not_picked":["Concentrate","PiercingWail"],"picked":"Deadly Poison","floor":2},{"not_picked":["Deadly Poison","Backflip"],"picked":"Slice","floor":5},{"not_picked":["Dodge and Roll","Finisher"],"picked":"Terror","floor":11},{"not_picked":["Tactician","Backflip"],"picked":"Heel Hook","floor":13},{"not_picked":["Night Terror","Adrenaline"],"picked":"Envenom","floor":16},{"not_picked":["Acrobatics","Reflex+1"],"picked":"Crippling Poison+1","floor":18}],"player_experience":1908431,"relics_obtained":[{"floor":9,"key":"FossilizedHelix"}],"event_choices":[{"damage_healed":0,"gold_gain":0,"cards_transformed":["Strike_G"],"player_choice":"Change","damage_taken":0,"max_hp_gain":0,"max_hp_loss":0,"event_name":"Living Wall","floor":3,"gold_loss":0,"cards_obtained":["Envenom"]},{"damage_healed":0,"gold_gain":0,"player_choice":"Entered Light","damage_taken":14,"max_hp_gain":0,"max_hp_loss":0,"event_name":"Shining Light","floor":4,"gold_loss":0,"cards_upgraded":["Defend_G","Strike_G"]},{"damage_healed":0,"gold_gain":0,"cards_transformed":["Defend_G"],"player_choice":"Transformed","damage_taken":0,"max_hp_gain":0,"max_hp_loss":0,"event_name":"Transmorgrifier","floor":7,"gold_loss":0,"cards_obtained":["Calculated Gamble"]},{"damage_healed":0,"gold_gain":0,"player_choice":"Fought Bandits","damage_taken":0,"max_hp_gain":0,"max_hp_loss":0,"event_name":"Masked Bandits","floor":19,"gold_loss":0}],"is_beta":false,"boss_relics":[{"not_picked":["Coffee Dripper","Black Star"],"picked":"Ring of the Serpent"}],"items_purged_floors":[],"is_endless":false,"potions_floor_spawned":[1,11],"killed_by":"Masked Bandits","ascension_level":11}