{"gold_per_floor":[112,131,141,26,45,45,45,45,45,76,95,95,95,105,105,204,204,224,65,84,95,107,107,121,132,132,182,201,201,213,213,213,213],"floor_reached":33,"playtime":2503,"items_purged":[],"score":266,"play_id":"6a22c01f-30f0-46c7-9fb9-9d22ae8b2338","local_time":"20190804125808","is_ascension_mode":true,"campfire_choices":[{"floor":6,"key":"REST"},{"data":"Zap","floor":8,"key":"SMITH"},{"floor":12,"key":"REST"},{"data":"Loop","floor":15,"key":"SMITH"},{"floor":23,"key":"REST"},{"floor":32,"key":"REST"}],"neow_cost":"NONE","seed_source_timestamp":330352580600214,"circlet_count":0,"master_deck":["Strike_B","Strike_B","Strike_B","Strike_B","Defend_B","Defend_B","Defend_B","Defend_B","Zap+1","Dualcast","Sweeping Beam","Auto Shields","Steam Power","Loop+1","Cold Snap","Rip and Tear","Seek","BootSequence","Streamline+1","Undo","Electrodynamics","Sunder","Sunder","Defragment","Aggregate","Doom and Gloom","Glacier","Leap+1","Sunder","Steam","Stack+1","Pain","Tempest"],"relics":["Cracked Core","NeowsBlessing","Matryoshka","Mango","Lizard Tail","Dream Catcher","Thread and Needle","Blood Vial","Boot","WarpedTongs"],"potions_floor_usage":[16,16,16,21,22,24,24,24,24],"damage_taken":[{"damage":0,"enemies":"2 Louse","floor":1,"turns":1},{"damage":0,"enemies":"Cultist","floor":2,"turns":1},{"damage":0,"enemies":"Small Slimes","floor":3,"turns":1},{"damage":11,"enemies":"Red Slaver","floor":5,"turns":4},{"damage":11,"enemies":"3 Sentries","floor":10,"turns":6},{"damage":2,"enemies":"Blue Slaver","floor":11,"turns":3},{"damage":8,"enemies":"Exordium Wildlife","floor":14,"turns":4},{"damage":41,"enemies":"Hexaghost","floor":16,"turns":11},{"damage":10,"enemies":"Spheric Guardian","floor":18,"turns":4},{"damage":38,"enemies":"2 Thieves","floor":20,"turns":4},{"damage":23,"enemies":"Centurion and Healer","floor":21,"turns":5},{"damage":11,"enemies":"Snake Plant","floor":22,"turns":4},{"damage":13,"enemies":"Cultist and Chosen","floor":24,"turns":7},{"damage":8,"enemies":"Centurion and Healer","floor":25,"turns":5},{"damage":9,"enemies":"Snecko","floor":28,"turns":5},{"damage":18,"enemies":"Sentry and Sphere","floor":30,"turns":8},{"damage":72,"enemies":"Automaton","floor":33,"turns":6}],"seed_played":"-8361568163380106869","potions_obtained":[{"floor":2,"key":"PowerPotion"},{"floor":5,"key":"Dexterity Potion"},{"floor":14,"key":"Dexterity Potion"},{"floor":20,"key":"PowerPotion"},{"floor":21,"key":"AttackPotion"},{"floor":22,"key":"EntropicBrew"}],"is_trial":false,"path_per_floor":["M","M","M","$","M","R","?","R","T","E","M","R","?","M","R","B",null,"M","$","M","M","M","R","M","M","T","T","M","?","M","?","R","B"],"character_chosen":"DEFECT","items_purchased":["Loop","Cold Snap","Sunder","Defragment"],"campfire_rested":4,"item_purchase_floors":[4,4,19,19],"current_hp_per_floor":[75,75,75,75,64,75,75,75,75,78,76,89,89,81,81,40,89,79,79,41,18,7,33,20,12,12,12,5,5,33,33,59,0],"gold":213,"neow_bonus":"THREE_ENEMY_KILL","is_prod":false,"is_daily":false,"chose_seed":false,"campfire_upgraded":2,"win_rate":0,"timestamp":1564934288,"path_taken":["M","M","M","$","M","R","?","R","T","E","?","R","?","M","R","BOSS","M","$","?","M","M","R","M","M","T","?","M","?","?","?","R","BOSS"],"build_version":"2019-07-17","purchased_purges":0,"victory":false,"max_hp_per_floor":[75,75,75,75,75,75,75,75,75,89,89,89,89,89,89,89,89,89,89,89,89,89,89,89,89,89,89,89,89,89,89,89,89],"card_choices":[{"not_picked":["Conserve Battery","Rebound"],"picked":"Sweeping Beam","floor":1},{"not_picked":["Ball Lightning","Go for the Eyes"],"picked":"Auto Shields","floor":2},{"not_picked":["Redo","Coolheaded"],"picked":"Steam Power","floor":3},{"not_picked":["Sweeping Beam","Lockon"],"picked":"Rip and Tear","floor":5},{"not_picked":["Barrage","Rebound"],"picked":"BootSequence","floor":10},{"not_picked":["Leap","Rip and Tear"],"picked":"Streamline","floor":11},{"not_picked":["Biased Cognition","Ball Lightning"],"picked":"Undo","floor":14},{"not_picked":["Thunder Strike","Machine Learning"],"picked":"Electrodynamics","floor":16},{"not_picked":["Blizzard","White Noise+1"],"picked":"Sunder","floor":18},{"not_picked":["Coolheaded","Steam"],"picked":"Aggregate","floor":20},{"not_picked":["Darkness","Coolheaded"],"picked":"Doom and Gloom","floor":21},{"not_picked":["Sweeping Beam","Ball Lightning"],"picked":"Glacier","floor":22},{"not_picked":["Steam Power","Go for the Eyes+1"],"picked":"Leap+1","floor":24},{"not_picked":["Genetic Algorithm","Sweeping Beam"],"picked":"Sunder","floor":25},{"not_picked":["Steam Power","Sunder+1"],"picked":"Steam","floor":28},{"not_picked":["Consume","Machine Learning"],"picked":"Stack+1","floor":30},{"not_picked":["Barrage","Sweeping Beam"],"picked":"Tempest","floor":32}],"player_experience":274398,"relics_obtained":[{"floor":9,"key":"Matryoshka"},{"floor":10,"key":"Mango"},{"floor":26,"key":"Dream Catcher"},{"floor":26,"key":"Thread and Needle"},{"floor":27,"key":"Blood Vial"},{"floor":27,"key":"Boot"}],"event_choices":[{"damage_healed":0,"gold_gain":0,"player_choice":"1 cards matched","damage_taken":0,"max_hp_gain":0,"max_hp_loss":0,"event_name":"Match and Keep!","floor":7,"gold_loss":0,"cards_obtained":["Seek"]},{"damage_healed":0,"gold_gain":0,"player_choice":"Upgraded","damage_taken":0,"max_hp_gain":0,"max_hp_loss":0,"event_name":"Upgrade Shrine","floor":13,"gold_loss":0,"cards_upgraded":["Streamline"]},{"damage_healed":0,"gold_gain":0,"player_choice":"Leave","damage_taken":0,"max_hp_gain":0,"max_hp_loss":0,"event_name":"FaceTrader","floor":29,"gold_loss":0},{"damage_healed":0,"gold_gain":0,"player_choice":"Rummage","damage_taken":0,"relics_obtained":["WarpedTongs"],"max_hp_gain":0,"max_hp_loss":0,"event_name":"Accursed Blacksmith","floor":31,"gold_loss":0,"cards_obtained":["Pain"]}],"is_beta":false,"boss_relics":[{"not_picked":["Sozu","Empty Cage"],"picked":"Lizard Tail"}],"items_purged_floors":[],"is_endless":false,"potions_floor_spawned":[2,5,14,20,21,22],"killed_by":"Automaton","ascension_level":1}