{"gold_per_floor":[15,32,107,122,122,137,137,137,137,170,170,205,205,228,228,348,348,367,391,278,291,310,310,346,346,346,369,389,389,425,64,64,188,188,201,219,219,219,104,104,142,142,165,185,185,199,8,43,43,43],"floor_reached":50,"playtime":5675,"items_purged":["Strike_G","Strike_G"],"score":655,"play_id":"59d1a08b-4926-46ea-b198-5c34378d3a81","local_time":"20180629130005","is_ascension_mode":true,"campfire_choices":[{"floor":7,"key":"REST"},{"data":"Noxious Fumes","floor":13,"key":"SMITH"},{"data":"Crippling Poison","floor":15,"key":"SMITH"},{"floor":23,"key":"REST"},{"floor":25,"key":"REST"},{"floor":29,"key":"REST"},{"floor":32,"key":"REST"},{"floor":40,"key":"REST"},{"floor":42,"key":"REST"},{"floor":49,"key":"REST"}],"neow_cost":"NO_GOLD","seed_source_timestamp":1695772439188262,"circlet_count":0,"master_deck":["Defend_G","Defend_G","Defend_G","Defend_G","Defend_G","Strike_G","Strike_G","Survivor","Neutralize","Bullet Time","Footwork","Dash","Noxious Fumes+1","Terror","Crippling Poison+1","Jack Of All Trades","Glass Knife","Crippling Poison","Backflip","Envenom","Riddle With Holes+1","Flying Knee","Footwork","Riddle With Holes","Poisoned Stab","Poisoned Stab","Flying Knee","Die Die Die","Tools of the Trade","Sucker Punch+1","Noxious Fumes+1","Blind","Footwork","Riddle With Holes","Riddle With Holes+1","Writhe","Prepared+1","Apotheosis","Noxious Fumes+1","Acrobatics+1"],"relics":["Ring of the Snake","Golden Idol","Ancient Tea Set","Gremlin Horn","Mercury Hourglass","Runic Dome","Anchor","Bottled Lightning","Regal Pillow","Meat on the Bone","Cursed Key","Incense Burner","Dream Catcher","Centennial Puzzle"],"potions_floor_usage":[27,28,30,30,33,50],"damage_taken":[{"damage":0,"enemies":"Jaw Worm","floor":1,"turns":3},{"damage":0,"enemies":"Small Slimes","floor":2,"turns":5},{"damage":0,"enemies":"Cultist","floor":4,"turns":4},{"damage":0,"enemies":"3 Louse","floor":6,"turns":4},{"damage":5,"enemies":"Lagavulin","floor":10,"turns":9},{"damage":7,"enemies":"3 Sentries","floor":12,"turns":9},{"damage":10,"enemies":"Large Slime","floor":14,"turns":5},{"damage":2,"enemies":"Hexaghost","floor":16,"turns":8},{"damage":25,"enemies":"Shell Parasite","floor":18,"turns":6},{"damage":2,"enemies":"Spheric Guardian","floor":19,"turns":5},{"damage":13,"enemies":"Snecko","floor":21,"turns":4},{"damage":9,"enemies":"Cultist and Chosen","floor":22,"turns":5},{"damage":24,"enemies":"Book of Stabbing","floor":24,"turns":5},{"damage":5,"enemies":"Sentry and Sphere","floor":27,"turns":5},{"damage":11,"enemies":"Centurion and Healer","floor":28,"turns":4},{"damage":31,"enemies":"Slavers","floor":30,"turns":6},{"damage":34,"enemies":"Automaton","floor":33,"turns":9},{"damage":9,"enemies":"3 Shapes","floor":35,"turns":4},{"damage":22,"enemies":"3 Darklings","floor":36,"turns":4},{"damage":46,"enemies":"Nemesis","floor":41,"turns":7},{"damage":22,"enemies":"Sphere and 2 Shapes","floor":44,"turns":4},{"damage":9,"enemies":"4 Shapes","floor":46,"turns":4},{"damage":18,"enemies":"2 Orb Walkers","floor":48,"turns":5},{"damage":91,"enemies":"Awakened One","floor":50,"turns":10}],"seed_played":"-7949919063767048175","potions_obtained":[{"floor":1,"key":"Ancient Potion"},{"floor":4,"key":"SpeedPotion"},{"floor":6,"key":"GhostInAJar"},{"floor":16,"key":"SteroidPotion"},{"floor":19,"key":"AttackPotion"},{"floor":27,"key":"EssenceOfSteel"},{"floor":30,"key":"GamblersBrew"},{"floor":44,"key":"FairyPotion"},{"floor":46,"key":"Dexterity Potion"}],"is_trial":false,"path_per_floor":["M","M","?","M","?","M","R","?","T","E","?","E","R","M","R","B",null,"M","M","$","M","M","R","E","R","T","M","M","R","E","$","R","B",null,"M","M","$","?","$","R","E","R","T","M","?","M","$","E","R"],"character_chosen":"THE_SILENT","items_purchased":["Footwork","Meat on the Bone","Footwork","Riddle With Holes","Apotheosis"],"campfire_rested":8,"item_purchase_floors":[20,31,39,39,47],"current_hp_per_floor":[70,70,59,59,42,42,63,63,63,58,58,51,51,41,41,39,70,45,43,43,30,21,42,18,39,39,34,27,48,17,17,53,31,70,61,39,39,39,39,70,36,70,70,48,48,39,39,33,69,0],"gold":43,"neow_bonus":"THREE_RARE_CARDS","is_prod":false,"is_daily":false,"chose_seed":false,"campfire_upgraded":2,"win_rate":0,"timestamp":1530291605,"path_taken":["M","M","?","M","?","M","R","?","T","E","?","E","R","M","R","BOSS","M","M","$","M","M","R","E","R","T","M","M","R","E","$","R","BOSS","M","M","$","?","$","R","E","R","T","?","?","?","?","E","R","BOSS"],"build_version":"2018-06-21v2","purchased_purges":2,"victory":false,"max_hp_per_floor":[70,70,70,70,70,70,70,70,70,70,70,70,70,70,70,70,70,70,70,70,70,70,70,70,70,70,70,70,70,70,70,70,70,70,70,70,70,70,70,70,70,70,70,70,70,70,70,70,70,70],"card_choices":[{"not_picked":["Wraith Form v2","Unload"],"picked":"Bullet Time","floor":0},{"not_picked":["Backflip","All Out Attack"],"picked":"Footwork","floor":1},{"not_picked":["Acrobatics","PiercingWail"],"picked":"Dash","floor":2},{"not_picked":["Quick Slash","Slice"],"picked":"Noxious Fumes","floor":4},{"not_picked":["Distraction","Skewer"],"picked":"Terror","floor":6},{"not_picked":["Sucker Punch","All Out Attack"],"picked":"Crippling Poison","floor":10},{"not_picked":["Dagger Throw","Blur"],"picked":"Crippling Poison","floor":12},{"not_picked":["Dagger Throw","Calculated Gamble"],"picked":"Backflip","floor":14},{"not_picked":["Corpse Explosion","Doppelganger"],"picked":"Envenom","floor":16},{"not_picked":["Bane","Dagger Spray"],"picked":"Riddle With Holes+1","floor":18},{"not_picked":["Sucker Punch","Slice+1"],"picked":"Flying Knee","floor":19},{"not_picked":["Cloak And Dagger","Underhanded Strike+1","Accuracy+1"],"picked":"SKIP","floor":21},{"not_picked":["PiercingWail","Deadly Poison+1"],"picked":"Riddle With Holes","floor":22},{"not_picked":["Flying Knee","Prepared"],"picked":"Poisoned Stab","floor":24},{"not_picked":["Reflex","Deflect"],"picked":"Poisoned Stab","floor":27},{"not_picked":["Dagger Throw","Escape Plan"],"picked":"Flying Knee","floor":28},{"not_picked":["Calculated Gamble","Outmaneuver"],"picked":"Die Die Die","floor":30},{"not_picked":["Unload","A Thousand Cuts"],"picked":"Tools of the Trade","floor":33},{"not_picked":["PiercingWail","Concentrate+1"],"picked":"Sucker Punch+1","floor":35},{"not_picked":["Bane","Sucker Punch"],"picked":"Noxious Fumes+1","floor":36},{"not_picked":["Deep Breath","Trip"],"picked":"Blind","floor":38},{"not_picked":["Die Die Die","Dagger Spray"],"picked":"Riddle With Holes+1","floor":41},{"not_picked":["Quick Slash+1","Setup+1"],"picked":"Prepared+1","floor":44},{"not_picked":["Dagger Spray+1","Expertise","Sucker Punch"],"picked":"SKIP","floor":46},{"not_picked":["Deadly Poison","PiercingWail"],"picked":"Noxious Fumes+1","floor":48},{"not_picked":["Dodge and Roll+1","Accuracy+1"],"picked":"Acrobatics+1","floor":49}],"player_experience":1240982,"relics_obtained":[{"floor":9,"key":"Ancient Tea Set"},{"floor":10,"key":"Gremlin Horn"},{"floor":12,"key":"Mercury Hourglass"},{"floor":24,"key":"Anchor"},{"floor":26,"key":"Bottled Lightning"},{"floor":30,"key":"Regal Pillow"},{"floor":41,"key":"Incense Burner"},{"floor":43,"key":"Dream Catcher"},{"floor":48,"key":"Centennial Puzzle"}],"event_choices":[{"event_name":"World of Goop","player_choice":"Gather Gold","floor":3,"damage_taken":0},{"event_name":"Golden Idol","player_choice":"Take Damage","floor":5,"damage_taken":0},{"event_name":"Living Wall","player_choice":"Forget","floor":8,"damage_taken":0},{"event_name":"Match and Keep!","player_choice":"2 cards matched","floor":11,"damage_taken":0},{"event_name":"SensoryStone","player_choice":"Memory 1","floor":38,"damage_taken":0},{"event_name":"Tomb of Lord Red Mask","player_choice":"Ignored","floor":45,"damage_taken":0}],"boss_relics":[{"not_picked":["Snecko Eye","Tiny House"],"picked":"Runic Dome"},{"not_picked":["Astrolabe","Velvet Choker"],"picked":"Cursed Key"}],"items_purged_floors":[20,31],"is_endless":false,"potions_floor_spawned":[1,4,6,16,19,22,27,30,44,46],"killed_by":"Awakened One","ascension_level":2}