{"gold_per_floor":[114,114,39,54,54,54,30,30,30,30,60,90,120,150,150,250,250,265,265,115,170,200,230,230,230,280,295,210,240,240,270,270,370,370,385,35,50,50,65,95,125,155,180,210,210,240,152,167,167,167],"floor_reached":51,"playtime":5655,"items_purged":["Pain","Regret","Writhe"],"score":1066,"play_id":"c302c8c0-f718-4663-9ff6-000a3e1348fb","local_time":"20191019185549","daily_mods":["Draft","Flight","DeadlyEvents"],"is_ascension_mode":false,"campfire_choices":[{"data":"True Grit","floor":6.0,"key":"SMITH"},{"data":"Armaments","floor":8.0,"key":"SMITH"},{"data":"Pommel Strike","floor":10.0,"key":"SMITH"},{"data":"Shockwave","floor":15.0,"key":"SMITH"},{"data":"Perfected Strike","floor":24.0,"key":"SMITH"},{"data":"Spot Weakness","floor":25.0,"key":"SMITH"},{"data":"Corruption","floor":30.0,"key":"SMITH"},{"data":"Berserk","floor":32.0,"key":"SMITH"},{"floor":45,"key":"REST"},{"data":"Double Tap","floor":49,"key":"SMITH"}],"neow_cost":"","seed_source_timestamp":0,"circlet_count":0,"master_deck":["Shockwave+1","True Grit+1","Armaments+1","Wild Strike","Perfected Strike+1","Twin Strike+1","Shrug It Off","Twin Strike","Inflame","Warcry","Warcry","Burning Pact","Pommel Strike","Dual Wield+1","Cleave","Pommel Strike+1","Wild Strike","Twin Strike+1","Spot Weakness+1","Shrug It Off","Limit Break+1","Battle Trance","Evolve","Twin Strike+1","Feel No Pain+1","Headbutt+1","Corruption+1","Infernal Blade+1","Berserk+1","Juggernaut","Metallicize","Madness","Madness","Power Through+1","Double Tap+1","Perfected Strike+1","True Grit+1"],"special_seed":18188,"relics":["Burning Blood","WarpedTongs","Lantern","Letter Opener","Happy Flower","Bag of Marbles","Molten Egg 2","Darkstone Periapt","Black Star","Tiny Chest","Bottled Tornado","Champion Belt","Nunchaku","Regal Pillow","Strawberry","Whetstone","Charon\u0027s Ashes","Unceasing Top","Potion Belt","Cursed Key","Vajra","HandDrill","Boot","Turnip","Anchor","The Courier","PreservedInsect","Kunai","War Paint","Ancient Tea Set","Blue Candle","MawBank","Oddly Smooth Stone"],"potions_floor_usage":[42,44,44,50,50,50],"damage_taken":[{"damage":6.0,"enemies":"Cultist","floor":1.0,"turns":3.0},{"damage":0.0,"enemies":"2 Louse","floor":4.0,"turns":2.0},{"damage":12.0,"enemies":"3 Sentries","floor":11.0,"turns":4.0},{"damage":8.0,"enemies":"Lagavulin","floor":12.0,"turns":5.0},{"damage":0.0,"enemies":"Gremlin Nob","floor":13.0,"turns":2.0},{"damage":26.0,"enemies":"Lagavulin","floor":14.0,"turns":5.0},{"damage":3.0,"enemies":"Slime Boss","floor":16.0,"turns":5.0},{"damage":0.0,"enemies":"Spheric Guardian","floor":18.0,"turns":3.0},{"damage":12.0,"enemies":"Book of Stabbing","floor":22.0,"turns":3.0},{"damage":20.0,"enemies":"Slavers","floor":23.0,"turns":4.0},{"damage":0.0,"enemies":"3 Byrds","floor":27.0,"turns":3.0},{"damage":19.0,"enemies":"Gremlin Leader","floor":29.0,"turns":6.0},{"damage":5.0,"enemies":"Slavers","floor":31.0,"turns":2.0},{"damage":24.0,"enemies":"Champ","floor":33.0,"turns":8.0},{"damage":11.0,"enemies":"Orb Walker","floor":35.0,"turns":2.0},{"damage":7.0,"enemies":"3 Shapes","floor":37.0,"turns":3.0},{"damage":2,"enemies":"Jaw Worm Horde","floor":39,"turns":3},{"damage":4,"enemies":"Giant Head","floor":40,"turns":6},{"damage":14,"enemies":"Nemesis","floor":41,"turns":5},{"damage":70,"enemies":"Giant Head","floor":42,"turns":7},{"damage":38,"enemies":"Nemesis","floor":44,"turns":4},{"damage":1,"enemies":"Reptomancer","floor":46,"turns":1},{"damage":0,"enemies":"Sphere and 2 Shapes","floor":48,"turns":2},{"damage":57,"enemies":"Awakened One","floor":50,"turns":8}],"seed_played":"-7199449500814879131","potions_obtained":[{"floor":1.0,"key":"EssenceOfSteel"},{"floor":11.0,"key":"AttackPotion"},{"floor":16.0,"key":"SkillPotion"},{"floor":18.0,"key":"SteroidPotion"},{"floor":23.0,"key":"AttackPotion"},{"floor":29.0,"key":"AttackPotion"},{"floor":31.0,"key":"BloodPotion"},{"floor":39,"key":"BloodPotion"},{"floor":40,"key":"EssenceOfSteel"},{"floor":41,"key":"FearPotion"},{"floor":46,"key":"Swift Potion"},{"floor":48,"key":"Poison Potion"}],"is_trial":false,"path_per_floor":["M","?","$","M","?","R","$","R","T","R","E","E","E","E","R","B",null,"M","?","$","T","E","E","R","R","T","M","$","E","R","E","R","B",null,"M","$","M","?","M","E","E","E","T","E","R","E","$","M","R","B",null],"character_chosen":"IRONCLAD","items_purchased":["Twin Strike","Twin Strike+1","Headbutt+1","Corruption","Vajra","HandDrill"],"campfire_rested":1,"item_purchase_floors":[7,20,28,28,36,36],"current_hp_per_floor":[80,80,80,80,80,80,80,80,80,80,74,72,78,58,58,61,80,80,80,80,80,74,60,60,60,67,73,73,60,60,61,61,43,87,82,82,81,70,74,76,68,25,31,22,64,69,69,75,75,24],"gold":167,"neow_bonus":"","is_prod":false,"is_daily":true,"chose_seed":false,"campfire_upgraded":9,"win_rate":0,"timestamp":1571482549,"path_taken":["M","?","$","?","?","R","?","R","T","R","E","?","E","E","R","BOSS","M","?","$","?","?","E","R","R","T","?","$","E","R","E","R","BOSS","M","$","?","?","?","E","E","E","T","?","R","?","$","?","R","BOSS"],"build_version":"2019-07-17","purchased_purges":3,"victory":true,"max_hp_per_floor":[80,80,80,80,80,80,80,80,80,80,80,80,80,80,80,80,80,80,80,80,80,80,80,80,80,87,87,87,87,87,87,87,87,87,87,87,87,87,87,87,87,87,93,93,93,93,93,93,93,93],"card_choices":[{"not_picked":["Thunderclap","Combust"],"picked":"Shockwave","floor":0.0},{"not_picked":["Pummel","Rage"],"picked":"True Grit","floor":0.0},{"not_picked":["Burning Pact","Searing Blow"],"picked":"Armaments","floor":0.0},{"not_picked":["Armaments","Iron Wave"],"picked":"Wild Strike","floor":0.0},{"not_picked":["Clothesline","Shockwave"],"picked":"Perfected Strike","floor":0.0},{"not_picked":["Wild Strike","Combust"],"picked":"Twin Strike","floor":0.0},{"not_picked":["Sentinel","Cleave"],"picked":"Shrug It Off","floor":0.0},{"not_picked":["Cleave","Warcry"],"picked":"Twin Strike","floor":0.0},{"not_picked":["Sword Boomerang","Blood for Blood"],"picked":"Inflame","floor":0.0},{"not_picked":["Anger","Sword Boomerang"],"picked":"Warcry","floor":0.0},{"not_picked":["Searing Blow","Clash"],"picked":"Warcry","floor":0.0},{"not_picked":["Iron Wave","Sword Boomerang"],"picked":"Burning Pact","floor":0.0},{"not_picked":["Anger","Intimidate"],"picked":"Pommel Strike","floor":0.0},{"not_picked":["Headbutt","Iron Wave"],"picked":"Dual Wield","floor":0.0},{"not_picked":["Anger","Havoc"],"picked":"Cleave","floor":0.0},{"not_picked":["Thunderclap","Dropkick"],"picked":"Pommel Strike","floor":1.0},{"not_picked":["Ghostly Armor","Clothesline"],"picked":"Wild Strike","floor":4.0},{"not_picked":["Headbutt","Bloodletting","Thunderclap"],"picked":"SKIP","floor":11.0},{"not_picked":["Havoc","Sever Soul"],"picked":"Spot Weakness","floor":12.0},{"not_picked":["Searing Blow","Dropkick"],"picked":"Shrug It Off","floor":13.0},{"not_picked":["Warcry","Disarm","Second Wind"],"picked":"SKIP","floor":14.0},{"not_picked":["Offering","Feed+1"],"picked":"Limit Break","floor":16.0},{"not_picked":["Clash+1","Cleave+1"],"picked":"Battle Trance","floor":18.0},{"not_picked":["Flame Barrier","Hemokinesis+1","Second Wind"],"picked":"SKIP","floor":22.0},{"not_picked":["Flame Barrier","Hemokinesis+1","Second Wind"],"picked":"SKIP","floor":22.0},{"not_picked":["Reckless Charge+1","Dropkick+1"],"picked":"Feel No Pain+1","floor":23.0},{"not_picked":["Cleave+1","Anger+1","Pummel+1"],"picked":"SKIP","floor":27.0},{"not_picked":["Bloodletting","True Grit"],"picked":"Infernal Blade+1","floor":29.0},{"not_picked":["Inflame","Wild Strike+1"],"picked":"Berserk","floor":31.0},{"not_picked":["Dark Embrace","Brutality"],"picked":"Juggernaut","floor":33.0},{"not_picked":["Anger+1","Reckless Charge+1","Body Slam+1"],"picked":"SKIP","floor":35.0},{"not_picked":["Armaments","Anger+1"],"picked":"Metallicize","floor":37},{"not_picked":["Shrug It Off","Body Slam+1"],"picked":"Power Through+1","floor":39},{"not_picked":["Anger+1","True Grit+1","Body Slam+1"],"picked":"SKIP","floor":40},{"not_picked":["Entrench","Fiend Fire+1","Blood for Blood+1"],"picked":"SKIP","floor":41},{"not_picked":["Hemokinesis+1","Heavy Blade+1"],"picked":"Double Tap","floor":42},{"not_picked":["Blood for Blood+1","Clothesline+1"],"picked":"Perfected Strike+1","floor":44},{"not_picked":["Sword Boomerang+1","Pommel Strike+1","Burning Pact"],"picked":"SKIP","floor":46},{"not_picked":["Hemokinesis+1","Feel No Pain+1"],"picked":"True Grit+1","floor":48}],"player_experience":202509,"relics_obtained":[{"floor":9.0,"key":"Letter Opener"},{"floor":11.0,"key":"Happy Flower"},{"floor":12.0,"key":"Bag of Marbles"},{"floor":13.0,"key":"Molten Egg 2"},{"floor":14.0,"key":"Darkstone Periapt"},{"floor":21.0,"key":"Tiny Chest"},{"floor":22.0,"key":"Bottled Tornado"},{"floor":22.0,"key":"Champion Belt"},{"floor":23.0,"key":"Nunchaku"},{"floor":23.0,"key":"Regal Pillow"},{"floor":26.0,"key":"Strawberry"},{"floor":29.0,"key":"Whetstone"},{"floor":29.0,"key":"Charon\u0027s Ashes"},{"floor":31.0,"key":"Unceasing Top"},{"floor":31.0,"key":"Potion Belt"},{"floor":40,"key":"Boot"},{"floor":40,"key":"Turnip"},{"floor":41,"key":"Anchor"},{"floor":41,"key":"The Courier"},{"floor":42,"key":"PreservedInsect"},{"floor":42,"key":"Kunai"},{"floor":43,"key":"War Paint"},{"floor":44,"key":"Ancient Tea Set"},{"floor":44,"key":"Blue Candle"},{"floor":46,"key":"MawBank"},{"floor":46,"key":"Oddly Smooth Stone"}],"event_choices":[{"damage_healed":0.0,"max_hp_gain":0.0,"max_hp_loss":0.0,"gold_gain":0.0,"event_name":"Accursed Blacksmith","player_choice":"Rummage","floor":2.0,"gold_loss":0.0,"damage_taken":0.0,"relics_obtained":["WarpedTongs"],"cards_obtained":["Pain"]},{"damage_healed":0.0,"max_hp_gain":0.0,"max_hp_loss":0.0,"gold_gain":0.0,"event_name":"Big Fish","player_choice":"Box","floor":5.0,"gold_loss":0.0,"damage_taken":0.0,"relics_obtained":["Lantern"],"cards_obtained":["Regret"]},{"damage_healed":0.0,"max_hp_gain":0.0,"max_hp_loss":0.0,"gold_gain":0.0,"event_name":"The Library","player_choice":"Read","floor":19.0,"gold_loss":0.0,"damage_taken":0.0,"cards_obtained":["Evolve"]},{"damage_healed":0,"gold_gain":0,"player_choice":"Embrace Madness","damage_taken":11,"max_hp_gain":0,"max_hp_loss":0,"event_name":"Winding Halls","floor":38,"gold_loss":0,"cards_obtained":["Madness","Madness"]}],"is_beta":false,"boss_relics":[{"not_picked":["Empty Cage","White Beast Statue"],"picked":"Black Star"},{"not_picked":["Snecko Eye","Mark of Pain"],"picked":"Cursed Key"}],"items_purged_floors":[3,20,47],"is_endless":false,"potions_floor_spawned":[1,11,16,18,23,29,31,39,40,41,46,48],"ascension_level":0}