{"gold_per_floor":[109,109,128,128,128,128,26,40,40,40,81,101,120,120,120,244,244,257,5,5,5,5,5,5,19,19,19,37,57,12,26,26,150,213,237,35,35,51,0,0,18,18],"floor_reached":42,"playtime":2179,"items_purged":[],"score":421,"play_id":"33ed5bfb-7f4b-486d-805b-84a38315d161","local_time":"20190723163140","is_ascension_mode":false,"campfire_choices":[{"data":"Dualcast","floor":6.0,"key":"SMITH"},{"data":"Capacitor","floor":10.0,"key":"SMITH"},{"floor":15,"key":"REST"},{"floor":23,"key":"REST"},{"data":"Echo Form","floor":27,"key":"SMITH"},{"floor":32,"key":"REST"},{"floor":40,"key":"REST"}],"neow_cost":"NONE","seed_source_timestamp":0,"circlet_count":0,"master_deck":["Strike_B+1","Strike_B+1","Strike_B+1","Strike_B+1","Defend_B+1","Defend_B+1","Defend_B+1","Defend_B+1","Zap","Dualcast+1","Auto Shields","Sweeping Beam","Injury","Capacitor+1","Steam","Steam","Electrodynamics","Conserve Battery+1","Sunder","Echo Form+1","Conserve Battery","Melter","Turbo","Doom and Gloom","Discovery","Stack","Gash","Glacier","Stack","Consume+1","Seek","Fusion","Cold Snap","Apotheosis","BootSequence+1","Rebound","Parasite"],"special_seed":0,"relics":["Cracked Core","NeowsBlessing","Question Card","Golden Idol","Blue Candle","Bag of Marbles","Lizard Tail","Shuriken","Gremlin Horn","Tiny House","Runic Capacitor","Red Mask"],"potions_floor_usage":[16,16,16,25,33,33,35,35,41],"damage_taken":[{"damage":0.0,"enemies":"Small Slimes","floor":1.0,"turns":1.0},{"damage":0.0,"enemies":"2 Louse","floor":3.0,"turns":1.0},{"damage":0.0,"enemies":"Jaw Worm","floor":8.0,"turns":1.0},{"damage":21.0,"enemies":"3 Sentries","floor":11.0,"turns":7.0},{"damage":0,"enemies":"Looter","floor":12,"turns":3},{"damage":1,"enemies":"2 Fungi Beasts","floor":13,"turns":2},{"damage":38,"enemies":"The Guardian","floor":16,"turns":12},{"damage":25,"enemies":"3 Byrds","floor":18,"turns":4},{"damage":4,"enemies":"2 Thieves","floor":25,"turns":4},{"damage":6,"enemies":"Centurion and Healer","floor":28,"turns":8},{"damage":34,"enemies":"Snecko","floor":29,"turns":6},{"damage":0,"enemies":"Cultist and Chosen","floor":31,"turns":5},{"damage":70,"enemies":"Collector","floor":33,"turns":8},{"damage":48,"enemies":"Orb Walker","floor":35,"turns":8},{"damage":18,"enemies":"3 Shapes","floor":38,"turns":3},{"damage":39,"enemies":"3 Darklings","floor":41,"turns":8},{"damage":19,"enemies":"Writhing Mass","floor":42,"turns":4}],"seed_played":"-8089790431254537187","potions_obtained":[{"floor":8.0,"key":"Explosive Potion"},{"floor":11.0,"key":"AttackPotion"},{"floor":13,"key":"PowerPotion"},{"floor":16,"key":"Explosive Potion"},{"floor":18,"key":"SpeedPotion"},{"floor":28,"key":"GamblersBrew"},{"floor":33,"key":"SkillPotion"},{"floor":34,"key":"PowerPotion"},{"floor":35,"key":"SkillPotion"}],"is_trial":false,"path_per_floor":["M","?","M","?","?","R","$","M","T","R","E","M","M","?","R","B",null,"M","$","?","$","?","R","?","M","T","R","M","M","$","M","R","B",null,"M","$","?","M","?","R","M","M"],"character_chosen":"DEFECT","items_purchased":["Capacitor","Steam","Melter","Turbo","Doom and Gloom","Discovery","Stack","Runic Capacitor"],"campfire_rested":4,"item_purchase_floors":[7,7,19,19,19,19,30,36],"current_hp_per_floor":[75,75,75,63,63,63,63,63,63,63,42,42,41,46,70,32,80,55,55,55,55,55,79,79,75,75,75,69,35,35,35,59,40,85,37,37,37,19,19,44,5,0],"gold":18,"neow_bonus":"THREE_ENEMY_KILL","is_prod":false,"is_daily":false,"chose_seed":false,"campfire_upgraded":3,"win_rate":0.0,"timestamp":1563910300,"path_taken":["M","?","M","?","?","R","$","?","T","R","E","M","M","?","R","BOSS","M","$","?","$","?","R","?","M","T","R","M","M","?","?","R","BOSS","M","?","?","M","?","R","M","?"],"build_version":"2019-07-17","purchased_purges":0,"victory":false,"max_hp_per_floor":[75,75,75,75,75,75,75,75,75,75,75,75,75,80,80,80,80,80,80,80,80,80,80,80,80,80,80,80,80,80,80,80,80,85,85,85,85,85,85,85,85,85],"card_choices":[{"not_picked":["Redo","Leap"],"picked":"Auto Shields","floor":1.0},{"not_picked":["Turbo","Static Discharge"],"picked":"Sweeping Beam","floor":3.0},{"not_picked":["Self Repair","Hologram","Stack"],"picked":"Steam","floor":8.0},{"not_picked":["Melter","Undo","Stack"],"picked":"Electrodynamics","floor":11.0},{"not_picked":["Compile Driver","Double Energy","Beam Cell"],"picked":"Conserve Battery","floor":12},{"not_picked":["Lockon","Redo","Self Repair"],"picked":"Sunder","floor":13},{"not_picked":["Thunder Strike","Amplify","Multi-Cast"],"picked":"Echo Form","floor":16},{"not_picked":["Force Field","Auto Shields","Hologram"],"picked":"Conserve Battery","floor":18},{"not_picked":["Beam Cell","Rebound+1","Doom and Gloom+1"],"picked":"Stack","floor":25},{"not_picked":["Barrage+1","Beam Cell","Hello World"],"picked":"Gash","floor":28},{"not_picked":["Redo","Electrodynamics","Leap"],"picked":"Glacier","floor":29},{"not_picked":["Ball Lightning","Heatsinks","Chill"],"picked":"Consume+1","floor":31},{"not_picked":["Reboot","All For One","Fission"],"picked":"Seek","floor":33},{"not_picked":["Rebound","Coolheaded","Beam Cell"],"picked":"Fusion","floor":34},{"not_picked":["Barrage","Coolheaded","Reinforced Body"],"picked":"Cold Snap","floor":35},{"not_picked":["Secret Technique","Flash of Steel","Thinking Ahead"],"picked":"Apotheosis","floor":37},{"not_picked":["Reinforced Body+1","Steam Power+1","Steam+1"],"picked":"BootSequence+1","floor":38},{"not_picked":["Redo","Beam Cell","Capacitor"],"picked":"Rebound","floor":41}],"player_experience":222912,"relics_obtained":[{"floor":9.0,"key":"Blue Candle"},{"floor":11.0,"key":"Bag of Marbles"},{"floor":26,"key":"Gremlin Horn"}],"event_choices":[{"damage_healed":0.0,"max_hp_gain":0.0,"max_hp_loss":0.0,"gold_gain":0.0,"event_name":"Golden Wing","player_choice":"Ignored","floor":2.0,"gold_loss":0.0,"damage_taken":0.0},{"damage_healed":0.0,"max_hp_gain":0.0,"max_hp_loss":0.0,"gold_gain":0.0,"event_name":"Scrap Ooze","player_choice":"Success","floor":4.0,"gold_loss":0.0,"damage_taken":12.0,"relics_obtained":["Question Card"]},{"damage_healed":0.0,"max_hp_gain":0.0,"max_hp_loss":0.0,"gold_gain":0.0,"event_name":"Golden Idol","player_choice":"Take Wound","floor":5.0,"gold_loss":0.0,"damage_taken":0.0,"relics_obtained":["Golden Idol"],"cards_obtained":["Injury"]},{"damage_healed":0,"gold_gain":0,"player_choice":"Donut","damage_taken":0,"max_hp_gain":5,"max_hp_loss":0,"event_name":"Big Fish","floor":14,"gold_loss":0},{"damage_healed":0,"gold_gain":0,"player_choice":"Ignored","damage_taken":0,"max_hp_gain":0,"max_hp_loss":0,"event_name":"Ghosts","floor":20,"gold_loss":0},{"damage_healed":0,"gold_gain":0,"player_choice":"Simplicity","damage_taken":0,"max_hp_gain":0,"max_hp_loss":0,"event_name":"Back to Basics","floor":22,"gold_loss":0,"cards_upgraded":["Strike_B","Strike_B","Strike_B","Strike_B","Defend_B","Defend_B","Defend_B","Defend_B"]},{"damage_healed":0,"gold_gain":0,"player_choice":"Opened","damage_taken":0,"relics_obtained":["Shuriken"],"max_hp_gain":0,"max_hp_loss":0,"event_name":"The Mausoleum","floor":24,"gold_loss":0},{"damage_healed":0,"gold_gain":0,"player_choice":"Memory 1","damage_taken":0,"max_hp_gain":0,"max_hp_loss":0,"event_name":"SensoryStone","floor":37,"gold_loss":0},{"damage_healed":0,"gold_gain":0,"player_choice":"Paid","damage_taken":0,"relics_obtained":["Red Mask"],"max_hp_gain":0,"max_hp_loss":0,"event_name":"Tomb of Lord Red Mask","floor":39,"gold_loss":51}],"is_beta":false,"boss_relics":[{"not_picked":["Coffee Dripper","Black Star"],"picked":"Lizard Tail"},{"not_picked":["Inserter","Sozu"],"picked":"Tiny House"}],"items_purged_floors":[],"is_endless":false,"potions_floor_spawned":[8,11,13,16,18,28,33,35],"killed_by":"Writhing Mass","ascension_level":0}