{"gold_per_floor":[215,232,244,257,31,62,62,86,111,111],"floor_reached":10,"playtime":729,"items_purged":[],"score":70,"play_id":"20876f50-db5c-418a-b1a7-9ed11fd2965f","local_time":"20190914105901","is_ascension_mode":false,"campfire_choices":[],"neow_cost":"NONE","seed_source_timestamp":237325552320384,"circlet_count":0,"master_deck":["Strike_P","Strike_P","Strike_P","Strike_P","Defend_P","Defend_P","Defend_P","Defend_P","Eruption","Vigilance","EmptyFist","FearNoEvil","Halt","EmptyMind","Protect","Sanctity","Crescendo","Injury","Swivel"],"relics":["PureWater","Regal Pillow","Centennial Puzzle","Golden Idol","MealTicket"],"potions_floor_usage":[6,8],"damage_taken":[{"damage":1,"enemies":"Cultist","floor":1,"turns":3},{"damage":0,"enemies":"2 Louse","floor":2,"turns":3},{"damage":2,"enemies":"Small Slimes","floor":3,"turns":3},{"damage":0,"enemies":"Looter","floor":4,"turns":2},{"damage":24,"enemies":"3 Sentries","floor":6,"turns":15},{"damage":1,"enemies":"Blue Slaver","floor":8,"turns":4},{"damage":53,"enemies":"Gremlin Nob","floor":10,"turns":5}],"seed_played":"2128230372807896442","potions_obtained":[{"floor":3,"key":"Fire Potion"},{"floor":4,"key":"FearPotion"}],"is_trial":false,"path_per_floor":["M","M","M","M","$","E","?","M","T","E"],"character_chosen":"WATCHER","items_purchased":["Regal Pillow","Protect","Sanctity"],"campfire_rested":0,"item_purchase_floors":[5,5,5],"current_hp_per_floor":[64,64,62,62,62,38,38,37,37,0],"gold":111,"neow_bonus":"HUNDRED_GOLD","is_prod":false,"is_daily":false,"chose_seed":false,"campfire_upgraded":0,"win_rate":0.0,"timestamp":1568469541,"path_taken":["M","M","M","?","$","E","?","M","T","E"],"build_version":"2019-09-12","purchased_purges":0,"victory":false,"max_hp_per_floor":[65,65,65,65,65,65,65,65,65,65],"card_choices":[{"not_picked":["MentalFortress","Devotion"],"picked":"EmptyFist","floor":1},{"not_picked":["EmptyFist","FollowUp"],"picked":"FearNoEvil","floor":2},{"not_picked":["Evaluate","EmptyMind"],"picked":"Halt","floor":3},{"not_picked":["Sanctity","BowlingBash"],"picked":"EmptyMind","floor":4},{"not_picked":["Tantrum","Establishment"],"picked":"Crescendo","floor":6},{"not_picked":["Halt","FollowUp"],"picked":"Swivel","floor":8}],"player_experience":419556,"relics_obtained":[{"floor":6,"key":"Centennial Puzzle"},{"floor":9,"key":"MealTicket"}],"event_choices":[{"damage_healed":0,"gold_gain":0,"player_choice":"Take Wound","damage_taken":0,"relics_obtained":["Golden Idol"],"max_hp_gain":0,"max_hp_loss":0,"event_name":"Golden Idol","floor":7,"gold_loss":0,"cards_obtained":["Injury"]}],"is_beta":true,"boss_relics":[],"items_purged_floors":[],"is_endless":false,"potions_floor_spawned":[3,4,6],"killed_by":"Gremlin Nob","ascension_level":0}