{"gold_per_floor":[114,114,114,5,25,25,25,56,135,151,171,236,248,248],"floor_reached":14,"playtime":682,"items_purged":[],"score":250,"play_id":"be70a2e7-56ac-43f9-8d53-904db40c0687","local_time":"20190922161321","is_ascension_mode":true,"campfire_choices":[{"data":"CrushJoints","floor":7,"key":"SMITH"}],"neow_cost":"NONE","seed_source_timestamp":14754548800538,"circlet_count":0,"master_deck":["AscendersBane","Strike_P","Strike_P","Strike_P","Strike_P","Defend_P+1","Defend_P","Defend_P","Defend_P","Eruption","Vigilance+1","Meditate","CrushJoints+1","Sanctity","Devotion","TalkToTheHand","EmptyBody","FollowUp","Sanctity"],"relics":["PureWater","NeowsBlessing","Orichalcum","The Courier","Tiny Chest"],"potions_floor_usage":[12,13],"damage_taken":[{"damage":0,"enemies":"2 Louse","floor":1,"turns":1},{"damage":0,"enemies":"Small Slimes","floor":5,"turns":2},{"damage":0,"enemies":"Gremlin Nob","floor":8,"turns":1},{"damage":7,"enemies":"Jaw Worm","floor":10,"turns":4},{"damage":6,"enemies":"Red Slaver","floor":11,"turns":3},{"damage":6,"enemies":"Lagavulin","floor":12,"turns":8},{"damage":1,"enemies":"Large Slime","floor":13,"turns":5},{"damage":18,"enemies":"3 Sentries","floor":14,"turns":7}],"seed_played":"332129700379721130","potions_obtained":[{"floor":1,"key":"FearPotion"},{"floor":8,"key":"Fire Potion"}],"is_trial":false,"path_per_floor":["M","?","?","$","M","?","R","E","T","M","M","E","M","E"],"character_chosen":"WATCHER","items_purchased":["CrushJoints","AttackPotion"],"campfire_rested":0,"item_purchase_floors":[4,4],"current_hp_per_floor":[55,37,37,37,37,37,37,37,37,30,24,18,17,0],"gold":248,"neow_bonus":"THREE_ENEMY_KILL","is_prod":false,"is_daily":false,"chose_seed":false,"campfire_upgraded":1,"win_rate":0,"timestamp":1569125601,"path_taken":["M","?","?","$","M","?","R","E","T","M","M","E","M","E"],"build_version":"2019-09-20","purchased_purges":0,"victory":false,"max_hp_per_floor":[61,61,61,61,61,61,61,61,61,61,61,61,61,61],"card_choices":[{"not_picked":["Collect","WaveOfTheHand"],"picked":"Meditate","floor":1},{"not_picked":["ThirdEye","Evaluate"],"picked":"Sanctity","floor":5},{"not_picked":["Prostrate","JustLucky"],"picked":"Devotion","floor":8},{"not_picked":["WreathOfFlame","Evaluate"],"picked":"TalkToTheHand","floor":10},{"not_picked":["Sanctity","Weave"],"picked":"EmptyBody","floor":11},{"not_picked":["Nirvana","Consecrate"],"picked":"FollowUp","floor":12},{"not_picked":["EmptyBody","DeceiveReality"],"picked":"Sanctity","floor":13}],"player_experience":1194528,"relics_obtained":[{"floor":8,"key":"Orichalcum"},{"floor":9,"key":"The Courier"},{"floor":12,"key":"Tiny Chest"}],"event_choices":[{"damage_healed":0,"gold_gain":0,"player_choice":"Entered Light","damage_taken":18,"max_hp_gain":0,"max_hp_loss":0,"event_name":"Shining Light","floor":2,"gold_loss":0,"cards_upgraded":["Vigilance","Defend_P"]},{"damage_healed":0,"gold_gain":0,"player_choice":"Leave","damage_taken":0,"max_hp_gain":0,"max_hp_loss":0,"event_name":"The Cleric","floor":3,"gold_loss":0},{"damage_healed":0,"gold_gain":0,"player_choice":"Ignored","damage_taken":0,"max_hp_gain":0,"max_hp_loss":0,"event_name":"Liars Game","floor":6,"gold_loss":0}],"is_beta":true,"boss_relics":[],"items_purged_floors":[],"is_endless":false,"potions_floor_spawned":[1,8,10],"killed_by":"3 Sentries","ascension_level":20}