{"gold_per_floor":[117,132,307,154,167,167,67,100,100,100,111,111,123,123,123,222,222,240,240,240,240,130,159,7,7,7,7,33,49,61,31,31,127,127,140,140,154,205,216,216,241,241,241,241,241,261,295,311,311,311],"floor_reached":51,"playtime":6311,"items_purged":["Doubt"],"score":1062,"play_id":"adf44673-2853-4f10-99a6-8e1fe985edcf","local_time":"20180911222530","is_ascension_mode":true,"campfire_choices":[{"floor":6.0,"key":"REST"},{"floor":10.0,"key":"REST"},{"data":"Infinite Blades","floor":12.0,"key":"SMITH"},{"data":"Leg Sweep","floor":15.0,"key":"SMITH"},{"floor":25,"key":"REST"},{"floor":27,"key":"REST"},{"floor":32,"key":"REST"},{"data":"1","floor":40,"key":"LIFT"},{"data":"2","floor":42,"key":"LIFT"},{"data":"3","floor":44,"key":"LIFT"},{"data":"Cloak And Dagger","floor":49,"key":"SMITH"}],"neow_cost":"PERCENT_DAMAGE","seed_source_timestamp":0,"circlet_count":0,"master_deck":["Defend_G","Defend_G","Defend_G","Defend_G","Defend_G","Strike_G","Strike_G","Strike_G","Survivor","Neutralize","Outmaneuver","Slice","Infinite Blades","Footwork+1","Slice","Infinite Blades+1","Poisoned Stab","Crippling Poison","Leg Sweep+1","Malaise","Finisher","Cloak And Dagger+1","Noxious Fumes","Catalyst","Cloak And Dagger","Footwork+1","Backflip","Accuracy+1","Backflip+1","Terror","Accuracy+1","After Image+1","Blur","Cloak And Dagger+1","After Image+1","Blade Dance+1","Deflect+1","Impatience","Secret Technique","Blur+1","Terror+1","Terror+1"],"special_seed":0,"relics":["Ring of the Serpent","Bird Faced Urn","Pear","Ninja Scroll","Gremlin Horn","Black Star","Frozen Egg 2","The Courier","Ornamental Fan","Torii","Incense Burner","Girya","Anchor","Happy Flower","Dead Branch","Matryoshka","Mercury Hourglass"],"potions_floor_usage":[23,29,33,33,33,33,33,39,50,50,50],"damage_taken":[{"damage":0.0,"enemies":"Small Slimes","floor":1.0,"turns":4.0},{"damage":0.0,"enemies":"Cultist","floor":2.0,"turns":5.0},{"damage":2.0,"enemies":"2 Louse","floor":5.0,"turns":3.0},{"damage":46.0,"enemies":"Gremlin Nob","floor":8.0,"turns":5.0},{"damage":0.0,"enemies":"Exordium Wildlife","floor":11.0,"turns":2.0},{"damage":15.0,"enemies":"3 Louse","floor":13.0,"turns":3.0},{"damage":0.0,"enemies":"The Guardian","floor":16.0,"turns":14.0},{"damage":23.0,"enemies":"Shell Parasite","floor":18.0,"turns":10.0},{"damage":66,"enemies":"Slavers","floor":23,"turns":9},{"damage":45,"enemies":"Book of Stabbing","floor":28,"turns":8},{"damage":0,"enemies":"3 Byrds","floor":29,"turns":6},{"damage":33,"enemies":"Cultist and Chosen","floor":30,"turns":9},{"damage":24,"enemies":"Automaton","floor":33,"turns":9},{"damage":0,"enemies":"3 Shapes","floor":35,"turns":8},{"damage":6,"enemies":"3 Darklings","floor":37,"turns":9},{"damage":3,"enemies":"Mysterious Sphere","floor":38,"turns":7},{"damage":0,"enemies":"4 Shapes","floor":39,"turns":11},{"damage":3,"enemies":"Nemesis","floor":41,"turns":8},{"damage":1,"enemies":"Sphere and 2 Shapes","floor":46,"turns":6},{"damage":1,"enemies":"2 Orb Walkers","floor":47,"turns":5},{"damage":0,"enemies":"Spire Growth","floor":48,"turns":4},{"damage":12,"enemies":"Awakened One","floor":50,"turns":10}],"seed_played":"1207155408883735644","potions_obtained":[{"floor":5.0,"key":"Poison Potion"},{"floor":8.0,"key":"Strength Potion"},{"floor":11.0,"key":"Regen Potion"},{"floor":13.0,"key":"Weak Potion"},{"floor":28,"key":"Weak Potion"},{"floor":30,"key":"SpeedPotion"},{"floor":31,"key":"EntropicBrew"},{"floor":31,"key":"SteroidPotion"},{"floor":33,"key":"Weak Potion"},{"floor":38,"key":"EssenceOfSteel"},{"floor":46,"key":"PowerPotion"}],"is_trial":false,"path_per_floor":["M","M","?","$","M","R","$","E","T","R","M","R","M","?","R","B",null,"M","?","?","?","$","E","$","R","T","R","E","M","M","?","R","B",null,"M","?","M","?","M","R","E","R","T","R","?","M","E","M","R","B"],"character_chosen":"THE_SILENT","items_purchased":["Infinite Blades","Slice","Infinite Blades","Noxious Fumes","Catalyst","Footwork+1","Backflip","Accuracy+1"],"campfire_rested":5,"item_purchase_floors":[4,7,7,22,22,24,24,24],"current_hp_per_floor":[45,45,45,45,45,66,66,36,36,60,64,64,55,52,52,58,75,58,58,58,58,58,13,13,37,37,61,26,36,11,11,35,25,66,80,80,80,79,80,80,80,80,80,80,75,80,80,80,80,68],"gold":311,"neow_bonus":"ONE_RARE_RELIC","is_prod":false,"is_daily":false,"chose_seed":false,"campfire_upgraded":3,"win_rate":0,"timestamp":1536719130,"path_taken":["M","M","?","$","M","R","?","E","T","R","M","R","M","?","R","BOSS","M","?","?","?","$","E","$","R","T","R","E","?","M","?","R","BOSS","M","?","M","?","?","R","E","R","T","R","?","M","E","M","R","BOSS"],"build_version":"2018-08-23v2","purchased_purges":1,"victory":true,"max_hp_per_floor":[70,70,70,70,70,70,70,80,80,80,80,80,80,80,80,80,80,80,80,80,80,80,80,80,80,80,80,80,80,80,80,80,80,80,80,80,80,80,80,80,80,80,80,80,80,80,80,80,80,80],"card_choices":[{"not_picked":["Blade Dance","Underhanded Strike"],"picked":"Outmaneuver","floor":1.0},{"not_picked":["Deadly Poison","Cloak And Dagger"],"picked":"Slice","floor":2.0},{"not_picked":["Dagger Throw","Eviscerate"],"picked":"Footwork","floor":5.0},{"not_picked":["Underhanded Strike","Outmaneuver"],"picked":"Poisoned Stab","floor":8.0},{"not_picked":["Cloak And Dagger","Riddle With Holes"],"picked":"Crippling Poison","floor":11.0},{"not_picked":["Venomology","Caltrops"],"picked":"Leg Sweep","floor":13.0},{"not_picked":["Storm of Steel","Bullet Time"],"picked":"Malaise","floor":16.0},{"not_picked":["Concentrate","Quick Slash+1"],"picked":"Finisher","floor":18.0},{"not_picked":["Prepared","Acrobatics"],"picked":"Cloak And Dagger","floor":23},{"not_picked":["Dash","Underhanded Strike+1"],"picked":"Backflip+1","floor":28},{"not_picked":["Blade Dance","Choke"],"picked":"Terror","floor":29},{"not_picked":["Glass Knife","Slice"],"picked":"Accuracy+1","floor":30},{"not_picked":["Adrenaline","Malaise"],"picked":"After Image+1","floor":33},{"not_picked":["Backflip","Sucker Punch+1"],"picked":"Blur","floor":35},{"not_picked":["Distraction+1","Dagger Throw+1"],"picked":"Cloak And Dagger+1","floor":37},{"not_picked":["Masterful Stab","Footwork+1"],"picked":"After Image+1","floor":38},{"not_picked":["Underhanded Strike+1","Setup+1"],"picked":"Blade Dance+1","floor":39},{"not_picked":["Blade Dance","Deadly Poison"],"picked":"Deflect+1","floor":41},{"not_picked":["Forethought","Discovery"],"picked":"Impatience","floor":45},{"not_picked":["Enlightenment","Mind Blast"],"picked":"Secret Technique","floor":45},{"not_picked":["Dodge and Roll","Slice+1"],"picked":"Blur+1","floor":46},{"not_picked":["Deadly Poison+1","Quick Slash"],"picked":"Terror+1","floor":47},{"not_picked":["Masterful Stab","Backflip+1"],"picked":"Terror+1","floor":48}],"player_experience":1693685,"relics_obtained":[{"floor":8.0,"key":"Pear"},{"floor":9.0,"key":"Ninja Scroll"},{"floor":23,"key":"Frozen Egg 2"},{"floor":23,"key":"The Courier"},{"floor":26,"key":"Ornamental Fan"},{"floor":28,"key":"Torii"},{"floor":28,"key":"Incense Burner"},{"floor":38,"key":"Girya"},{"floor":41,"key":"Anchor"},{"floor":41,"key":"Happy Flower"},{"floor":43,"key":"Dead Branch"},{"floor":47,"key":"Matryoshka"},{"floor":47,"key":"Mercury Hourglass"}],"event_choices":[{"event_name":"Liars Game","player_choice":"agreed","floor":3.0,"damage_taken":0.0},{"event_name":"Scrap Ooze","player_choice":"success","floor":14.0,"damage_taken":3.0},{"event_name":"Transmorgrifier","player_choice":"Transform","floor":19.0,"damage_taken":0.0},{"event_name":"Purifier","player_choice":"One Purge","floor":20.0,"damage_taken":0.0},{"event_name":"Cursed Tome","player_choice":"Ignored","floor":21,"damage_taken":0},{"event_name":"The Woman in Blue","player_choice":"Bought 2 Potions","floor":31,"damage_taken":0},{"event_name":"Upgrade Shrine","player_choice":"Upgraded","floor":36,"damage_taken":0},{"event_name":"Mysterious Sphere","player_choice":"Fight","floor":38,"damage_taken":0},{"event_name":"SensoryStone","player_choice":"Memory 2","floor":45,"damage_taken":0}],"is_beta":false,"boss_relics":[{"not_picked":["Coffee Dripper","HoveringKite"],"picked":"Black Star"},{"not_picked":["Orrery","Snecko Eye"],"picked":"Ring of the Serpent"}],"items_purged_floors":[4],"is_endless":false,"potions_floor_spawned":[5,8,11,13,28,30,33,38,46,47,48],"ascension_level":8}