{"gold_per_floor":[119,36,36,53,64,98,110,297,358,389,401,413,452,484,496,508],"floor_reached":16,"playtime":1007,"items_purged":[],"score":110,"play_id":"1530b98e-c5fd-4111-a0c7-45acb4df4a41","local_time":"20191014213545","is_ascension_mode":false,"campfire_choices":[{"data":"True Grit","floor":7,"key":"SMITH"},{"data":"Inflame","floor":11,"key":"SMITH"},{"data":"Rampage","floor":15,"key":"SMITH"}],"neow_cost":"NONE","seed_source_timestamp":175343385053300,"circlet_count":0,"master_deck":["Strike_R","Strike_R","Strike_R","Strike_R","Defend_R","Defend_R","Defend_R","Defend_R","Bash","True Grit+1","Seeing Red","Shrug It Off","Inflame+1","Carnage","Shrug It Off","Doubt","Heavy Blade","Immolate","Rampage+1"],"relics":["Burning Blood","NeowsBlessing","MawBank","Blood Vial","Peace Pipe"],"potions_floor_usage":[16],"damage_taken":[{"damage":0,"enemies":"2 Louse","floor":1,"turns":1},{"damage":0,"enemies":"Cultist","floor":4,"turns":1},{"damage":0,"enemies":"Jaw Worm","floor":5,"turns":1},{"damage":36,"enemies":"3 Sentries","floor":6,"turns":11},{"damage":12,"enemies":"Red Slaver","floor":10,"turns":4},{"damage":23,"enemies":"Gremlin Nob","floor":13,"turns":5},{"damage":2,"enemies":"Blue Slaver","floor":14,"turns":4},{"damage":45,"enemies":"The Guardian","floor":16,"turns":9}],"seed_played":"766855134579917884","potions_obtained":[{"floor":1,"key":"Strength Potion"},{"floor":6,"key":"PowerPotion"},{"floor":13,"key":"Explosive Potion"}],"is_trial":false,"path_per_floor":["M","$","?","M","M","E","R","?","T","M","R","?","E","M","R","B"],"character_chosen":"IRONCLAD","items_purchased":["Seeing Red","Shrug It Off"],"campfire_rested":0,"item_purchase_floors":[2,2],"current_hp_per_floor":[80,80,80,80,80,50,50,50,50,46,46,46,31,37,37,0],"gold":508,"neow_bonus":"THREE_ENEMY_KILL","is_prod":false,"is_daily":false,"chose_seed":false,"campfire_upgraded":3,"win_rate":0,"timestamp":1571060145,"path_taken":["M","$","?","?","?","E","R","?","T","M","R","?","E","M","R","BOSS"],"build_version":"2019-07-17","purchased_purges":0,"victory":false,"max_hp_per_floor":[80,80,80,80,80,80,80,80,80,80,80,80,80,80,80,80],"card_choices":[{"not_picked":["Flex","Warcry"],"picked":"True Grit","floor":1},{"not_picked":["Bloodletting","Shrug It Off"],"picked":"Inflame","floor":4},{"not_picked":["Fire Breathing","Rupture"],"picked":"Carnage","floor":5},{"not_picked":["Second Wind","Headbutt"],"picked":"Shrug It Off","floor":6},{"not_picked":["Perfected Strike","Corruption"],"picked":"Heavy Blade","floor":10},{"not_picked":["Heavy Blade","Hemokinesis"],"picked":"Rampage","floor":13},{"not_picked":["Hemokinesis","Thunderclap","Body Slam"],"picked":"SKIP","floor":14}],"player_experience":183448,"relics_obtained":[{"floor":6,"key":"MawBank"},{"floor":9,"key":"Blood Vial"},{"floor":13,"key":"Peace Pipe"}],"event_choices":[{"cards_removed":["Strike_R"],"damage_healed":0,"gold_gain":0,"player_choice":"Offered Basic","damage_taken":0,"max_hp_gain":0,"max_hp_loss":0,"event_name":"Bonfire Elementals","floor":3,"gold_loss":0},{"damage_healed":0,"gold_gain":175,"player_choice":"AGREE","damage_taken":0,"max_hp_gain":0,"max_hp_loss":0,"event_name":"Liars Game","floor":8,"gold_loss":0,"cards_obtained":["Doubt"]},{"damage_healed":0,"gold_gain":0,"player_choice":"1 cards matched","damage_taken":0,"max_hp_gain":0,"max_hp_loss":0,"event_name":"Match and Keep!","floor":12,"gold_loss":0,"cards_obtained":["Immolate"]}],"is_beta":false,"boss_relics":[],"items_purged_floors":[],"is_endless":false,"potions_floor_spawned":[1,6,13],"killed_by":"The Guardian","ascension_level":0}