{"gold_per_floor":[113,125,141,141,157,157,182,206,218,230,45,58,58,58,58,155,155,175,59,79,92,109,109,135,234,259,272,287,287,304,64,64,160,160,177,227,247,247],"floor_reached":38,"playtime":4816,"items_purged":[],"score":700,"play_id":"010871d8-b3d4-431f-8f61-601ad6492465","local_time":"20181009001120","is_ascension_mode":true,"campfire_choices":[{"data":"Beam Cell","floor":6,"key":"SMITH"},{"floor":10,"key":"REST"},{"floor":13,"key":"REST"},{"data":"Zap","floor":15,"key":"SMITH"},{"floor":23,"key":"REST"},{"floor":29,"key":"REST"},{"data":"Echo Form","floor":32,"key":"SMITH"}],"neow_cost":"NONE","seed_source_timestamp":422910176600845,"circlet_count":0,"master_deck":["Strike_B","Strike_B","Strike_B","Strike_B","Defend_B","Defend_B","Defend_B","Defend_B","Zap+1","Dualcast","AscendersBane","Cold Snap+1","Sweeping Beam","Beam Cell+1","Compile Driver","Chill","Ball Lightning+1","Streamline","Flash of Steel","Loop","Steam","Echo Form+1","Hologram+1","Sunder","Self Repair","Loop+1","Consume+1","Turbo","Redo+1","Turbo+1","Capacitor","Go for the Eyes+1","Deep Breath","Core Surge","White Noise+1","Go for the Eyes+1"],"relics":["Cracked Core","Happy Flower","MawBank","Symbiotic Virus","Eternal Feather","Whetstone","DataDisk","Anchor","Busted Crown","Torii"],"potions_floor_usage":[7,16,16,22,24,24,33,35],"damage_taken":[{"damage":0,"enemies":"Cultist","floor":1,"turns":4},{"damage":6,"enemies":"Jaw Worm","floor":2,"turns":4},{"damage":7,"enemies":"Small Slimes","floor":3,"turns":2},{"damage":2,"enemies":"3 Louse","floor":5,"turns":2},{"damage":21,"enemies":"3 Sentries","floor":7,"turns":4},{"damage":12,"enemies":"Exordium Thugs","floor":8,"turns":4},{"damage":0,"enemies":"Large Slime","floor":12,"turns":4},{"damage":0,"enemies":"Slime Boss","floor":16,"turns":4},{"damage":1,"enemies":"Spheric Guardian","floor":18,"turns":3},{"damage":25,"enemies":"Shell Parasite","floor":20,"turns":3},{"damage":17,"enemies":"3 Cultists","floor":21,"turns":6},{"damage":16,"enemies":"Snake Plant","floor":22,"turns":3},{"damage":53,"enemies":"Slavers","floor":24,"turns":4},{"damage":19,"enemies":"Cultist and Chosen","floor":27,"turns":4},{"damage":1,"enemies":"Chosen and Byrds","floor":28,"turns":5},{"damage":15,"enemies":"Centurion and Healer","floor":30,"turns":4},{"damage":56,"enemies":"Champ","floor":33,"turns":9},{"damage":11,"enemies":"3 Shapes","floor":35,"turns":4},{"damage":44,"enemies":"Mysterious Sphere","floor":36,"turns":8},{"damage":10,"enemies":"Orb Walker","floor":37,"turns":3},{"damage":21,"enemies":"Transient","floor":38,"turns":5}],"seed_played":"5083925694756946049","potions_obtained":[{"floor":3,"key":"Strength Potion"},{"floor":5,"key":"SkillPotion"},{"floor":8,"key":"GamblersBrew"},{"floor":16,"key":"Regen Potion"},{"floor":21,"key":"LiquidBronze"},{"floor":22,"key":"Fire Potion"},{"floor":24,"key":"EssenceOfSteel"},{"floor":27,"key":"Swift Potion"},{"floor":36,"key":"SteroidPotion"}],"is_trial":false,"path_per_floor":["M","M","M","?","M","R","E","M","T","R","$","M","R","?","R","B",null,"M","$","M","M","M","R","E","?","T","M","M","R","M","$","R","B",null,"M","?","M"],"character_chosen":"DEFECT","items_purchased":["Streamline","Flash of Steel","Loop","Sunder","Self Repair","Anchor","Deep Breath"],"campfire_rested":4,"item_purchase_floors":[11,11,11,19,19,31,31],"current_hp_per_floor":[68,62,55,60,58,58,37,25,25,49,49,49,73,73,73,73,78,77,77,52,42,33,72,38,38,38,19,25,67,52,52,70,21,65,68,31,21,0],"gold":247,"neow_bonus":"RANDOM_COMMON_RELIC","is_prod":false,"is_daily":false,"chose_seed":false,"campfire_upgraded":3,"win_rate":0,"timestamp":1539058280,"path_taken":["M","M","?","?","M","R","E","M","T","R","$","?","R","?","R","BOSS","M","$","M","M","M","R","E","?","T","M","M","R","M","?","R","BOSS","M","?","M","M"],"build_version":"2018-10-04v2","purchased_purges":0,"victory":false,"max_hp_per_floor":[75,75,75,80,80,80,80,80,80,80,80,80,80,80,80,80,80,80,80,80,80,80,80,80,80,80,80,80,80,80,80,80,80,80,80,80,80,80],"card_choices":[{"not_picked":["Tempest","Rebound"],"picked":"Cold Snap","floor":1},{"not_picked":["Compile Driver","Lockon"],"picked":"Sweeping Beam","floor":2},{"not_picked":["Redo","Stack"],"picked":"Beam Cell","floor":3},{"not_picked":["White Noise","Streamline"],"picked":"Compile Driver","floor":5},{"not_picked":["Lockon","Creative AI"],"picked":"Chill","floor":7},{"not_picked":["Chill","Conserve Battery"],"picked":"Ball Lightning","floor":8},{"not_picked":["Gash","Fusion"],"picked":"Steam","floor":12},{"not_picked":["Thunder Strike","Core Surge"],"picked":"Echo Form","floor":16},{"not_picked":["Barrage+1","Steam"],"picked":"Hologram+1","floor":18},{"not_picked":["Self Repair","Sunder"],"picked":"Loop+1","floor":20},{"not_picked":["Coolheaded","Aggregate"],"picked":"Consume+1","floor":21},{"not_picked":["Ball Lightning","White Noise"],"picked":"Turbo","floor":22},{"not_picked":["Barrage","White Noise"],"picked":"Redo+1","floor":24},{"not_picked":["Compile Driver","Beam Cell"],"picked":"Turbo+1","floor":27},{"not_picked":["Sweeping Beam","Redo"],"picked":"Capacitor","floor":28},{"not_picked":["Cold Snap","Skim"],"picked":"Go for the Eyes+1","floor":30},{"not_picked":["Meteor Strike","Seek"],"picked":"Core Surge","floor":33},{"not_picked":[],"picked":"White Noise+1","floor":35},{"not_picked":[],"picked":"Go for the Eyes+1","floor":36},{"not_picked":["Cold Snap"],"picked":"SKIP","floor":37}],"player_experience":1818814,"relics_obtained":[{"floor":7,"key":"MawBank"},{"floor":9,"key":"Symbiotic Virus"},{"floor":24,"key":"Whetstone"},{"floor":26,"key":"DataDisk"},{"floor":36,"key":"Torii"}],"event_choices":[{"event_name":"Big Fish","player_choice":"Donut","floor":4,"damage_taken":0},{"event_name":"Liars Game","player_choice":"disagreed","floor":14,"damage_taken":0},{"event_name":"Nest","player_choice":"Stole From Cult","floor":25,"damage_taken":0},{"event_name":"Mysterious Sphere","player_choice":"Fight","floor":36,"damage_taken":0}],"is_beta":false,"boss_relics":[{"not_picked":["Ectoplasm","Orrery"],"picked":"Eternal Feather"},{"not_picked":["White Beast Statue","Calling Bell"],"picked":"Busted Crown"}],"items_purged_floors":[],"is_endless":false,"potions_floor_spawned":[3,5,8,16,21,22,24,27,36],"killed_by":"Transient","ascension_level":10}