{"gold_per_floor":[115,115,265,288,213,247,104,120,120,136,150,164,164,195,195,195],"floor_reached":16,"playtime":1379,"items_purged":[],"score":274,"play_id":"b1a08f2e-5062-4a69-8bcc-e698f3cf03ef","local_time":"20190914004856","is_ascension_mode":true,"campfire_choices":[{"floor":13,"key":"REST"},{"data":"Neutralize","floor":15,"key":"SMITH"}],"neow_cost":"NONE","seed_source_timestamp":1179957425742805,"circlet_count":0,"master_deck":["AscendersBane","Defend_G","Defend_G","Defend_G","Defend_G","Defend_G","Strike_G","Strike_G","Strike_G","Strike_G","Strike_G","Survivor","Neutralize+1","Sucker Punch","Choke","Corpse Explosion","Terror","Poisoned Stab","Slice","Backstab","Bane","Deflect","Crippling Poison"],"relics":["Ring of the Snake","NeowsBlessing","Golden Idol","Sundial","Smiling Mask","Molten Egg 2"],"potions_floor_usage":[10,14,16],"damage_taken":[{"damage":0,"enemies":"Jaw Worm","floor":1,"turns":1},{"damage":0,"enemies":"Small Slimes","floor":4,"turns":1},{"damage":0,"enemies":"Lagavulin","floor":6,"turns":1},{"damage":3,"enemies":"2 Louse","floor":8,"turns":3},{"damage":13,"enemies":"Exordium Thugs","floor":10,"turns":4},{"damage":7,"enemies":"Large Slime","floor":11,"turns":5},{"damage":8,"enemies":"Looter","floor":12,"turns":2},{"damage":8,"enemies":"3 Sentries","floor":14,"turns":5},{"damage":42,"enemies":"Slime Boss","floor":16,"turns":5}],"seed_played":"150730188063017889","potions_obtained":[{"floor":4,"key":"Fire Potion"},{"floor":8,"key":"Dexterity Potion"},{"floor":12,"key":"PowerPotion"}],"is_trial":false,"path_per_floor":["M","?","?","M","?","E","$","M","T","M","M","M","R","E","R","B"],"character_chosen":"THE_SILENT","items_purchased":["Terror","Poisoned Stab"],"campfire_rested":1,"item_purchase_floors":[7,7],"current_hp_per_floor":[59,59,59,59,59,59,59,56,56,43,36,28,46,38,38,0],"gold":195,"neow_bonus":"THREE_ENEMY_KILL","is_prod":false,"is_daily":false,"chose_seed":false,"campfire_upgraded":1,"win_rate":0,"timestamp":1568436536,"path_taken":["M","?","?","M","?","E","$","M","T","M","?","M","R","E","R","BOSS"],"build_version":"2019-01-23","purchased_purges":0,"victory":false,"max_hp_per_floor":[66,60,60,60,60,60,60,60,60,60,60,60,60,60,60,60],"card_choices":[{"not_picked":["Quick Slash","Concentrate"],"picked":"Sucker Punch","floor":1},{"not_picked":["Bane","Sucker Punch"],"picked":"Choke","floor":4},{"not_picked":["Dagger Spray","Calculated Gamble"],"picked":"Corpse Explosion","floor":6},{"not_picked":["Setup","Dagger Spray"],"picked":"Slice","floor":8},{"not_picked":["Underhanded Strike","Acrobatics"],"picked":"Backstab","floor":10},{"not_picked":["Quick Slash","Terror"],"picked":"Bane","floor":11},{"not_picked":["Backflip","Eviscerate"],"picked":"Deflect","floor":12},{"not_picked":["Reflex","Adrenaline"],"picked":"Crippling Poison","floor":14}],"player_experience":2941386,"relics_obtained":[{"floor":6,"key":"Sundial"},{"floor":9,"key":"Smiling Mask"},{"floor":14,"key":"Molten Egg 2"}],"event_choices":[{"damage_healed":0,"gold_gain":0,"player_choice":"Lose Max HP","damage_taken":0,"relics_obtained":["Golden Idol"],"max_hp_gain":0,"max_hp_loss":6,"event_name":"Golden Idol","floor":2,"gold_loss":0},{"damage_healed":0,"gold_gain":150,"player_choice":"AGREE","damage_taken":0,"max_hp_gain":0,"max_hp_loss":0,"event_name":"Liars Game","floor":3,"gold_loss":0,"cards_obtained":["Doubt"]},{"cards_removed":["Doubt"],"damage_healed":0,"gold_gain":0,"player_choice":"Card Removal","damage_taken":0,"max_hp_gain":0,"max_hp_loss":0,"event_name":"The Cleric","floor":5,"gold_loss":75}],"is_beta":false,"boss_relics":[],"items_purged_floors":[],"is_endless":false,"potions_floor_spawned":[4,8,12],"killed_by":"Slime Boss","ascension_level":20}