{"gold_per_floor":[218,10,10,24,40,40,59,85,85,100,125,138,138,138,138,213,213,229,247,247,258,258,258,258,287,287,124,138,138,166,180,180,257,257,268,268,285,385,385,385,385,412,490,490,545,545,559,76,76,76],"floor_reached":51,"playtime":6784,"items_purged":["Strike_R"],"score":1316,"play_id":"8bbf145a-8557-465d-a170-d92fb3cd9968","local_time":"20190423214144","is_ascension_mode":true,"campfire_choices":[{"data":"Pommel Strike","floor":6.0,"key":"SMITH"},{"floor":13.0,"key":"REST"},{"data":"Armaments","floor":15.0,"key":"SMITH"},{"floor":23.0,"key":"REST"},{"data":"Limit Break","floor":29.0,"key":"SMITH"},{"floor":32.0,"key":"REST"},{"data":"Armaments","floor":40,"key":"SMITH"},{"data":"Heavy Blade","floor":41,"key":"SMITH"},{"floor":44,"key":"REST"},{"floor":46,"key":"REST"},{"floor":49,"key":"REST"}],"neow_cost":"NONE","seed_source_timestamp":365936665204623,"circlet_count":0,"master_deck":["AscendersBane","Strike_R","Strike_R","Strike_R","Strike_R","Defend_R","Defend_R","Defend_R","Defend_R","Bash","Pommel Strike+1","Iron Wave","Shrug It Off","Flex","Rupture","Shrug It Off+1","Limit Break+1","Rage","Bloodletting","Armaments+1","Cleave","Demon Form","Second Wind","Body Slam+1","Body Slam+1","J.A.X.+1","Bloodletting","Spot Weakness+1","Blood for Blood","Rampage","Impervious","Armaments+1","Twin Strike+1","Heavy Blade+1","Brutality","Metallicize","Impervious"],"special_seed":0,"relics":["Burning Blood","Bottled Lightning","Thread and Needle","Gambling Chip","Bronze Scales","Runic Pyramid","Pear","Happy Flower","War Paint","Question Card","Philosopher\u0027s Stone","WingedGreaves","Calipers","Letter Opener","Magic Flower","Dead Branch"],"potions_floor_usage":[37,50,50],"damage_taken":[{"damage":1.0,"enemies":"Cultist","floor":1.0,"turns":3.0},{"damage":7.0,"enemies":"Jaw Worm","floor":4.0,"turns":4.0},{"damage":5.0,"enemies":"Small Slimes","floor":5.0,"turns":3.0},{"damage":1.0,"enemies":"Exordium Wildlife","floor":7.0,"turns":3.0},{"damage":39.0,"enemies":"Lagavulin","floor":8.0,"turns":9.0},{"damage":0.0,"enemies":"Blue Slaver","floor":10.0,"turns":3.0},{"damage":35.0,"enemies":"Gremlin Nob","floor":11.0,"turns":5.0},{"damage":10.0,"enemies":"Exordium Thugs","floor":12.0,"turns":7.0},{"damage":32.0,"enemies":"The Guardian","floor":16.0,"turns":15.0},{"damage":27.0,"enemies":"Chosen","floor":18.0,"turns":6.0},{"damage":11.0,"enemies":"Shell Parasite","floor":19.0,"turns":6.0},{"damage":7.0,"enemies":"Chosen and Byrds","floor":21.0,"turns":7.0},{"damage":21.0,"enemies":"Gremlin Leader","floor":25.0,"turns":7.0},{"damage":3.0,"enemies":"Snake Plant","floor":28.0,"turns":4.0},{"damage":38.0,"enemies":"Book of Stabbing","floor":30.0,"turns":5.0},{"damage":6.0,"enemies":"Centurion and Healer","floor":31.0,"turns":3.0},{"damage":44.0,"enemies":"Champ","floor":33.0,"turns":8.0},{"damage":3.0,"enemies":"Orb Walker","floor":35.0,"turns":2.0},{"damage":28,"enemies":"3 Darklings","floor":37,"turns":6},{"damage":6,"enemies":"Mind Bloom Boss Battle","floor":38,"turns":7},{"damage":22,"enemies":"Giant Head","floor":42,"turns":7},{"damage":28,"enemies":"2 Orb Walkers","floor":45,"turns":4},{"damage":0,"enemies":"4 Shapes","floor":47,"turns":4},{"damage":28,"enemies":"Time Eater","floor":50,"turns":7}],"seed_played":"-3193822083183613744","potions_obtained":[{"floor":5.0,"key":"Strength Potion"},{"floor":7.0,"key":"Explosive Potion"},{"floor":10.0,"key":"Dexterity Potion"},{"floor":11.0,"key":"Ancient Potion"},{"floor":21.0,"key":"Block Potion"},{"floor":28.0,"key":"Energy Potion"},{"floor":31.0,"key":"Fire Potion"},{"floor":33.0,"key":"PowerPotion"},{"floor":45,"key":"Strength Potion"}],"is_trial":false,"path_per_floor":["M","$","?","M","M","R","M","E","T","M","E","M","R","T","R","B",null,"M","M","$","M","?","R","?","E","T","$","M","R","E","M","R","B",null,"M","?","M","?","?","R","R","E","T","R","?","R","M","$","R","B",null],"character_chosen":"IRONCLAD","items_purchased":["Iron Wave","Shrug It Off","Flex","War Paint","Dead Branch","Impervious"],"campfire_rested":6,"item_purchase_floors":[2,2,2,27,48,48],"current_hp_per_floor":[73,73,73,72,73,73,75,42,42,48,19,15,37,37,37,11,59,38,33,33,32,32,54,54,49,49,49,52,52,20,20,45,7,66,69,69,47,47,47,47,47,31,31,56,34,59,68,68,85,66],"gold":76,"neow_bonus":"HUNDRED_GOLD","is_prod":false,"is_daily":false,"chose_seed":false,"campfire_upgraded":5,"win_rate":0,"timestamp":1556070104,"path_taken":["M","$","?","M","M","R","M","E","T","M","E","M","R","?","R","BOSS","M","M","$","M","?","R","?","E","T","?","M","R","E","M","R","BOSS","M","?","?","?","?","R","R","E","T","R","?","R","?","$","R","BOSS"],"build_version":"2019-01-23","purchased_purges":1,"victory":true,"max_hp_per_floor":[75,75,75,75,75,75,75,75,75,75,75,75,75,75,75,75,75,75,75,75,75,75,75,75,85,85,85,85,85,85,85,85,85,85,85,85,85,85,85,85,85,85,85,85,85,85,85,85,85,85],"card_choices":[{"not_picked":["Iron Wave","Havoc"],"picked":"Pommel Strike","floor":1.0},{"not_picked":["Wild Strike","Burning Pact"],"picked":"Rupture","floor":4.0},{"not_picked":["Clash","Perfected Strike"],"picked":"Shrug It Off","floor":5.0},{"not_picked":["Perfected Strike","Thunderclap"],"picked":"Limit Break","floor":7.0},{"not_picked":["Infernal Blade","Uppercut"],"picked":"Rage","floor":8.0},{"not_picked":["Cleave","Perfected Strike"],"picked":"Bloodletting","floor":10.0},{"not_picked":["True Grit","Evolve"],"picked":"Armaments","floor":11.0},{"not_picked":["Evolve","Havoc"],"picked":"Cleave","floor":12.0},{"not_picked":["Barricade","Limit Break"],"picked":"Demon Form","floor":16.0},{"not_picked":["Pommel Strike","Headbutt"],"picked":"Second Wind","floor":18.0},{"not_picked":["Sword Boomerang","Havoc"],"picked":"Body Slam+1","floor":19.0},{"not_picked":["Corruption","True Grit"],"picked":"Body Slam+1","floor":21.0},{"not_picked":["Warcry","Ghostly Armor"],"picked":"Bloodletting","floor":25.0},{"not_picked":["Iron Wave","True Grit"],"picked":"Spot Weakness+1","floor":28.0},{"not_picked":["Shrug It Off","Flame Barrier"],"picked":"Blood for Blood","floor":30.0},{"not_picked":["Perfected Strike","Sentinel","Iron Wave+1"],"picked":"Rampage","floor":31.0},{"not_picked":["Demon Form","Double Tap","Exhume"],"picked":"Impervious","floor":33.0},{"not_picked":["Sword Boomerang","Pommel Strike","True Grit"],"picked":"Armaments","floor":35.0},{"not_picked":["Inflame","Infernal Blade+1","Fire Breathing"],"picked":"Twin Strike+1","floor":37},{"not_picked":["Combust","Wild Strike+1","Burning Pact"],"picked":"Heavy Blade","floor":38},{"not_picked":["Body Slam","Shrug It Off","Carnage+1"],"picked":"Brutality","floor":42},{"not_picked":["Warcry","Dual Wield","True Grit"],"picked":"Metallicize","floor":47}],"player_experience":2517809,"relics_obtained":[{"floor":8.0,"key":"Bottled Lightning"},{"floor":9.0,"key":"Thread and Needle"},{"floor":11.0,"key":"Gambling Chip"},{"floor":14.0,"key":"Bronze Scales"},{"floor":25.0,"key":"Pear"},{"floor":26.0,"key":"Happy Flower"},{"floor":30.0,"key":"Question Card"},{"floor":38,"key":"WingedGreaves"},{"floor":42,"key":"Calipers"},{"floor":43,"key":"Letter Opener"},{"floor":45,"key":"Magic Flower"}],"event_choices":[{"damage_healed":0.0,"max_hp_gain":0.0,"max_hp_loss":0.0,"gold_gain":0.0,"event_name":"Liars Game","player_choice":"Ignored","floor":3.0,"gold_loss":0.0,"damage_taken":0.0},{"damage_healed":0.0,"max_hp_gain":0.0,"max_hp_loss":0.0,"gold_gain":0.0,"event_name":"Drug Dealer","player_choice":"Obtain J.A.X.","floor":22.0,"gold_loss":0.0,"damage_taken":0.0,"cards_obtained":["J.A.X."]},{"damage_healed":0.0,"max_hp_gain":0.0,"max_hp_loss":0.0,"gold_gain":0.0,"event_name":"The Mausoleum","player_choice":"Ignored","floor":24.0,"gold_loss":0.0,"damage_taken":0.0},{"damage_healed":0.0,"max_hp_gain":0.0,"max_hp_loss":0.0,"gold_gain":0.0,"event_name":"FaceTrader","player_choice":"Leave","floor":36.0,"gold_loss":0.0,"damage_taken":0.0},{"damage_healed":0,"gold_gain":0,"player_choice":"Fight","damage_taken":0,"max_hp_gain":0,"max_hp_loss":0,"event_name":"MindBloom","floor":38,"gold_loss":0},{"damage_healed":0,"gold_gain":0,"player_choice":"Ignored","damage_taken":0,"max_hp_gain":0,"max_hp_loss":0,"event_name":"Tomb of Lord Red Mask","floor":39,"gold_loss":0},{"damage_healed":0,"gold_gain":0,"player_choice":"Fight","damage_taken":0,"max_hp_gain":0,"max_hp_loss":0,"event_name":"Mysterious Sphere","floor":45,"gold_loss":0}],"is_beta":false,"boss_relics":[{"not_picked":["Lizard Tail","Black Blood"],"picked":"Runic Pyramid"},{"not_picked":["Astrolabe","Eternal Feather"],"picked":"Philosopher\u0027s Stone"}],"items_purged_floors":[2],"is_endless":false,"potions_floor_spawned":[5,7,10,11,21,28,31,33,35,45,47],"ascension_level":17}