{"gold_per_floor":[115,127,127,127,139,168,168,214,214,214,241,18,18,51,51,123,123,141,158,169,1,51,51,64,91,167,167,183,193,55,55,55,129,129,149,169,222,241,253,253,266,266,266,279,291,291,291,8,8,8],"floor_reached":50,"playtime":5412,"items_purged":[],"score":916,"play_id":"9aa1e683-ba7e-400b-a686-2a885a555e6b","local_time":"20190505033238","is_ascension_mode":true,"campfire_choices":[{"floor":10,"key":"REST"},{"data":"Static Discharge","floor":13,"key":"SMITH"},{"floor":15,"key":"REST"},{"data":"Seek","floor":23,"key":"SMITH"},{"data":"Go for the Eyes","floor":27,"key":"SMITH"},{"floor":32,"key":"REST"},{"data":"Reinforced Body","floor":40,"key":"SMITH"},{"floor":42,"key":"REST"},{"floor":47,"key":"REST"},{"floor":49,"key":"REST"}],"neow_cost":"NONE","seed_source_timestamp":0,"circlet_count":0,"master_deck":["AscendersBane","Strike_B","Defend_B+1","Defend_B+1","Defend_B","Zap+1","Dualcast","Rip and Tear","Gash","Ball Lightning","Seek+1","Static Discharge+1","Thunder Strike","Electrodynamics","Go for the Eyes+1","Conserve Battery","Reinforced Body+1","Dark Shackles","Hologram+1","Tempest","Beam Cell","Echo Form","Self Repair","Steam","Reprogram","Machine Learning","Glacier+1","Conserve Battery+1","Electrodynamics+1","Sunder","Turbo","Parasite","Finesse"],"special_seed":0,"relics":["Cracked Core","NeowsBlessing","Art of War","War Paint","Bottled Lightning","Oddly Smooth Stone","Lee\u0027s Waffle","PreservedInsect","Velvet Choker","Gambling Chip","Pear","Astrolabe","Incense Burner","Sundial","Gremlin Horn"],"potions_floor_usage":[6,11,14,16,25,33,37,50],"damage_taken":[{"damage":0.0,"enemies":"Small Slimes","floor":1.0,"turns":1.0},{"damage":0.0,"enemies":"Jaw Worm","floor":2.0,"turns":1.0},{"damage":0.0,"enemies":"Cultist","floor":5.0,"turns":1.0},{"damage":32,"enemies":"Gremlin Nob","floor":6,"turns":4},{"damage":22,"enemies":"Lagavulin","floor":11,"turns":5},{"damage":36,"enemies":"Gremlin Nob","floor":14,"turns":3},{"damage":20,"enemies":"Slime Boss","floor":16,"turns":7},{"damage":14,"enemies":"2 Thieves","floor":18,"turns":3},{"damage":3,"enemies":"Chosen","floor":19,"turns":4},{"damage":2,"enemies":"3 Cultists","floor":20,"turns":3},{"damage":10,"enemies":"Snake Plant","floor":24,"turns":3},{"damage":13,"enemies":"Book of Stabbing","floor":25,"turns":3},{"damage":4,"enemies":"Sentry and Sphere","floor":28,"turns":4},{"damage":0,"enemies":"Centurion and Healer","floor":29,"turns":3},{"damage":11,"enemies":"Automaton","floor":33,"turns":5},{"damage":0,"enemies":"3 Shapes","floor":35,"turns":4},{"damage":19,"enemies":"3 Darklings","floor":36,"turns":3},{"damage":43,"enemies":"2 Orb Walkers","floor":37,"turns":5},{"damage":27,"enemies":"Spire Growth","floor":38,"turns":4},{"damage":1,"enemies":"Writhing Mass","floor":39,"turns":5},{"damage":24,"enemies":"Jaw Worm Horde","floor":41,"turns":3},{"damage":1,"enemies":"3 Darklings","floor":44,"turns":2},{"damage":6,"enemies":"4 Shapes","floor":45,"turns":4},{"damage":86,"enemies":"Awakened One","floor":50,"turns":11}],"seed_played":"-2290371065010329926","potions_obtained":[{"floor":1.0,"key":"SteroidPotion"},{"floor":5.0,"key":"SteroidPotion"},{"floor":11,"key":"GamblersBrew"},{"floor":14,"key":"FocusPotion"},{"floor":18,"key":"LiquidBronze"},{"floor":20,"key":"AttackPotion"},{"floor":28,"key":"PowerPotion"},{"floor":37,"key":"Energy Potion"},{"floor":44,"key":"FearPotion"}],"is_trial":false,"path_per_floor":["M","M","?","?","M","E","?","T","T","R","E","$","R","E","R","B",null,"M","M","M","$","?","R","M","E","T","R","M","M","$","?","R","B",null,"M","M","?","M","M","R","M","R","T","M","M","?","R","$","R","B"],"character_chosen":"DEFECT","items_purchased":["Lee\u0027s Waffle","Reinforced Body","Dark Shackles","Self Repair","Steam","Gremlin Horn"],"campfire_rested":6,"item_purchase_floors":[12,21,21,30,30,48],"current_hp_per_floor":[64,64,53,53,53,21,21,21,21,42,20,78,78,42,65,45,70,56,53,51,51,51,51,41,28,38,38,34,34,34,34,60,49,78,85,66,30,17,30,30,6,32,32,31,25,25,51,51,77,0],"gold":8,"neow_bonus":"THREE_ENEMY_KILL","is_prod":false,"is_daily":false,"chose_seed":false,"campfire_upgraded":4,"win_rate":0,"timestamp":1557041558,"path_taken":["M","M","?","?","?","E","?","?","T","R","E","$","R","E","R","BOSS","M","M","M","$","?","R","M","E","T","R","M","?","$","?","R","BOSS","M","?","?","M","M","R","M","R","T","M","M","?","R","?","R","BOSS"],"build_version":"2019-01-23","purchased_purges":0,"victory":false,"max_hp_per_floor":[71,71,71,71,71,71,71,71,71,71,71,78,78,78,78,78,78,78,78,78,78,78,78,78,78,88,88,88,88,88,88,88,88,88,88,88,88,88,88,88,88,88,88,88,88,88,88,88,88,88],"card_choices":[{"not_picked":["Conserve Battery","Stack"],"picked":"Rip and Tear","floor":1.0},{"not_picked":["Leap","Turbo"],"picked":"Gash","floor":2.0},{"not_picked":["Storm","Loop"],"picked":"Ball Lightning","floor":5.0},{"not_picked":["Consume","Compile Driver"],"picked":"Seek","floor":6},{"not_picked":["Chill","Steam"],"picked":"Static Discharge","floor":11},{"not_picked":["Beam Cell","Stack"],"picked":"Thunder Strike","floor":14},{"not_picked":["Amplify","Thunder Strike"],"picked":"Electrodynamics","floor":16},{"not_picked":["Coolheaded","Recycle","Rebound"],"picked":"SKIP","floor":18},{"not_picked":["Conserve Battery","Recycle"],"picked":"Go for the Eyes","floor":19},{"not_picked":["Cold Snap","Streamline"],"picked":"Conserve Battery","floor":20},{"not_picked":["Streamline+1","Cold Snap"],"picked":"Hologram+1","floor":24},{"not_picked":["Sweeping Beam","Barrage"],"picked":"Tempest","floor":25},{"not_picked":["Aggregate","Go for the Eyes"],"picked":"Beam Cell","floor":28},{"not_picked":["Coolheaded+1","Steam Power"],"picked":"Echo Form","floor":29},{"not_picked":["Rainbow","Amplify"],"picked":"Machine Learning","floor":33},{"not_picked":["Gash","White Noise"],"picked":"Sunder","floor":35},{"not_picked":["Sweeping Beam","FTL+1","Hologram"],"picked":"SKIP","floor":36},{"not_picked":["Skim","Rebound"],"picked":"Turbo","floor":37},{"not_picked":["Conserve Battery","Barrage","Sweeping Beam"],"picked":"SKIP","floor":38},{"not_picked":["Ball Lightning","Undo","Conserve Battery"],"picked":"SKIP","floor":39},{"not_picked":["Rebound","Streamline","Sweeping Beam"],"picked":"SKIP","floor":41},{"not_picked":["Barrage+1","Thunder Strike","Hologram"],"picked":"SKIP","floor":44},{"not_picked":["Turbo","Leap","Rip and Tear"],"picked":"SKIP","floor":45},{"not_picked":["Trip","Jack Of All Trades"],"picked":"Finesse","floor":46}],"player_experience":2569241,"relics_obtained":[{"floor":6,"key":"Art of War"},{"floor":8,"key":"War Paint"},{"floor":9,"key":"Bottled Lightning"},{"floor":11,"key":"Oddly Smooth Stone"},{"floor":14,"key":"PreservedInsect"},{"floor":25,"key":"Gambling Chip"},{"floor":26,"key":"Pear"},{"floor":37,"key":"Incense Burner"},{"floor":43,"key":"Sundial"}],"event_choices":[{"damage_healed":0.0,"max_hp_gain":0.0,"max_hp_loss":0.0,"gold_gain":0.0,"event_name":"Scrap Ooze","player_choice":"Fled","floor":3.0,"gold_loss":0.0,"damage_taken":11.0},{"damage_healed":0.0,"max_hp_gain":0.0,"max_hp_loss":0.0,"gold_gain":0.0,"event_name":"Living Wall","player_choice":"Grow","floor":4.0,"gold_loss":0.0,"damage_taken":0.0,"cards_upgraded":["Zap"]},{"damage_healed":0,"gold_gain":0,"player_choice":"Ignored","damage_taken":0,"max_hp_gain":0,"max_hp_loss":0,"event_name":"Liars Game","floor":7,"gold_loss":0},{"damage_healed":0,"gold_gain":50,"player_choice":"Pray","damage_taken":0,"max_hp_gain":0,"max_hp_loss":0,"event_name":"Golden Shrine","floor":22,"gold_loss":0},{"damage_healed":0,"gold_gain":0,"cards_transformed":["Strike_B"],"player_choice":"Transformed","damage_taken":0,"max_hp_gain":0,"max_hp_loss":0,"event_name":"Transmorgrifier","floor":31,"gold_loss":0,"cards_obtained":["Reprogram"]},{"damage_healed":0,"gold_gain":0,"player_choice":"Fight","damage_taken":0,"max_hp_gain":0,"max_hp_loss":0,"event_name":"Mysterious Sphere","floor":37,"gold_loss":0},{"damage_healed":0,"gold_gain":0,"player_choice":"Memory 1","damage_taken":0,"max_hp_gain":0,"max_hp_loss":0,"event_name":"SensoryStone","floor":46,"gold_loss":0}],"is_beta":false,"boss_relics":[{"not_picked":["Coffee Dripper","Runic Pyramid"],"picked":"Velvet Choker"},{"not_picked":["Fusion Hammer","FrozenCore"],"picked":"Astrolabe"}],"items_purged_floors":[],"is_endless":false,"potions_floor_spawned":[1,5,11,14,18,20,24,28,37,44,45],"killed_by":"Awakened One","ascension_level":18}