{"gold_per_floor":[110,126,73,148,148,175,186,211,286,299,325,325,344,24,24,97,97,115,115,132,132,151,170,170,170,170,205,205,219,4,4],"floor_reached":31,"playtime":12189,"items_purged":["Strike_P"],"score":650,"play_id":"ecab5cb6-7dc2-479c-a05d-df166085ee42","local_time":"20190922154540","is_ascension_mode":true,"campfire_choices":[{"data":"Eruption","floor":12.0,"key":"SMITH"},{"data":"Devotion","floor":15.0,"key":"SMITH"},{"data":"SandsOfTime","floor":24,"key":"SMITH"},{"data":"Collect","floor":28,"key":"SMITH"}],"neow_cost":"NONE","seed_source_timestamp":0,"circlet_count":0,"master_deck":["AscendersBane","Strike_P","Strike_P","Defend_P","Defend_P","Defend_P","Defend_P","Eruption+1","Vigilance","Consecrate","SandsOfTime+1","Sanctity","CutThroughFate","CutThroughFate","EmptyBody","BattleHymn","TalkToTheHand","Devotion+1","MasterReality","Protect+1","ForeignInfluence","EmptyBody","Sanctity","JustLucky","Collect+1"],"special_seed":0,"relics":["HolyWater","NeowsBlessing","StoneCalendar","Toy Ornithopter","Mercury Hourglass","Dream Catcher","Pen Nib","Juzu Bracelet","Chemical X"],"potions_floor_usage":[20,27,27,31,31],"damage_taken":[{"damage":0.0,"enemies":"Small Slimes","floor":1.0,"turns":1.0},{"damage":0.0,"enemies":"Jaw Worm","floor":2.0,"turns":1.0},{"damage":0.0,"enemies":"Gremlin Nob","floor":6.0,"turns":1.0},{"damage":0.0,"enemies":"Cultist","floor":7.0,"turns":3.0},{"damage":13.0,"enemies":"3 Sentries","floor":8.0,"turns":5.0},{"damage":0.0,"enemies":"Large Slime","floor":10.0,"turns":3.0},{"damage":0.0,"enemies":"Gremlin Nob","floor":11.0,"turns":2.0},{"damage":2.0,"enemies":"Gremlin Gang","floor":13.0,"turns":5.0},{"damage":6.0,"enemies":"Hexaghost","floor":16.0,"turns":6.0},{"damage":8,"enemies":"2 Thieves","floor":18,"turns":4},{"damage":1,"enemies":"Chosen","floor":20,"turns":3},{"damage":0,"enemies":"3 Cultists","floor":22,"turns":3},{"damage":0,"enemies":"Centurion and Healer","floor":23,"turns":5},{"damage":7,"enemies":"Book of Stabbing","floor":27,"turns":5},{"damage":13,"enemies":"Sentry and Sphere","floor":29,"turns":6},{"damage":49,"enemies":"Gremlin Leader","floor":31,"turns":4}],"seed_played":"2362145078598471583","potions_obtained":[{"floor":2.0,"key":"StancePotion"},{"floor":11.0,"key":"Strength Potion"},{"floor":16.0,"key":"PowerPotion"},{"floor":23,"key":"Swift Potion"},{"floor":29,"key":"LiquidBronze"}],"is_trial":false,"path_per_floor":["M","M","$","?","?","E","M","E","T","M","E","R","M","$","R","B",null,"M","?","M","?","M","M","R","?","T","E","R","M","$","E"],"character_chosen":"WATCHER","items_purchased":["SteroidPotion","Pen Nib","Devotion","SteroidPotion","Chemical X"],"campfire_rested":0,"item_purchase_floors":[3,14,14,30,30],"current_hp_per_floor":[55,55,55,44,44,44,44,31,31,36,36,36,34,34,34,28,53,45,45,49,49,49,49,49,49,49,52,52,39,39,0],"gold":4,"neow_bonus":"THREE_ENEMY_KILL","is_prod":false,"is_daily":false,"chose_seed":false,"campfire_upgraded":4,"win_rate":0,"timestamp":1569123940,"path_taken":["M","M","$","?","?","E","?","E","T","M","E","R","M","$","R","BOSS","M","?","?","?","?","M","R","?","T","E","R","M","$","E"],"build_version":"2019-09-20","purchased_purges":1,"victory":false,"max_hp_per_floor":[61,61,61,61,61,61,61,61,61,61,61,61,61,61,61,61,61,61,61,61,61,61,61,61,61,61,61,61,61,61,61],"card_choices":[{"not_picked":["ClearTheMind","Protect"],"picked":"Consecrate","floor":1.0},{"not_picked":["EmptyBody","BowlingBash"],"picked":"SandsOfTime","floor":2.0},{"not_picked":["StepAndStrike","WaveOfTheHand"],"picked":"Sanctity","floor":6.0},{"not_picked":["SpiritShield","Perseverance"],"picked":"CutThroughFate","floor":7.0},{"not_picked":["MentalFortress","Metaphysics"],"picked":"CutThroughFate","floor":8.0},{"not_picked":["Sanctity","EmptyFist"],"picked":"EmptyBody","floor":10.0},{"not_picked":["Establishment","ThirdEye"],"picked":"BattleHymn","floor":11.0},{"not_picked":["Scrawl","EmptyBody"],"picked":"TalkToTheHand","floor":13.0},{"not_picked":["Pray","Unraveling"],"picked":"MasterReality","floor":16.0},{"not_picked":["EmptyMind+1","SandsOfTime"],"picked":"Protect+1","floor":18},{"not_picked":["Prostrate","Perseverance"],"picked":"ForeignInfluence","floor":20},{"not_picked":["CrushJoints","SpiritShield"],"picked":"Sanctity","floor":22},{"not_picked":["Sanctity","Wireheading"],"picked":"JustLucky","floor":23},{"not_picked":["EmptyMind","CrushJoints"],"picked":"Collect","floor":27},{"not_picked":["Tantrum","Alpha","Sanctity"],"picked":"SKIP","floor":29}],"player_experience":1181572,"relics_obtained":[{"floor":6.0,"key":"StoneCalendar"},{"floor":8.0,"key":"Toy Ornithopter"},{"floor":9.0,"key":"Mercury Hourglass"},{"floor":11.0,"key":"Dream Catcher"},{"floor":27,"key":"Juzu Bracelet"}],"event_choices":[{"damage_healed":0.0,"max_hp_gain":0.0,"max_hp_loss":0.0,"gold_gain":75.0,"event_name":"World of Goop","player_choice":"Gather Gold","floor":4.0,"gold_loss":0.0,"damage_taken":11.0},{"damage_healed":0.0,"max_hp_gain":0.0,"max_hp_loss":0.0,"gold_gain":0.0,"event_name":"Lab","player_choice":"Got Potions","floor":5.0,"gold_loss":0.0,"damage_taken":0.0},{"damage_healed":0,"gold_gain":0,"player_choice":"0 cards matched","damage_taken":0,"max_hp_gain":0,"max_hp_loss":0,"event_name":"Match and Keep!","floor":19,"gold_loss":0,"cards_obtained":[]},{"damage_healed":0,"gold_gain":0,"cards_transformed":["Strike_P"],"player_choice":"Transformed","damage_taken":0,"max_hp_gain":0,"max_hp_loss":0,"event_name":"Transmorgrifier","floor":21,"gold_loss":0,"cards_obtained":["EmptyBody"]},{"damage_healed":0,"gold_gain":0,"player_choice":"Ignored","damage_taken":0,"max_hp_gain":0,"max_hp_loss":0,"event_name":"The Mausoleum","floor":25,"gold_loss":0}],"is_beta":true,"boss_relics":[{"not_picked":["Coffee Dripper","Runic Pyramid"],"picked":"HolyWater"}],"items_purged_floors":[14],"is_endless":false,"potions_floor_spawned":[2,6,7,11,16,18,23,29],"killed_by":"Gremlin Leader","ascension_level":20}