{"gold_per_floor":[110,38,58,13,29,49,68,84,107,107,282,282,295,295,295,397,397,408,428,428,18,318,350,350],"floor_reached":24,"playtime":1563,"items_purged":[],"score":229,"play_id":"4d7c5d17-8bb8-4eaf-8228-b9d81e3ade22","local_time":"20190812093956","is_ascension_mode":true,"campfire_choices":[{"floor":10,"key":"REST"},{"data":"Zap","floor":12,"key":"SMITH"},{"floor":15,"key":"REST"}],"neow_cost":"NONE","seed_source_timestamp":109685421812840,"circlet_count":0,"master_deck":["Strike_B","Strike_B","Strike_B","Strike_B","Defend_B","Defend_B","Defend_B","Defend_B","Zap+1","Dualcast","Conserve Battery","Cold Snap","Rebound","Stack","Redo","FTL","Tempest","Aggregate","Skim","Doubt","Chaos","Reboot","Mind Blast","Multi-Cast","Melter","FTL+1","Melter","Ball Lightning","Static Discharge","Decay","Redo+1"],"relics":["Cracked Core","Regal Pillow","Oddly Smooth Stone","Cursed Key","Kunai","Old Coin","Boot"],"potions_floor_usage":[18,23,23,23],"damage_taken":[{"damage":0,"enemies":"Cultist","floor":1,"turns":4},{"damage":2,"enemies":"Jaw Worm","floor":3,"turns":4},{"damage":0,"enemies":"Small Slimes","floor":5,"turns":3},{"damage":6,"enemies":"2 Fungi Beasts","floor":6,"turns":4},{"damage":11,"enemies":"Looter","floor":7,"turns":4},{"damage":22,"enemies":"Lots of Slimes","floor":8,"turns":4},{"damage":18,"enemies":"Large Slime","floor":13,"turns":5},{"damage":39,"enemies":"Slime Boss","floor":16,"turns":10},{"damage":5,"enemies":"Spheric Guardian","floor":18,"turns":4},{"damage":20,"enemies":"3 Byrds","floor":19,"turns":4},{"damage":47,"enemies":"Slavers","floor":23,"turns":4},{"damage":9,"enemies":"Centurion and Healer","floor":24,"turns":1}],"seed_played":"-2622906439106929529","potions_obtained":[{"floor":6,"key":"Poison Potion"},{"floor":8,"key":"Strength Potion"},{"floor":13,"key":"LiquidBronze"},{"floor":16,"key":"AttackPotion"},{"floor":18,"key":"Swift Potion"}],"is_trial":false,"path_per_floor":["M","$","M","$","M","M","M","M","T","R","?","R","M","?","R","B",null,"M","M","?","$","T","E","M"],"character_chosen":"DEFECT","items_purchased":["Cold Snap","Rebound","Redo","Kunai","Melter","Ball Lightning","Static Discharge"],"campfire_rested":2,"item_purchase_floors":[2,2,4,21,21,21,21],"current_hp_per_floor":[75,75,73,73,73,67,56,34,34,71,71,71,53,53,75,36,75,70,50,50,50,50,3,0],"gold":350,"neow_bonus":"RANDOM_COMMON_RELIC","is_prod":false,"is_daily":false,"chose_seed":false,"campfire_upgraded":1,"win_rate":0,"timestamp":1565613596,"path_taken":["M","$","M","$","M","M","M","M","T","R","?","R","M","?","R","BOSS","M","M","?","$","?","E","M"],"build_version":"2019-07-17","purchased_purges":0,"victory":false,"max_hp_per_floor":[75,75,75,75,75,75,75,75,75,75,75,75,75,75,75,75,75,75,75,75,75,75,75,75],"card_choices":[{"not_picked":["Coolheaded","Go for the Eyes"],"picked":"Conserve Battery","floor":1},{"not_picked":["Reprogram","Conserve Battery"],"picked":"Stack","floor":3},{"not_picked":["Leap","Static Discharge"],"picked":"FTL","floor":5},{"not_picked":["Hologram","Reprogram"],"picked":"Tempest","floor":6},{"not_picked":["Steam","Force Field"],"picked":"Aggregate","floor":7},{"not_picked":["Barrage","Hologram"],"picked":"Skim","floor":8},{"not_picked":["Rebound","Go for the Eyes"],"picked":"Chaos","floor":13},{"not_picked":["Amplify","Machine Learning"],"picked":"Multi-Cast","floor":16},{"not_picked":["Barrage","Doom and Gloom+1"],"picked":"Melter","floor":18},{"not_picked":["Rip and Tear","Compile Driver"],"picked":"FTL+1","floor":19},{"not_picked":["Heatsinks+1","Reprogram"],"picked":"Redo+1","floor":23}],"player_experience":299318,"relics_obtained":[{"floor":9,"key":"Oddly Smooth Stone"},{"floor":22,"key":"Old Coin"},{"floor":23,"key":"Boot"}],"event_choices":[{"damage_healed":0,"gold_gain":175,"player_choice":"AGREE","damage_taken":0,"max_hp_gain":0,"max_hp_loss":0,"event_name":"Liars Game","floor":11,"gold_loss":0,"cards_obtained":["Doubt"]},{"damage_healed":0,"gold_gain":0,"player_choice":"2 cards matched","damage_taken":0,"max_hp_gain":0,"max_hp_loss":0,"event_name":"Match and Keep!","floor":14,"gold_loss":0,"cards_obtained":["Reboot","Mind Blast"]},{"damage_healed":0,"gold_gain":0,"player_choice":"Leave","damage_taken":0,"max_hp_gain":0,"max_hp_loss":0,"event_name":"FaceTrader","floor":20,"gold_loss":0}],"is_beta":false,"boss_relics":[{"not_picked":["Ectoplasm","Busted Crown"],"picked":"Cursed Key"}],"items_purged_floors":[],"is_endless":false,"potions_floor_spawned":[6,8,13,16,18],"killed_by":"Centurion and Healer","ascension_level":2}