{"gold_per_floor":[112,112,127,127,127,127,127,137,190,22,39,67,81,81,81,181,181,193,193,193,11,11,11,27,38,38,49,49,64,84,102,102,102],"floor_reached":33,"playtime":2420,"items_purged":[],"score":274,"play_id":"88834023-de5f-4bdb-8a79-b15ea28383cb","local_time":"20190717174452","is_ascension_mode":false,"campfire_choices":[{"floor":6,"key":"REST"},{"data":"Choke","floor":15,"key":"SMITH"},{"floor":23,"key":"REST"},{"floor":28,"key":"REST"},{"floor":32,"key":"REST"}],"neow_cost":"NONE","seed_source_timestamp":198181557174836,"circlet_count":0,"master_deck":["Strike_G","Strike_G","Strike_G","Strike_G","Strike_G","Defend_G","Defend_G","Defend_G","Defend_G","Defend_G","Survivor","Neutralize","Corpse Explosion+1","Deflect","Endless Agony","Blur","Finesse","Underhanded Strike","Choke+1","Dagger Spray","Storm of Steel","Flying Knee","Panache","Shame","Dash","Quick Slash","Terror","Deadly Poison+1","Bane+1","Dagger Spray"],"relics":["Ring of the Snake","Turnip","Bronze Scales","Gremlin Horn","Philosopher\u0027s Stone","Nilry\u0027s Codex","Ninja Scroll","Calipers"],"potions_floor_usage":[8,12,12,25,29,29,29,33],"damage_taken":[{"damage":2,"enemies":"Cultist","floor":1,"turns":4},{"damage":2,"enemies":"Small Slimes","floor":3,"turns":4},{"damage":0,"enemies":"Jaw Worm","floor":8,"turns":4},{"damage":0,"enemies":"Large Slime","floor":11,"turns":6},{"damage":0,"enemies":"3 Sentries","floor":12,"turns":6},{"damage":0,"enemies":"3 Louse","floor":13,"turns":1},{"damage":39,"enemies":"Hexaghost","floor":16,"turns":11},{"damage":9,"enemies":"Shell Parasite","floor":18,"turns":5},{"damage":15,"enemies":"2 Thieves","floor":24,"turns":3},{"damage":2,"enemies":"3 Cultists","floor":25,"turns":2},{"damage":7,"enemies":"Shelled Parasite and Fungi","floor":27,"turns":3},{"damage":8,"enemies":"Cultist and Chosen","floor":29,"turns":2},{"damage":24,"enemies":"Snake Plant","floor":30,"turns":2},{"damage":7,"enemies":"Snecko","floor":31,"turns":3},{"damage":73,"enemies":"Automaton","floor":33,"turns":6}],"seed_played":"7493562802484207971","potions_obtained":[{"floor":0,"key":"Dexterity Potion"},{"floor":0,"key":"EssenceOfSteel"},{"floor":0,"key":"Dexterity Potion"},{"floor":8,"key":"Regen Potion"},{"floor":12,"key":"Ancient Potion"},{"floor":16,"key":"LiquidBronze"},{"floor":25,"key":"Poison Potion"},{"floor":27,"key":"Poison Potion"},{"floor":31,"key":"Poison Potion"}],"is_trial":false,"path_per_floor":["M","?","M","?","?","R","?","M","T","$","M","E","M","?","R","B",null,"M","?","?","$","?","R","M","M","T","M","R","M","M","M","R","B"],"character_chosen":"THE_SILENT","items_purchased":["Blur","Finesse","Panache"],"campfire_rested":4,"item_purchase_floors":[10,10,21],"current_hp_per_floor":[68,68,66,54,54,70,70,70,70,70,70,70,70,70,70,31,70,61,45,45,45,45,66,51,54,54,47,68,60,36,29,50,0],"gold":102,"neow_bonus":"THREE_SMALL_POTIONS","is_prod":false,"is_daily":false,"chose_seed":false,"campfire_upgraded":1,"win_rate":0.0,"timestamp":1563396292,"path_taken":["M","?","?","?","?","R","?","M","T","$","M","E","M","?","R","BOSS","M","?","?","$","?","R","M","M","T","M","R","M","M","M","R","BOSS"],"build_version":"2019-07-05","purchased_purges":0,"victory":false,"max_hp_per_floor":[70,70,70,70,70,70,70,70,70,70,70,70,70,70,70,70,70,70,70,70,70,70,70,70,70,70,70,70,70,70,70,70,70],"card_choices":[{"not_picked":["Blade Dance","Riddle With Holes"],"picked":"Dagger Throw","floor":1},{"not_picked":["PiercingWail","Prepared"],"picked":"Deflect","floor":3},{"not_picked":["Wraith Form v2","Prepared"],"picked":"Endless Agony","floor":8},{"not_picked":["Blade Dance","Dagger Throw"],"picked":"Underhanded Strike","floor":11},{"not_picked":["PiercingWail","Sucker Punch"],"picked":"Choke","floor":12},{"not_picked":["Riddle With Holes","Eviscerate"],"picked":"Dagger Spray","floor":13},{"not_picked":["Bullet Time","A Thousand Cuts"],"picked":"Storm of Steel","floor":16},{"not_picked":["Underhanded Strike","Backflip"],"picked":"Flying Knee","floor":18},{"not_picked":["Underhanded Strike","Acrobatics+1"],"picked":"Dash","floor":24},{"not_picked":["Prepared","Expertise+1"],"picked":"Quick Slash","floor":25},{"not_picked":["Finisher+1","Choke"],"picked":"Terror","floor":27},{"not_picked":["Sucker Punch+1","Tactician+1"],"picked":"Deadly Poison+1","floor":29},{"not_picked":["Predator","Quick Slash+1"],"picked":"Bane+1","floor":30},{"not_picked":["Skewer","Quick Slash"],"picked":"Dagger Spray","floor":31}],"player_experience":194478,"relics_obtained":[{"floor":9,"key":"Bronze Scales"},{"floor":12,"key":"Gremlin Horn"},{"floor":19,"key":"Nilry\u0027s Codex"},{"floor":26,"key":"Calipers"}],"event_choices":[{"damage_healed":0,"gold_gain":0,"cards_transformed":["Dagger Throw"],"player_choice":"Transformed","damage_taken":0,"max_hp_gain":0,"max_hp_loss":0,"event_name":"Transmorgrifier","floor":2,"gold_loss":0,"cards_obtained":["Corpse Explosion"]},{"damage_healed":0,"gold_gain":0,"player_choice":"Success","damage_taken":12,"relics_obtained":["Turnip"],"max_hp_gain":0,"max_hp_loss":0,"event_name":"Scrap Ooze","floor":4,"gold_loss":0},{"damage_healed":0,"gold_gain":0,"player_choice":"Ignored","damage_taken":0,"max_hp_gain":0,"max_hp_loss":0,"event_name":"Golden Wing","floor":5,"gold_loss":0},{"damage_healed":0,"gold_gain":0,"player_choice":"Grow","damage_taken":0,"max_hp_gain":0,"max_hp_loss":0,"event_name":"Living Wall","floor":7,"gold_loss":0,"cards_upgraded":["Corpse Explosion"]},{"damage_healed":0,"gold_gain":0,"player_choice":"Ignored","damage_taken":0,"max_hp_gain":0,"max_hp_loss":0,"event_name":"Golden Idol","floor":14,"gold_loss":0},{"damage_healed":0,"gold_gain":0,"player_choice":"Obtained Book","damage_taken":16,"max_hp_gain":0,"max_hp_loss":0,"event_name":"Cursed Tome","floor":19,"gold_loss":0},{"damage_healed":0,"gold_gain":0,"player_choice":"Ignored","damage_taken":0,"max_hp_gain":0,"max_hp_loss":0,"event_name":"Beggar","floor":20,"gold_loss":0},{"damage_healed":0,"gold_gain":0,"player_choice":"Stole Relic","damage_taken":0,"relics_obtained":["Ninja Scroll"],"max_hp_gain":0,"max_hp_loss":0,"event_name":"Addict","floor":22,"gold_loss":0,"cards_obtained":["Shame"]}],"is_beta":false,"boss_relics":[{"not_picked":["Sozu","Black Star"],"picked":"Philosopher\u0027s Stone"}],"items_purged_floors":[],"is_endless":false,"potions_floor_spawned":[3,8,11,12,16,25,27,31],"killed_by":"Automaton","ascension_level":0}