{"gold_per_floor":[110,110,128,103,120,154,154,164,191,221,179,213,162,173,173,247,247,266,280,166,196,196],"floor_reached":22,"playtime":2146,"items_purged":["Strike_P"],"score":508,"play_id":"fee6c29b-248f-40b4-ad43-4a0b1dedaa4d","local_time":"20190924221324","is_ascension_mode":true,"campfire_choices":[{"data":"Eruption","floor":7,"key":"SMITH"},{"data":"Judgement","floor":15,"key":"SMITH"}],"neow_cost":"PERCENT_DAMAGE","seed_source_timestamp":12712571539883,"circlet_count":0,"master_deck":["AscendersBane","Strike_P+1","Strike_P","Strike_P","Defend_P","Defend_P","Defend_P+1","Defend_P","Eruption+1","Vigilance","Conclude+1","FlyingSleeves","CutThroughFate","Crescendo","JustLucky","WreathOfFlame","Judgement+1","DeceiveReality","EmptyBody","LessonLearned","Establishment","CrushJoints+1","Wallop","Halt+1"],"relics":["PureWater","Nunchaku","Bronze Scales","Pen Nib","Whetstone","Pantograph","Philosopher\u0027s Stone","Red Mask"],"potions_floor_usage":[6,10,12,21],"damage_taken":[{"damage":11,"enemies":"Small Slimes","floor":1,"turns":6},{"damage":4,"enemies":"Jaw Worm","floor":3,"turns":5},{"damage":0,"enemies":"2 Louse","floor":5,"turns":2},{"damage":0,"enemies":"Gremlin Nob","floor":6,"turns":2},{"damage":0,"enemies":"Large Slime","floor":8,"turns":3},{"damage":21,"enemies":"Lagavulin","floor":10,"turns":4},{"damage":0,"enemies":"3 Sentries","floor":12,"turns":4},{"damage":6,"enemies":"Blue Slaver","floor":14,"turns":3},{"damage":2,"enemies":"The Guardian","floor":16,"turns":10},{"damage":8,"enemies":"2 Thieves","floor":18,"turns":3},{"damage":29,"enemies":"Shell Parasite","floor":19,"turns":5},{"damage":11,"enemies":"Masked Bandits","floor":21,"turns":3},{"damage":13,"enemies":"Shelled Parasite and Fungi","floor":22,"turns":2}],"seed_played":"-4768089671122159029","potions_obtained":[{"floor":1,"key":"Block Potion"},{"floor":3,"key":"StancePotion"},{"floor":10,"key":"StancePotion"},{"floor":14,"key":"Fire Potion"},{"floor":21,"key":"SneckoOil"}],"is_trial":false,"path_per_floor":["M","?","M","$","M","E","R","M","T","E","?","E","$","M","R","B",null,"M","M","$","?","M"],"character_chosen":"WATCHER","items_purchased":["CutThroughFate","EmptyBody","Wallop"],"campfire_rested":0,"item_purchase_floors":[4,13,20],"current_hp_per_floor":[29,34,30,30,30,30,30,30,30,9,9,9,9,3,3,26,56,48,19,19,8,0],"gold":196,"neow_bonus":"ONE_RARE_RELIC","is_prod":false,"is_daily":false,"chose_seed":false,"campfire_upgraded":2,"win_rate":0,"timestamp":1569320004,"path_taken":["M","?","M","?","M","E","R","M","T","E","?","E","$","M","R","BOSS","M","M","$","?","M"],"build_version":"2019-09-23","purchased_purges":1,"victory":false,"max_hp_per_floor":[61,66,66,66,66,66,66,66,66,66,66,66,66,66,66,66,66,66,66,66,66,66],"card_choices":[{"not_picked":["FollowUp","ThirdEye"],"picked":"Conclude","floor":1},{"not_picked":["JustLucky","Sanctity"],"picked":"FlyingSleeves","floor":3},{"not_picked":["Evaluate","EmptyMind"],"picked":"Crescendo","floor":5},{"not_picked":["Crescendo","Scrawl"],"picked":"JustLucky","floor":6},{"not_picked":["EmptyFist","Prostrate"],"picked":"WreathOfFlame","floor":8},{"not_picked":["Pray","Crescendo"],"picked":"Judgement","floor":10},{"not_picked":["FollowUp","FlurryOfBlows"],"picked":"DeceiveReality","floor":12},{"not_picked":["Conclude","FollowUp","CarveReality"],"picked":"SKIP","floor":14},{"not_picked":["Wish","ReachHeaven"],"picked":"LessonLearned","floor":16},{"not_picked":["FollowUp","Weave"],"picked":"Establishment","floor":18},{"not_picked":["Establishment","WreathOfFlame"],"picked":"CrushJoints+1","floor":19},{"not_picked":["CutThroughFate","Crescendo"],"picked":"Halt+1","floor":21}],"player_experience":1233146,"relics_obtained":[{"floor":6,"key":"Bronze Scales"},{"floor":9,"key":"Pen Nib"},{"floor":10,"key":"Whetstone"},{"floor":12,"key":"Pantograph"},{"floor":21,"key":"Red Mask"}],"event_choices":[{"damage_healed":0,"gold_gain":0,"player_choice":"Donut","damage_taken":0,"max_hp_gain":5,"max_hp_loss":0,"event_name":"Big Fish","floor":2,"gold_loss":0},{"damage_healed":0,"gold_gain":0,"player_choice":"Left Gold","damage_taken":0,"max_hp_gain":0,"max_hp_loss":0,"event_name":"World of Goop","floor":11,"gold_loss":42},{"damage_healed":0,"gold_gain":0,"player_choice":"Fought Bandits","damage_taken":0,"max_hp_gain":0,"max_hp_loss":0,"event_name":"Masked Bandits","floor":21,"gold_loss":0}],"is_beta":true,"boss_relics":[{"not_picked":["SlaversCollar","Snecko Eye"],"picked":"Philosopher\u0027s Stone"}],"items_purged_floors":[20],"is_endless":false,"potions_floor_spawned":[1,3,5,10,14,21],"killed_by":"Shelled Parasite and Fungi","ascension_level":20}