{"gold_per_floor":[117,129,129,94,94,94,125,150,150,193,193,193,208,233,233,233],"floor_reached":16,"playtime":942,"items_purged":[],"score":263,"play_id":"df63c878-04e3-44aa-8e6a-c057c8b2bff6","local_time":"20190713002236","is_ascension_mode":true,"campfire_choices":[{"data":"Neutralize","floor":6,"key":"SMITH"},{"floor":12,"key":"REST"},{"data":"Dagger Spray","floor":15,"key":"SMITH"}],"neow_cost":"NONE","seed_source_timestamp":260793075242197,"circlet_count":0,"master_deck":["AscendersBane","Defend_G","Defend_G","Defend_G","Defend_G","Defend_G","Strike_G+1","Strike_G","Strike_G","Strike_G","Strike_G","Survivor","Neutralize+1","Bane","Deadly Poison+1","Dagger Throw","Poisoned Stab","Cloak And Dagger","Dagger Throw","Dagger Spray+1"],"relics":["Ring of the Snake","NeowsBlessing","Golden Idol","Pear","Happy Flower","Darkstone Periapt"],"potions_floor_usage":[10,13,16],"damage_taken":[{"damage":0,"enemies":"2 Louse","floor":1,"turns":1},{"damage":0,"enemies":"Jaw Worm","floor":2,"turns":1},{"damage":0,"enemies":"Lagavulin","floor":7,"turns":1},{"damage":6,"enemies":"Small Slimes","floor":8,"turns":4},{"damage":17,"enemies":"Gremlin Nob","floor":10,"turns":4},{"damage":3,"enemies":"Looter","floor":13,"turns":3},{"damage":2,"enemies":"2 Fungi Beasts","floor":14,"turns":4},{"damage":40,"enemies":"Slime Boss","floor":16,"turns":9}],"seed_played":"-3394474755585561272","potions_obtained":[{"floor":2,"key":"PowerPotion"},{"floor":7,"key":"Weak Potion"},{"floor":14,"key":"GamblersBrew"}],"is_trial":false,"path_per_floor":["M","M","?","?","?","R","E","M","T","E","?","R","M","M","R","B"],"character_chosen":"THE_SILENT","items_purchased":[],"campfire_rested":1,"item_purchase_floors":[],"current_hp_per_floor":[59,59,39,55,32,32,42,36,36,19,19,41,38,36,36,0],"gold":233,"neow_bonus":"THREE_ENEMY_KILL","is_prod":false,"is_daily":false,"chose_seed":false,"campfire_upgraded":2,"win_rate":0,"timestamp":1562991756,"path_taken":["M","M","?","?","?","R","E","M","T","E","?","R","M","M","R","BOSS"],"build_version":"2019-01-23","purchased_purges":0,"victory":false,"max_hp_per_floor":[66,66,66,66,66,66,76,76,76,76,76,76,76,76,76,76],"card_choices":[{"not_picked":["Blade Dance","Setup"],"picked":"Bane","floor":1},{"not_picked":["Slice","Dagger Throw"],"picked":"Deadly Poison","floor":2},{"not_picked":["Blur","Setup"],"picked":"Dagger Throw","floor":7},{"not_picked":["Dagger Throw","Expertise"],"picked":"Poisoned Stab","floor":8},{"not_picked":["Endless Agony","Flechettes"],"picked":"Cloak And Dagger","floor":10},{"not_picked":["Setup","Tactician"],"picked":"Dagger Throw","floor":13},{"not_picked":["Blade Dance","Setup"],"picked":"Dagger Spray","floor":14}],"player_experience":2688913,"relics_obtained":[{"floor":7,"key":"Pear"},{"floor":9,"key":"Happy Flower"},{"floor":10,"key":"Darkstone Periapt"}],"event_choices":[{"damage_healed":0,"gold_gain":0,"player_choice":"Entered Light","damage_taken":20,"max_hp_gain":0,"max_hp_loss":0,"event_name":"Shining Light","floor":3,"gold_loss":0,"cards_upgraded":["Strike_G","Deadly Poison"]},{"damage_healed":16,"gold_gain":0,"player_choice":"Healed","damage_taken":0,"max_hp_gain":0,"max_hp_loss":0,"event_name":"The Cleric","floor":4,"gold_loss":35},{"damage_healed":0,"gold_gain":0,"player_choice":"Take Damage","damage_taken":23,"relics_obtained":["Golden Idol"],"max_hp_gain":0,"max_hp_loss":0,"event_name":"Golden Idol","floor":5,"gold_loss":0},{"damage_healed":0,"gold_gain":0,"player_choice":"Searched \u00270\u0027 times","damage_taken":0,"max_hp_gain":0,"max_hp_loss":0,"event_name":"Dead Adventurer","floor":11,"gold_loss":0}],"is_beta":false,"boss_relics":[],"items_purged_floors":[],"is_endless":false,"potions_floor_spawned":[2,7,8,14],"killed_by":"Slime Boss","ascension_level":19}