{"path_per_floor":["M","M","?","$","M","R","E","M","T","T","R","M","R","?","R","B",null,"M","M","$","M","M","E","R","E","T","M","?","M","M","?","R"],"character_chosen":"DEFECT","items_purchased":["Redo","Rebound","Buffer"],"gold_per_floor":[16,30,30,3,21,21,54,65,65,91,91,111,111,111,111,207,207,219,229,56,73,84,116,116,144,167,186,186,206,216,244,244,244],"floor_reached":33,"campfire_rested":4,"playtime":4051,"item_purchase_floors":[4,20,20],"current_hp_per_floor":[69,69,57,57,51,51,32,27,27,27,49,45,67,67,67,23,75,63,63,63,42,36,11,33,9,9,4,4,4,10,10,32,0],"items_purged":[],"gold":244,"score":328,"play_id":"1dbdaa9b-9e3c-4e0d-a690-b095254ce790","local_time":"20180614002821","is_prod":false,"is_daily":false,"chose_seed":false,"is_ascension_mode":true,"campfire_upgraded":2,"win_rate":0.0,"timestamp":1528950501,"campfire_choices":[{"data":"Redo","floor":6,"key":"SMITH"},{"floor":11,"key":"REST"},{"floor":13,"key":"REST"},{"data":"Streamline","floor":15,"key":"SMITH"},{"floor":24,"key":"REST"},{"floor":32,"key":"REST"}],"path_taken":["M","M","?","?","M","R","E","M","T","?","R","?","R","?","R","BOSS","M","M","$","M","M","E","R","E","T","M","?","M","M","?","R","BOSS"],"build_version":"2018-06-07v3","seed_source_timestamp":1022770944948981,"purchased_purges":0,"victory":false,"master_deck":["Strike_B","Strike_B","Strike_B","Defend_B","Defend_B","Zap","Dualcast","BootSequence","Ball Lightning","Redo+1","Chill","Gash","Conserve Battery","Core Surge","Regret","Parasite","Injury","Gash","Rebound","Gash+1","Undo","Rebound","Buffer","FTL","Coolheaded+1","Aggregate","Rebound","FTL+1","Hologram","Lockon","Hyperbeam","Streamline","RitualDagger","Coolheaded+1","Streamline+1","Doom and Gloom","Reprogram","Reboot"],"max_hp_per_floor":[75,75,75,75,75,75,75,75,75,75,75,75,75,75,75,75,75,75,75,75,75,75,75,75,75,75,75,75,75,75,75,75,75],"relics":["Cracked Core","Gremlin Horn","Du-Vu Doll","Sundial","Potion Belt","Calling Bell","Vajra","Centennial Puzzle","Prayer Wheel","Juzu Bracelet","Happy Flower","Bag of Marbles","Red Mask"],"card_choices":[{"not_picked":["Reinforced Body","Scrape"],"picked":"BootSequence","floor":1},{"not_picked":["Turbo","Streamline"],"picked":"Ball Lightning","floor":2},{"not_picked":["Turbo","Reinforced Body"],"picked":"Chill","floor":5},{"not_picked":["Beam Cell","Hologram"],"picked":"Streamline","floor":7},{"not_picked":["BootSequence","Barrage"],"picked":"Gash","floor":8},{"not_picked":["Chill","Creative AI"],"picked":"Conserve Battery","floor":12},{"not_picked":["Thunder Strike","Multi-Cast"],"picked":"Core Surge","floor":16},{"not_picked":["Force Field","Stack"],"picked":"Gash","floor":18},{"not_picked":["Hello World","Barrage"],"picked":"Rebound","floor":18},{"not_picked":["Cold Snap","Streamline"],"picked":"Gash+1","floor":19},{"not_picked":["Barrage","Hello World"],"picked":"Undo","floor":19},{"not_picked":["Compile Driver","Ball Lightning+1"],"picked":"FTL","floor":21},{"not_picked":["Heatsinks+1","Fusion"],"picked":"Coolheaded+1","floor":21},{"not_picked":["Cold Snap","Machine Learning"],"picked":"Aggregate","floor":22},{"not_picked":["Ball Lightning+1","Blizzard+1"],"picked":"Rebound","floor":22},{"not_picked":["Rebound","Stack+1"],"picked":"FTL+1","floor":23},{"not_picked":["Beam Cell","Barrage+1"],"picked":"Hologram","floor":25},{"not_picked":["Turbo","Go for the Eyes"],"picked":"Lockon","floor":27},{"not_picked":["Reprogram+1","Streamline"],"picked":"Hyperbeam","floor":27},{"not_picked":["Conserve Battery","Go for the Eyes+1"],"picked":"Coolheaded+1","floor":29},{"not_picked":["Ball Lightning","Cold Snap"],"picked":"Streamline+1","floor":29},{"not_picked":["Rip and Tear","Turbo"],"picked":"Doom and Gloom","floor":30},{"not_picked":["Tempest","Barrage"],"picked":"Reprogram","floor":30},{"not_picked":["Heatsinks","Consume"],"picked":"Reboot","floor":31}],"player_experience":592486,"potions_floor_usage":[7,7,16,21,22,29,30,31,33],"damage_taken":[{"damage":6,"enemies":"2 Louse","floor":1,"turns":2},{"damage":0,"enemies":"Small Slimes","floor":2,"turns":3},{"damage":6,"enemies":"Cultist","floor":5,"turns":3},{"damage":19,"enemies":"Gremlin Nob","floor":7,"turns":4},{"damage":5,"enemies":"Blue Slaver","floor":8,"turns":3},{"damage":4,"enemies":"Gremlin Gang","floor":12,"turns":3},{"damage":44,"enemies":"Slime Boss","floor":16,"turns":10},{"damage":12,"enemies":"3 Byrds","floor":18,"turns":4},{"damage":0,"enemies":"Spheric Guardian","floor":19,"turns":2},{"damage":21,"enemies":"Chosen and Byrds","floor":21,"turns":6},{"damage":15,"enemies":"Snake Plant","floor":22,"turns":3},{"damage":25,"enemies":"Slavers","floor":23,"turns":5},{"damage":24,"enemies":"Gremlin Leader","floor":25,"turns":7},{"damage":5,"enemies":"3 Cultists","floor":27,"turns":4},{"damage":0,"enemies":"Chosen and Byrds","floor":29,"turns":3},{"damage":6,"enemies":"Slaver and Parasite","floor":30,"turns":5},{"damage":0,"floor":31,"turns":2},{"damage":32,"enemies":"Champ","floor":33,"turns":9}],"relics_obtained":[{"floor":7,"key":"Du-Vu Doll"},{"floor":9,"key":"Sundial"},{"floor":10,"key":"Potion Belt"},{"floor":17,"key":"Vajra"},{"floor":17,"key":"Centennial Puzzle"},{"floor":17,"key":"Prayer Wheel"},{"floor":23,"key":"Juzu Bracelet"},{"floor":25,"key":"Happy Flower"},{"floor":26,"key":"Bag of Marbles"},{"floor":31,"key":"Red Mask"}],"event_choices":[{"event_name":"Scrap Ooze","player_choice":"success","floor":3,"damage_taken":12},{"event_name":"Living Wall","player_choice":"Forget","floor":14,"damage_taken":0},{"event_name":"Nest","player_choice":"Joined the Cult","floor":28,"damage_taken":0},{"event_name":"Masked Bandits","player_choice":"Fought over 216 gold","floor":31,"damage_taken":0}],"boss_relics":[{"not_picked":["Runic Dome","White Beast Statue"],"picked":"Calling Bell"}],"items_purged_floors":[],"potions_floor_spawned":[1,2,8,16,19,25,29,30,31],"seed_played":"-9053137821210313258","killed_by":"Champ","ascension_level":1,"potions_obtained":[{"floor":1,"key":"Weak Potion"},{"floor":2,"key":"Block Potion"},{"floor":8,"key":"SkillPotion"},{"floor":16,"key":"Regen Potion"},{"floor":19,"key":"Block Potion"},{"floor":25,"key":"Swift Potion"},{"floor":29,"key":"Regen Potion"},{"floor":30,"key":"SteroidPotion"},{"floor":31,"key":"Poison Potion"}],"is_trial":false}