{"gold_per_floor":[115,115,115,139,70,111,126,126,126,159,159,39,53,67,67,190,190,206,206,116,130,58,58,76,101,101,101,125,125,138,158,158,158],"floor_reached":33,"playtime":1892,"items_purged":[],"score":284,"play_id":"4294a70c-cf86-4c17-aaa4-63a1347ff4ee","local_time":"20191006233201","is_ascension_mode":false,"campfire_choices":[{"data":"Creative AI","floor":11,"key":"SMITH"},{"data":"Static Discharge","floor":15,"key":"SMITH"},{"data":"Machine Learning","floor":23,"key":"SMITH"},{"data":"Stack","floor":27,"key":"SMITH"},{"data":"Go for the Eyes","floor":29,"key":"SMITH"},{"data":"Biased Cognition","floor":32,"key":"SMITH"}],"neow_cost":"NONE","seed_source_timestamp":606006104062500,"circlet_count":0,"master_deck":["Strike_B+1","Strike_B","Strike_B","Defend_B","Defend_B","Defend_B+1","Defend_B","Zap","Dualcast+1","Coolheaded","Streamline","Storm","Conserve Battery","Compile Driver","Creative AI+1","Static Discharge+1","Coolheaded","Redo","Stack+1","Machine Learning+1","Barrage","Go for the Eyes+1","Capacitor","Compile Driver","Turbo","Biased Cognition+1","Conserve Battery+1","Skim+1"],"relics":["Cracked Core","NeowsBlessing","Golden Idol","Nunchaku","Incense Burner","Omamori","Cursed Key","Pen Nib","Toxic Egg 2"],"potions_floor_usage":[33],"damage_taken":[{"damage":0,"enemies":"Jaw Worm","floor":1,"turns":1},{"damage":0,"enemies":"2 Louse","floor":4,"turns":1},{"damage":0,"enemies":"Lagavulin","floor":6,"turns":1},{"damage":0,"enemies":"Cultist","floor":7,"turns":3},{"damage":10,"enemies":"3 Sentries","floor":10,"turns":11},{"damage":4,"enemies":"Red Slaver","floor":13,"turns":3},{"damage":8,"enemies":"Large Slime","floor":14,"turns":5},{"damage":21,"enemies":"Hexaghost","floor":16,"turns":6},{"damage":17,"enemies":"Spheric Guardian","floor":18,"turns":4},{"damage":1,"enemies":"Shell Parasite","floor":21,"turns":5},{"damage":5,"enemies":"Snecko","floor":24,"turns":4},{"damage":11,"enemies":"Shelled Parasite and Fungi","floor":25,"turns":5},{"damage":8,"enemies":"Chosen and Byrds","floor":28,"turns":5},{"damage":10,"enemies":"Cultist and Chosen","floor":30,"turns":6},{"damage":10,"enemies":"Snake Plant","floor":31,"turns":4},{"damage":9,"enemies":"Champ","floor":33,"turns":1}],"seed_played":"-3821989969559986280","potions_obtained":[{"floor":1,"key":"Ancient Potion"},{"floor":7,"key":"Dexterity Potion"},{"floor":14,"key":"SmokeBomb"}],"is_trial":false,"path_per_floor":["M","?","?","M","$","E","M","$","T","E","R","$","M","M","R","B",null,"M","?","?","M","$","R","M","M","T","R","M","R","M","M","R","B"],"character_chosen":"DEFECT","items_purchased":["Storm","Static Discharge","Coolheaded","Capacitor"],"campfire_rested":0,"item_purchase_floors":[5,12,12,22],"current_hp_per_floor":[75,69,55,55,55,55,55,55,55,45,45,45,41,33,33,12,69,52,52,52,51,51,51,46,35,35,35,27,27,17,7,7,0],"gold":158,"neow_bonus":"THREE_ENEMY_KILL","is_prod":false,"is_daily":false,"chose_seed":false,"campfire_upgraded":6,"win_rate":0.0,"timestamp":1570375921,"path_taken":["M","?","?","?","$","E","M","?","T","E","R","$","?","M","R","BOSS","M","?","?","?","$","R","M","M","T","R","M","R","M","M","R","BOSS"],"build_version":"2019-07-17","purchased_purges":0,"victory":false,"max_hp_per_floor":[75,69,69,69,69,69,69,69,69,69,69,69,69,69,69,69,69,69,69,69,69,69,69,69,69,69,69,69,69,69,69,69,69],"card_choices":[{"not_picked":["Lockon","Steam"],"picked":"Coolheaded","floor":1},{"not_picked":["Turbo","Stack"],"picked":"Streamline","floor":4},{"not_picked":["Defragment","Streamline"],"picked":"Conserve Battery","floor":6},{"not_picked":["Reprogram","Self Repair"],"picked":"Compile Driver","floor":7},{"not_picked":["Storm","Hologram"],"picked":"Creative AI","floor":10},{"not_picked":["Cold Snap","Rip and Tear"],"picked":"Redo","floor":13},{"not_picked":["Hologram","Sweeping Beam"],"picked":"Stack","floor":14},{"not_picked":["All For One","Fission"],"picked":"Machine Learning","floor":16},{"not_picked":["Beam Cell","Scrape"],"picked":"Barrage","floor":18},{"not_picked":["Coolheaded","Stack"],"picked":"Go for the Eyes","floor":21},{"not_picked":["Rebound","Fusion"],"picked":"Compile Driver","floor":24},{"not_picked":["Leap","Ball Lightning"],"picked":"Turbo","floor":25},{"not_picked":["Consume+1","Stack+1"],"picked":"Biased Cognition","floor":28},{"not_picked":["Blizzard+1","Fusion+1"],"picked":"Conserve Battery+1","floor":30},{"not_picked":["Chill+1","Self Repair"],"picked":"Skim+1","floor":31}],"player_experience":115011,"relics_obtained":[{"floor":6,"key":"Nunchaku"},{"floor":9,"key":"Incense Burner"},{"floor":10,"key":"Omamori"},{"floor":26,"key":"Toxic Egg 2"}],"event_choices":[{"damage_healed":0,"gold_gain":0,"player_choice":"Lose Max HP","damage_taken":0,"relics_obtained":["Golden Idol"],"max_hp_gain":0,"max_hp_loss":6,"event_name":"Golden Idol","floor":2,"gold_loss":0},{"damage_healed":0,"gold_gain":0,"player_choice":"Entered Light","damage_taken":14,"max_hp_gain":0,"max_hp_loss":0,"event_name":"Shining Light","floor":3,"gold_loss":0,"cards_upgraded":["Dualcast","Defend_B"]},{"damage_healed":0,"gold_gain":0,"player_choice":"Opened","damage_taken":0,"relics_obtained":["Pen Nib"],"max_hp_gain":0,"max_hp_loss":0,"event_name":"The Mausoleum","floor":19,"gold_loss":0},{"cards_removed":["Strike_B"],"damage_healed":0,"gold_gain":0,"player_choice":"Upgrade and Remove","damage_taken":0,"max_hp_gain":0,"max_hp_loss":0,"event_name":"Designer","floor":20,"gold_loss":90,"cards_upgraded":["Strike_B"]}],"is_beta":false,"boss_relics":[{"not_picked":["Lizard Tail","Busted Crown"],"picked":"Cursed Key"}],"items_purged_floors":[],"is_endless":false,"potions_floor_spawned":[1,7,14,21,24,30],"killed_by":"Champ","ascension_level":0}