{"gold_per_floor":[114,10,10,10,28,28,67,67,67,107,127,127,141,170,170,263,263,288,312,3,3,21,21,54,54,54,74,74,95,95,119,119,119],"floor_reached":33,"playtime":2480,"items_purged":[],"score":570,"play_id":"e6b599bb-6a92-4535-a5f9-49ea130303a2","local_time":"20190430225731","is_ascension_mode":true,"campfire_choices":[{"data":"Perfected Strike","floor":6.0,"key":"SMITH"},{"data":"Shockwave","floor":8.0,"key":"SMITH"},{"data":"Flame Barrier","floor":12.0,"key":"SMITH"},{"data":"Seeing Red","floor":15.0,"key":"SMITH"},{"data":"Pommel Strike","floor":23,"key":"SMITH"},{"data":"Metallicize","floor":25,"key":"SMITH"},{"data":"Armaments","floor":30,"key":"SMITH"},{"data":"Power Through","floor":32,"key":"SMITH"}],"neow_cost":"NONE","seed_source_timestamp":109906403331069,"circlet_count":0,"master_deck":["AscendersBane","Strike_R","Strike_R","Strike_R","Strike_R","Strike_R","Defend_R","Defend_R","Defend_R","Bash","Shrug It Off","Shockwave+1","Pommel Strike","Perfected Strike+1","Flame Barrier+1","Headbutt","Pommel Strike+1","Seeing Red+1","Immolate","Ghostly Armor+1","Metallicize+1","Pommel Strike","Power Through+1","Armaments+1"],"special_seed":0,"relics":["Burning Blood","NeowsBlessing","Golden Idol","Omamori","Pantograph","Mercury Hourglass","Odd Mushroom","Busted Crown","ClockworkSouvenir","Bird Faced Urn","Frozen Egg 2"],"potions_floor_usage":[16,16],"damage_taken":[{"damage":0.0,"enemies":"Small Slimes","floor":1.0,"turns":1.0},{"damage":0.0,"enemies":"Jaw Worm","floor":5.0,"turns":1.0},{"damage":0.0,"enemies":"Lagavulin","floor":7.0,"turns":1.0},{"damage":27.0,"enemies":"Gremlin Nob","floor":10.0,"turns":4.0},{"damage":0.0,"enemies":"Cultist","floor":11.0,"turns":2.0},{"damage":8.0,"enemies":"Exordium Wildlife","floor":13.0,"turns":3.0},{"damage":18.0,"enemies":"The Mushroom Lair","floor":14.0,"turns":4.0},{"damage":23,"enemies":"Hexaghost","floor":16,"turns":6},{"damage":0,"enemies":"Spheric Guardian","floor":18,"turns":1},{"damage":10,"enemies":"3 Byrds","floor":19,"turns":3},{"damage":15,"enemies":"Snake Plant","floor":22,"turns":3},{"damage":25,"enemies":"Book of Stabbing","floor":24,"turns":4},{"damage":0,"enemies":"3 Cultists","floor":27,"turns":3},{"damage":16,"enemies":"Shelled Parasite and Fungi","floor":29,"turns":4},{"damage":0,"enemies":"Sentry and Sphere","floor":31,"turns":4},{"damage":75,"enemies":"Champ","floor":33,"turns":13}],"seed_played":"1897246687032639329","potions_obtained":[{"floor":10.0,"key":"LiquidBronze"},{"floor":11.0,"key":"Ancient Potion"},{"floor":13.0,"key":"LiquidBronze"},{"floor":19,"key":"Explosive Potion"},{"floor":27,"key":"SpeedPotion"}],"is_trial":false,"path_per_floor":["M","$","?","?","M","R","E","R","T","E","M","R","M","?","R","B",null,"M","M","$","?","M","R","E","R","T","M","$","M","R","M","R","B"],"character_chosen":"IRONCLAD","items_purchased":["Shockwave","Pommel Strike","Metallicize","ClockworkSouvenir"],"campfire_rested":0,"item_purchase_floors":[2,2,20,20],"current_hp_per_floor":[74,74,48,48,54,54,60,60,60,39,45,45,43,31,31,39,66,72,68,68,68,59,59,40,40,40,48,48,40,40,48,48,0],"gold":119,"neow_bonus":"THREE_ENEMY_KILL","is_prod":false,"is_daily":false,"chose_seed":false,"campfire_upgraded":8,"win_rate":0,"timestamp":1556679451,"path_taken":["M","$","?","?","M","R","E","R","T","E","?","R","M","?","R","BOSS","M","M","$","?","M","R","E","R","T","M","$","M","R","M","R","BOSS"],"build_version":"2019-01-23","purchased_purges":0,"victory":false,"max_hp_per_floor":[75,75,75,75,75,75,75,75,75,75,75,75,75,75,75,75,75,75,75,75,75,75,75,75,75,75,75,75,75,75,75,75,75],"card_choices":[{"not_picked":["Body Slam","Clothesline"],"picked":"Shrug It Off","floor":1.0},{"not_picked":["Shockwave","Burning Pact"],"picked":"Perfected Strike","floor":5.0},{"not_picked":["Intimidate","Anger"],"picked":"Flame Barrier","floor":7.0},{"not_picked":["Dropkick","Barricade","Sword Boomerang"],"picked":"SKIP","floor":10.0},{"not_picked":["Clash","Flex"],"picked":"Headbutt","floor":11.0},{"not_picked":["Warcry","Armaments"],"picked":"Pommel Strike","floor":13.0},{"not_picked":["Heavy Blade","Carnage"],"picked":"Seeing Red","floor":14.0},{"not_picked":["Berserk","Juggernaut"],"picked":"Immolate","floor":16},{"not_picked":[],"picked":"Ghostly Armor+1","floor":18},{"not_picked":["Havoc"],"picked":"SKIP","floor":19},{"not_picked":["Warcry"],"picked":"SKIP","floor":22},{"not_picked":["Thunderclap"],"picked":"SKIP","floor":24},{"not_picked":[],"picked":"Power Through","floor":27},{"not_picked":[],"picked":"Armaments","floor":29},{"not_picked":["Clothesline"],"picked":"SKIP","floor":31}],"player_experience":2548166,"relics_obtained":[{"floor":7.0,"key":"Omamori"},{"floor":9.0,"key":"Pantograph"},{"floor":10.0,"key":"Mercury Hourglass"},{"floor":14.0,"key":"Odd Mushroom"},{"floor":24,"key":"Bird Faced Urn"},{"floor":26,"key":"Frozen Egg 2"}],"event_choices":[{"damage_healed":0.0,"max_hp_gain":0.0,"max_hp_loss":0.0,"gold_gain":0.0,"event_name":"Golden Idol","player_choice":"Take Damage","floor":3.0,"gold_loss":0.0,"damage_taken":26.0,"relics_obtained":["Golden Idol"]},{"cards_removed":["Defend_R"],"damage_healed":0.0,"max_hp_gain":0.0,"max_hp_loss":0.0,"gold_gain":0.0,"event_name":"Purifier","player_choice":"Purged","floor":4.0,"gold_loss":0.0,"damage_taken":0.0},{"damage_healed":0.0,"max_hp_gain":0.0,"max_hp_loss":0.0,"gold_gain":0.0,"event_name":"Mushrooms","player_choice":"Fought Mushrooms","floor":14.0,"gold_loss":0.0,"damage_taken":0.0},{"damage_healed":0,"gold_gain":0,"player_choice":"Read","damage_taken":0,"max_hp_gain":0,"max_hp_loss":0,"event_name":"The Library","floor":21,"gold_loss":0,"cards_obtained":["Pommel Strike"]}],"is_beta":false,"boss_relics":[{"not_picked":["Black Blood","Runic Dome"],"picked":"Busted Crown"}],"items_purged_floors":[],"is_endless":false,"potions_floor_spawned":[10,11,13,19,27],"killed_by":"Champ","ascension_level":18}