{"gold_per_floor":[119,133,147,147,161,194,204,204,204,236,251,0,0,34,34,136,136,150,65,82,42,42,42,59,74,74,94,94,127,127,143,143,143],"floor_reached":33,"playtime":2813,"items_purged":["Strike_R"],"score":364,"play_id":"758dcaab-8c43-4131-9204-1fad2d6f0228","local_time":"20191005175918","is_ascension_mode":false,"campfire_choices":[{"data":"Perfected Strike","floor":8,"key":"SMITH"},{"data":"Shrug It Off","floor":13,"key":"SMITH"},{"data":"Flex","floor":15,"key":"SMITH"},{"data":"True Grit","floor":23,"key":"SMITH"},{"data":"1","floor":28,"key":"LIFT"},{"data":"Armaments","floor":30,"key":"SMITH"},{"data":"2","floor":32,"key":"LIFT"}],"neow_cost":"NONE","seed_source_timestamp":498719919979700,"circlet_count":0,"master_deck":["Bash+1","Clash","Armaments+1","Bludgeon","Wild Strike","Thunderclap","Perfected Strike+1","Flex+1","Twin Strike+1","Perfected Strike+1","Shrug It Off+1","Burning Pact+1","Feel No Pain","Dropkick+1","Fiend Fire+1","Power Through","Uppercut+1","Seeing Red","Thunderclap+1","Twin Strike+1","Body Slam+1","Warcry","Iron Wave+1","Perfected Strike+1","True Grit+1","Pommel Strike+1","Rampage+1","Evolve","Second Wind"],"relics":["Burning Blood","Pantograph","Molten Egg 2","Letter Opener","FossilizedHelix","Pandora\u0027s Box","Bag of Preparation","Girya","Paper Frog"],"potions_floor_usage":[6,10,16,33,33],"damage_taken":[{"damage":0,"enemies":"Small Slimes","floor":1,"turns":3},{"damage":1,"enemies":"Cultist","floor":2,"turns":3},{"damage":6,"enemies":"Jaw Worm","floor":3,"turns":2},{"damage":13,"enemies":"Large Slime","floor":5,"turns":5},{"damage":26,"enemies":"3 Sentries","floor":6,"turns":10},{"damage":1,"enemies":"3 Louse","floor":7,"turns":3},{"damage":34,"enemies":"Lagavulin","floor":10,"turns":6},{"damage":7,"enemies":"Blue Slaver","floor":11,"turns":2},{"damage":10,"enemies":"3 Sentries","floor":14,"turns":8},{"damage":0,"enemies":"Slime Boss","floor":16,"turns":6},{"damage":0,"enemies":"Spheric Guardian","floor":18,"turns":4},{"damage":14,"enemies":"3 Byrds","floor":20,"turns":5},{"damage":0,"enemies":"Snake Plant","floor":24,"turns":3},{"damage":3,"enemies":"Shelled Parasite and Fungi","floor":25,"turns":5},{"damage":0,"enemies":"Snecko","floor":27,"turns":3},{"damage":0,"enemies":"Gremlin Leader","floor":29,"turns":5},{"damage":0,"enemies":"Snake Plant","floor":31,"turns":2},{"damage":81,"enemies":"Collector","floor":33,"turns":8}],"seed_played":"7877620613357104141","potions_obtained":[{"floor":1,"key":"SkillPotion"},{"floor":5,"key":"Swift Potion"},{"floor":6,"key":"SpeedPotion"},{"floor":11,"key":"Ancient Potion"},{"floor":14,"key":"Energy Potion"},{"floor":16,"key":"Dexterity Potion"},{"floor":24,"key":"Strength Potion"},{"floor":31,"key":"Strength Potion"}],"is_trial":false,"path_per_floor":["M","M","M","?","M","E","M","R","T","E","M","$","R","E","R","B",null,"M","?","M","?","$","R","M","M","T","M","R","E","R","M","R","B"],"character_chosen":"IRONCLAD","items_purchased":["Shrug It Off","Burning Pact","Feel No Pain"],"campfire_rested":0,"item_purchase_floors":[12,12,12],"current_hp_per_floor":[80,80,80,64,57,37,42,42,42,14,13,13,13,9,9,40,80,80,80,72,72,72,72,78,80,80,80,80,80,80,80,80,0],"gold":143,"neow_bonus":"THREE_CARDS","is_prod":false,"is_daily":false,"chose_seed":false,"campfire_upgraded":5,"win_rate":0.0,"timestamp":1570269558,"path_taken":["M","M","M","?","M","E","M","R","T","E","M","$","R","E","R","BOSS","M","?","M","?","$","R","?","M","T","M","R","E","R","M","R","BOSS"],"build_version":"2019-07-17","purchased_purges":1,"victory":false,"max_hp_per_floor":[80,80,80,80,80,80,80,80,80,80,80,80,80,80,80,80,80,80,80,80,80,80,80,80,80,80,80,80,80,80,80,80,80],"card_choices":[{"not_picked":["Heavy Blade","Warcry"],"picked":"Clash","floor":0},{"not_picked":["Shockwave","Anger"],"picked":"Armaments","floor":1},{"not_picked":["Warcry","Flame Barrier"],"picked":"Bludgeon","floor":2},{"not_picked":["Whirlwind","Pummel"],"picked":"Wild Strike","floor":3},{"not_picked":["Cleave","Clash"],"picked":"Thunderclap","floor":5},{"not_picked":["Clothesline","Warcry"],"picked":"Perfected Strike","floor":6},{"not_picked":["Thunderclap","Clash"],"picked":"Flex","floor":7},{"not_picked":["Clash+1","Intimidate"],"picked":"Twin Strike+1","floor":10},{"not_picked":["Clash+1","Body Slam+1"],"picked":"Perfected Strike+1","floor":11},{"not_picked":["Feel No Pain","Clash+1"],"picked":"Dropkick+1","floor":14},{"not_picked":["Double Tap","Brutality"],"picked":"Fiend Fire+1","floor":16},{"not_picked":["Sword Boomerang+1","Body Slam+1"],"picked":"Perfected Strike+1","floor":18},{"not_picked":["Heavy Blade+1","Armaments"],"picked":"True Grit","floor":20},{"not_picked":["Clothesline+1","Searing Blow+1"],"picked":"Pommel Strike+1","floor":24},{"not_picked":["Wild Strike+1","Body Slam+1"],"picked":"Rampage+1","floor":25},{"not_picked":["Rupture","Iron Wave+1"],"picked":"Evolve","floor":27},{"not_picked":["Dropkick+1","Cleave+1","Dual Wield"],"picked":"SKIP","floor":29},{"not_picked":["Fiend Fire+1","Perfected Strike+1"],"picked":"Second Wind","floor":31}],"player_experience":83608,"relics_obtained":[{"floor":6,"key":"Pantograph"},{"floor":9,"key":"Molten Egg 2"},{"floor":10,"key":"Letter Opener"},{"floor":14,"key":"FossilizedHelix"},{"floor":26,"key":"Girya"},{"floor":29,"key":"Paper Frog"}],"event_choices":[{"damage_healed":0,"gold_gain":0,"player_choice":"Entered Light","damage_taken":16,"max_hp_gain":0,"max_hp_loss":0,"event_name":"Shining Light","floor":4,"gold_loss":0,"cards_upgraded":["Defend_R","Strike_R"]},{"damage_healed":0,"gold_gain":0,"player_choice":"Obtained Relic","damage_taken":0,"relics_obtained":["Bag of Preparation"],"max_hp_gain":0,"max_hp_loss":0,"event_name":"Addict","floor":19,"gold_loss":85},{"damage_healed":0,"gold_gain":0,"player_choice":"Upgraded Two","damage_taken":0,"max_hp_gain":0,"max_hp_loss":0,"event_name":"Designer","floor":21,"gold_loss":40,"cards_upgraded":["Burning Pact","Bash"]}],"is_beta":false,"boss_relics":[{"not_picked":["Lizard Tail","White Beast Statue"],"picked":"Pandora\u0027s Box"}],"items_purged_floors":[12],"is_endless":false,"potions_floor_spawned":[1,5,6,11,14,16,24,31],"killed_by":"Collector","ascension_level":0}