{"gold_per_floor":[119,132,31,44,58,58,75,92,147,161,175,175,175,185,185,288,288,300,300,16,29,42,69,69],"floor_reached":24,"playtime":1041,"items_purged":[],"score":225,"play_id":"15e7a640-b6ce-416a-bcff-fda2db9d9a87","local_time":"20190824194615","is_ascension_mode":true,"campfire_choices":[{"data":"Infinite Blades","floor":6.0,"key":"SMITH"},{"floor":13.0,"key":"REST"},{"floor":15.0,"key":"REST"}],"neow_cost":"NONE","seed_source_timestamp":0,"circlet_count":0,"master_deck":["Strike_G","Strike_G","Strike_G","Strike_G","Strike_G","Defend_G","Defend_G","Defend_G","Defend_G","Defend_G","Survivor","Neutralize","Flying Knee","Dagger Spray","Infinite Blades+1","Cloak And Dagger","Dagger Throw","Deadly Poison","Catalyst","Terror+1","Cloak And Dagger","PiercingWail","Poisoned Stab","Bullet Time","Accuracy","Setup","Deadly Poison","Flying Knee","Deflect","Endless Agony","Footwork","Backflip","Dagger Spray+1","Deadly Poison"],"special_seed":0,"relics":["Ring of the Snake","Pen Nib","Orrery","Ninja Scroll","Bag of Marbles"],"potions_floor_usage":[18,24,24],"damage_taken":[{"damage":3.0,"enemies":"Cultist","floor":1.0,"turns":5.0},{"damage":2.0,"enemies":"2 Louse","floor":2.0,"turns":4.0},{"damage":0.0,"enemies":"Small Slimes","floor":4.0,"turns":3.0},{"damage":6.0,"enemies":"Looter","floor":5.0,"turns":3.0},{"damage":6.0,"enemies":"Large Slime","floor":7.0,"turns":4.0},{"damage":29.0,"enemies":"Gremlin Gang","floor":8.0,"turns":4.0},{"damage":11.0,"enemies":"3 Louse","floor":10.0,"turns":2.0},{"damage":0.0,"enemies":"2 Fungi Beasts","floor":11.0,"turns":3.0},{"damage":2.0,"enemies":"Blue Slaver","floor":14.0,"turns":3.0},{"damage":28.0,"enemies":"Hexaghost","floor":16.0,"turns":8.0},{"damage":22,"enemies":"2 Thieves","floor":18,"turns":3},{"damage":0,"enemies":"Chosen","floor":21,"turns":4},{"damage":5,"enemies":"Snecko","floor":22,"turns":3},{"damage":30,"enemies":"Gremlin Leader","floor":23,"turns":7},{"damage":21,"enemies":"Cultist and Chosen","floor":24,"turns":4}],"seed_played":"-7852260894778690649","potions_obtained":[{"floor":2.0,"key":"Swift Potion"},{"floor":7.0,"key":"LiquidBronze"},{"floor":11.0,"key":"EssenceOfSteel"},{"floor":14.0,"key":"Explosive Potion"},{"floor":18,"key":"Ancient Potion"}],"is_trial":false,"path_per_floor":["M","M","$","M","M","R","M","M","T","M","M","?","R","M","R","B",null,"M","?","$","M","M","E","M"],"character_chosen":"THE_SILENT","items_purchased":["Infinite Blades","Cloak And Dagger","Ninja Scroll","Footwork"],"campfire_rested":2,"item_purchase_floors":[3,3,20,20],"current_hp_per_floor":[74,72,72,72,66,66,60,31,31,20,20,20,43,41,64,36,77,55,41,41,41,36,6,0],"gold":69,"neow_bonus":"TEN_PERCENT_HP_BONUS","is_prod":false,"is_daily":false,"chose_seed":false,"campfire_upgraded":1,"win_rate":0,"timestamp":1566686775,"path_taken":["M","?","?","M","M","R","M","M","T","M","M","?","R","M","R","BOSS","M","?","$","M","M","E","M"],"build_version":"2019-07-17","purchased_purges":0,"victory":false,"max_hp_per_floor":[77,77,77,77,77,77,77,77,77,77,77,77,77,77,77,77,77,77,82,82,82,82,82,82],"card_choices":[{"not_picked":["Expertise","Outmaneuver"],"picked":"Flying Knee","floor":1.0},{"not_picked":["Well Laid Plans","Deflect"],"picked":"Dagger Spray","floor":2.0},{"not_picked":["Tactician","Prepared"],"picked":"Dagger Throw","floor":4.0},{"not_picked":["Choke","Predator"],"picked":"Deadly Poison","floor":5.0},{"not_picked":["Flechettes","Deflect"],"picked":"Catalyst","floor":7.0},{"not_picked":["Escape Plan","Prepared"],"picked":"Terror","floor":8.0},{"not_picked":["Distraction","Underhanded Strike"],"picked":"Cloak And Dagger","floor":10.0},{"not_picked":["Flechettes","Outmaneuver"],"picked":"PiercingWail","floor":11.0},{"not_picked":["Heel Hook","Backflip"],"picked":"Poisoned Stab","floor":14.0},{"not_picked":["Malaise","Grand Finale"],"picked":"Bullet Time","floor":16.0},{"not_picked":["Poisoned Stab","Slice"],"picked":"Accuracy","floor":17.0},{"not_picked":["Flechettes","Terror"],"picked":"Setup","floor":17.0},{"not_picked":["Poisoned Stab","Prepared"],"picked":"Deadly Poison","floor":17.0},{"not_picked":["Eviscerate","Distraction"],"picked":"Flying Knee","floor":17.0},{"not_picked":["Predator","Reflex"],"picked":"Deflect","floor":17.0},{"not_picked":["Deflect+1","Dagger Spray"],"picked":"Endless Agony","floor":18},{"not_picked":["Slice","Blade Dance+1"],"picked":"Backflip","floor":21},{"not_picked":["Phantasmal Killer","Dash+1"],"picked":"Dagger Spray+1","floor":22},{"not_picked":["Noxious Fumes","Dodge and Roll"],"picked":"Deadly Poison","floor":23}],"player_experience":347209,"relics_obtained":[{"floor":9.0,"key":"Pen Nib"},{"floor":23,"key":"Bag of Marbles"}],"event_choices":[{"damage_healed":0.0,"max_hp_gain":0.0,"max_hp_loss":0.0,"gold_gain":0.0,"event_name":"Living Wall","player_choice":"Grow","floor":12.0,"gold_loss":0.0,"damage_taken":0.0,"cards_upgraded":["Terror"]},{"damage_healed":0,"gold_gain":0,"player_choice":"Shed Blood","damage_taken":19,"max_hp_gain":5,"max_hp_loss":0,"event_name":"Forgotten Altar","floor":19,"gold_loss":0}],"is_beta":false,"boss_relics":[{"not_picked":["Black Star","Coffee Dripper"],"picked":"Orrery"}],"items_purged_floors":[],"is_endless":false,"potions_floor_spawned":[2,7,11,14,16,18,21],"killed_by":"Cultist and Chosen","ascension_level":1}