{"gold_per_floor":[114,77,77,92,107,137,152,152,152,167,182,197,212,20,20,120,120,135,105,120,120],"floor_reached":21,"playtime":2235,"items_purged":[],"score":187,"play_id":"298fcd50-885f-487c-8018-3652a32e7975","local_time":"20190628131403","daily_mods":["Chimera","Colorless Cards","Night Terrors"],"is_ascension_mode":false,"campfire_choices":[{"floor":8,"key":"REST"},{"data":"Defragment","floor":15,"key":"SMITH"}],"neow_cost":"","seed_source_timestamp":0,"circlet_count":0,"master_deck":["Survivor","Zap","Strike_R","Strike_G","Strike_B","Defend_R","Defend_G","Defend_B","Lockon","Enlightenment","Steam","Cold Snap","Streamline","Leap","Turbo","Steam","Conserve Battery","Defragment+1","Amplify","Meteor Strike","Stack","Streamline","Sweeping Beam"],"special_seed":18075,"relics":["Cracked Core","Kunai","Letter Opener","Inserter"],"potions_floor_usage":[13,18,19,20,20,21],"damage_taken":[{"damage":3,"enemies":"Jaw Worm","floor":1,"turns":4},{"damage":0,"enemies":"Small Slimes","floor":4,"turns":3},{"damage":1,"enemies":"Cultist","floor":5,"turns":3},{"damage":26,"enemies":"Gremlin Nob","floor":6,"turns":5},{"damage":3,"enemies":"Looter","floor":7,"turns":4},{"damage":7,"enemies":"3 Louse","floor":10,"turns":3},{"damage":3,"enemies":"Large Slime","floor":11,"turns":4},{"damage":0,"enemies":"Red Slaver","floor":12,"turns":3},{"damage":4,"enemies":"Gremlin Gang","floor":13,"turns":4},{"damage":22,"enemies":"Hexaghost","floor":16,"turns":12},{"damage":10,"enemies":"3 Byrds","floor":18,"turns":6},{"damage":18,"enemies":"2 Thieves","floor":19,"turns":5},{"damage":8,"enemies":"Snake Plant","floor":20,"turns":4},{"damage":42,"enemies":"Cultist and Chosen","floor":21,"turns":5}],"seed_played":"7702872227345050890","potions_obtained":[{"floor":1,"key":"Ancient Potion"},{"floor":7,"key":"Fire Potion"},{"floor":12,"key":"Fruit Juice"},{"floor":13,"key":"FocusPotion"},{"floor":18,"key":"Ancient Potion"},{"floor":20,"key":"SkillPotion"}],"is_trial":false,"path_per_floor":["M","?","?","M","M","E","M","R","T","M","M","M","M","$","R","B",null,"M","M","M","M"],"character_chosen":"DEFECT","items_purchased":["Defragment","Amplify"],"campfire_rested":1,"item_purchase_floors":[14,14],"current_hp_per_floor":[72,72,72,72,71,45,42,70,70,63,60,60,61,61,61,39,75,65,47,39,0],"gold":120,"neow_bonus":"","is_prod":false,"is_daily":true,"chose_seed":false,"campfire_upgraded":1,"win_rate":0.0,"timestamp":1561738443,"path_taken":["M","?","?","M","M","E","M","R","T","M","M","M","M","$","R","BOSS","M","?","M","M"],"build_version":"2019-01-23","purchased_purges":0,"victory":false,"max_hp_per_floor":[75,75,75,75,75,75,75,70,70,70,70,70,75,75,75,75,75,75,75,75,75],"card_choices":[{"not_picked":["Madness","Cold Snap"],"picked":"Lockon","floor":1},{"not_picked":["Good Instincts","Hologram"],"picked":"Enlightenment","floor":4},{"not_picked":["Hologram","Panacea"],"picked":"Steam","floor":5},{"not_picked":["BootSequence","Violence"],"picked":"Cold Snap","floor":6},{"not_picked":["Rebound","Loop"],"picked":"Streamline","floor":7},{"not_picked":["Madness","Gash"],"picked":"Leap","floor":10},{"not_picked":["Gash","Cold Snap"],"picked":"Turbo","floor":11},{"not_picked":["Madness","Consume"],"picked":"Steam","floor":12},{"not_picked":["Streamline","Force Field"],"picked":"Conserve Battery","floor":13},{"not_picked":["Panache","Apotheosis"],"picked":"Meteor Strike","floor":16},{"not_picked":["Barrage+1","Skim"],"picked":"Stack","floor":18},{"not_picked":["Coolheaded+1","Double Energy"],"picked":"Streamline","floor":19},{"not_picked":["Swift Strike","BootSequence"],"picked":"Sweeping Beam","floor":20}],"player_experience":30430,"relics_obtained":[{"floor":6,"key":"Kunai"},{"floor":9,"key":"Letter Opener"}],"event_choices":[{"damage_healed":0,"gold_gain":0,"player_choice":"Left Gold","damage_taken":0,"max_hp_gain":0,"max_hp_loss":0,"event_name":"World of Goop","floor":2,"gold_loss":37},{"cards_removed":["Bash"],"damage_healed":0,"gold_gain":0,"player_choice":"Offered Basic","damage_taken":0,"max_hp_gain":0,"max_hp_loss":0,"event_name":"Bonfire Elementals","floor":3,"gold_loss":0}],"is_beta":false,"boss_relics":[{"not_picked":["Busted Crown","Coffee Dripper"],"picked":"Inserter"}],"items_purged_floors":[],"is_endless":false,"potions_floor_spawned":[1,7,12,13,18,20],"killed_by":"Cultist and Chosen","ascension_level":0}