{"gold_per_floor":[112,129,144,28,39,39,71,85,110,120,152,152,167,186,186,261,261,277,294,294,97,97],"floor_reached":22,"playtime":1497,"items_purged":["Strike_B"],"score":360,"play_id":"883aae3a-bf2a-425f-89d1-5c73ad7ed57b","local_time":"20190415220431","is_ascension_mode":true,"campfire_choices":[{"data":"Beam Cell","floor":6,"key":"SMITH"},{"data":"Streamline","floor":12,"key":"SMITH"},{"floor":15,"key":"REST"}],"neow_cost":"NONE","seed_source_timestamp":145315630602523,"circlet_count":0,"master_deck":["AscendersBane","Strike_B","Strike_B","Strike_B","Defend_B+1","Defend_B+1","Defend_B","Defend_B","Zap","Dualcast","Streamline+1","Rebound","Beam Cell+1","Doom and Gloom","Conserve Battery","Reboot","Conserve Battery","Conserve Battery","Hologram","Compile Driver","Meteor Strike","Glacier","Steam+1","Secret Weapon"],"relics":["Cracked Core","War Paint","Oddly Smooth Stone","Bag of Marbles","Strawberry","Philosopher\u0027s Stone"],"potions_floor_usage":[7,14,16],"damage_taken":[{"damage":0,"enemies":"Jaw Worm","floor":1,"turns":3},{"damage":0,"enemies":"Cultist","floor":2,"turns":3},{"damage":0,"enemies":"2 Louse","floor":3,"turns":2},{"damage":2,"enemies":"2 Fungi Beasts","floor":5,"turns":4},{"damage":13,"enemies":"Lagavulin","floor":7,"turns":5},{"damage":3,"enemies":"3 Louse","floor":8,"turns":3},{"damage":2,"enemies":"Looter","floor":10,"turns":2},{"damage":12,"enemies":"3 Sentries","floor":11,"turns":6},{"damage":4,"enemies":"Blue Slaver","floor":13,"turns":2},{"damage":8,"enemies":"Gremlin Gang","floor":14,"turns":2},{"damage":14,"enemies":"The Guardian","floor":16,"turns":7},{"damage":12,"enemies":"Spheric Guardian","floor":18,"turns":3},{"damage":44,"enemies":"2 Thieves","floor":19,"turns":4},{"damage":18,"enemies":"Centurion and Healer","floor":22,"turns":5}],"seed_played":"3048760953099477657","potions_obtained":[{"floor":5,"key":"Swift Potion"},{"floor":7,"key":"Strength Potion"},{"floor":11,"key":"EssenceOfSteel"},{"floor":14,"key":"SpeedPotion"},{"floor":16,"key":"SmokeBomb"},{"floor":18,"key":"SteroidPotion"}],"is_trial":false,"path_per_floor":["M","M","M","$","M","R","E","M","T","M","E","R","M","M","R","B",null,"M","M","?","$","M"],"character_chosen":"DEFECT","items_purchased":["Doom and Gloom","Secret Weapon"],"campfire_rested":1,"item_purchase_floors":[4,21],"current_hp_per_floor":[64,64,64,64,62,62,49,46,46,44,39,39,35,27,50,36,68,56,12,12,12,0],"gold":97,"neow_bonus":"RANDOM_COMMON_RELIC","is_prod":false,"is_daily":false,"chose_seed":false,"campfire_upgraded":2,"win_rate":0,"timestamp":1555380271,"path_taken":["M","M","M","$","M","R","E","M","T","M","E","R","M","M","R","BOSS","M","M","?","$","?"],"build_version":"2019-01-23","purchased_purges":1,"victory":false,"max_hp_per_floor":[71,71,71,71,71,71,71,71,71,71,78,78,78,78,78,78,78,78,78,78,78,78],"card_choices":[{"not_picked":["Go for the Eyes","Rebound"],"picked":"Streamline","floor":1},{"not_picked":["Static Discharge","Coolheaded"],"picked":"Rebound","floor":2},{"not_picked":["Ball Lightning","Streamline"],"picked":"Beam Cell","floor":3},{"not_picked":["Reprogram","Lockon"],"picked":"Conserve Battery","floor":5},{"not_picked":["Doom and Gloom","Streamline","Scrape"],"picked":"SKIP","floor":7},{"not_picked":["Coolheaded","Turbo"],"picked":"Reboot","floor":8},{"not_picked":["Sweeping Beam","Gash"],"picked":"Conserve Battery","floor":10},{"not_picked":["Rip and Tear","Streamline"],"picked":"Conserve Battery","floor":11},{"not_picked":["Static Discharge","FTL"],"picked":"Hologram","floor":13},{"not_picked":["Storm","Reinforced Body"],"picked":"Compile Driver","floor":14},{"not_picked":["Seek","Buffer"],"picked":"Meteor Strike","floor":16},{"not_picked":["Rebound","Capacitor"],"picked":"Glacier","floor":18},{"not_picked":["Hello World","Leap"],"picked":"Steam+1","floor":19}],"player_experience":2496440,"relics_obtained":[{"floor":7,"key":"Oddly Smooth Stone"},{"floor":9,"key":"Bag of Marbles"},{"floor":11,"key":"Strawberry"}],"event_choices":[{"damage_healed":0,"gold_gain":0,"player_choice":"Ignored","damage_taken":0,"max_hp_gain":0,"max_hp_loss":0,"event_name":"N\u0027loth","floor":20,"gold_loss":0}],"is_beta":false,"boss_relics":[{"not_picked":["Empty Cage","Inserter"],"picked":"Philosopher\u0027s Stone"}],"items_purged_floors":[4],"is_endless":false,"potions_floor_spawned":[5,7,11,14,16,18],"killed_by":"Centurion and Healer","ascension_level":16}