{"gold_per_floor":[112,26,41,53,128,128,192,192,192,211,211,225,257,271,271,344,344,360,360,373,288,305,305,305],"floor_reached":24,"playtime":1654,"items_purged":[],"score":396,"play_id":"a8d63fe6-f5ac-4c35-b6d3-cd16febd4cf7","local_time":"20190801235407","is_ascension_mode":true,"campfire_choices":[{"data":"Fiend Fire","floor":6.0,"key":"SMITH"},{"data":"Combust","floor":8.0,"key":"SMITH"},{"data":"Combust","floor":11.0,"key":"SMITH"},{"data":"Hemokinesis","floor":15.0,"key":"SMITH"},{"data":"Pommel Strike","floor":23.0,"key":"SMITH"}],"neow_cost":"NONE","seed_source_timestamp":516072838780401,"circlet_count":0,"master_deck":["AscendersBane","Strike_R","Strike_R","Strike_R","Strike_R","Strike_R","Defend_R","Defend_R","Defend_R","Defend_R","Bash","Shrug It Off","Fiend Fire+1","Battle Trance","Combust+1","Shrug It Off","Combust+1","Cleave","Clothesline","Hemokinesis+1","Brutality","Metallicize","Pommel Strike+1"],"special_seed":0,"relics":["Black Blood","Pen Nib","Blue Candle","Meat on the Bone","Enchiridion","Strawberry"],"potions_floor_usage":[24],"damage_taken":[{"damage":3.0,"enemies":"Small Slimes","floor":1.0,"turns":3.0},{"damage":7.0,"enemies":"2 Louse","floor":3.0,"turns":3.0},{"damage":0.0,"enemies":"Jaw Worm","floor":4.0,"turns":5.0},{"damage":5.0,"enemies":"Gremlin Nob","floor":7.0,"turns":3.0},{"damage":17.0,"enemies":"Large Slime","floor":10.0,"turns":5.0},{"damage":0.0,"enemies":"Exordium Wildlife","floor":12.0,"turns":4.0},{"damage":23.0,"enemies":"Lagavulin","floor":13.0,"turns":6.0},{"damage":0.0,"enemies":"Red Slaver","floor":14.0,"turns":1.0},{"damage":28.0,"enemies":"Slime Boss","floor":16.0,"turns":5.0},{"damage":11.0,"enemies":"Chosen","floor":18.0,"turns":4.0},{"damage":16.0,"enemies":"Spheric Guardian","floor":20.0,"turns":3.0},{"damage":27.0,"enemies":"Snake Plant","floor":22.0,"turns":3.0},{"damage":60,"enemies":"Book of Stabbing","floor":24,"turns":5}],"seed_played":"1157869186323170687","potions_obtained":[{"floor":0.0,"key":"EntropicBrew"},{"floor":0.0,"key":"EssenceOfSteel"},{"floor":10.0,"key":"SkillPotion"},{"floor":12.0,"key":"Fruit Juice"},{"floor":13.0,"key":"SpeedPotion"},{"floor":20.0,"key":"Dexterity Potion"},{"floor":22.0,"key":"Ancient Potion"}],"is_trial":false,"path_per_floor":["M","$","M","M","?","R","?","R","T","M","R","M","E","M","R","B",null,"M","?","M","?","M","R","E"],"character_chosen":"IRONCLAD","items_purchased":["Fiend Fire"],"campfire_rested":0,"item_purchase_floors":[2],"current_hp_per_floor":[71,71,70,75,64,64,65,65,65,54,54,65,48,54,54,44,71,70,49,55,62,57,57,0],"gold":305,"neow_bonus":"THREE_SMALL_POTIONS","is_prod":false,"is_daily":false,"chose_seed":false,"campfire_upgraded":5,"win_rate":0,"timestamp":1564718047,"path_taken":["M","$","M","M","?","R","?","R","T","M","R","M","E","M","R","BOSS","M","?","M","?","M","R","E"],"build_version":"2019-01-23","purchased_purges":0,"victory":false,"max_hp_per_floor":[75,75,75,75,75,75,75,75,75,75,75,80,80,80,80,80,80,80,80,80,87,87,87,87],"card_choices":[{"not_picked":["True Grit","Pommel Strike"],"picked":"Shrug It Off","floor":1.0},{"not_picked":["Wild Strike","Clash"],"picked":"Battle Trance","floor":3.0},{"not_picked":["Searing Blow","Twin Strike"],"picked":"Combust","floor":4.0},{"not_picked":["Searing Blow","Cleave"],"picked":"Shrug It Off","floor":7.0},{"not_picked":["Infernal Blade","Impervious"],"picked":"Combust","floor":10.0},{"not_picked":["Corruption","Dropkick"],"picked":"Cleave","floor":12.0},{"not_picked":["Sever Soul","Pommel Strike"],"picked":"Clothesline","floor":13.0},{"not_picked":["Warcry","Heavy Blade"],"picked":"Hemokinesis","floor":14.0},{"not_picked":["Bludgeon","Fiend Fire"],"picked":"Brutality","floor":16.0},{"not_picked":["Twin Strike","Second Wind"],"picked":"Metallicize","floor":18.0},{"not_picked":["Fire Breathing","Armaments"],"picked":"Pommel Strike","floor":20.0},{"not_picked":["Havoc","Hemokinesis","True Grit"],"picked":"SKIP","floor":22.0}],"player_experience":2756147,"relics_obtained":[{"floor":7.0,"key":"Pen Nib"},{"floor":9.0,"key":"Blue Candle"},{"floor":13.0,"key":"Meat on the Bone"},{"floor":19.0,"key":"Enchiridion"}],"event_choices":[{"damage_healed":0.0,"max_hp_gain":0.0,"max_hp_loss":0.0,"gold_gain":75.0,"event_name":"World of Goop","player_choice":"Gather Gold","floor":5.0,"gold_loss":0.0,"damage_taken":11.0},{"damage_healed":0.0,"max_hp_gain":0.0,"max_hp_loss":0.0,"gold_gain":0.0,"event_name":"Dead Adventurer","player_choice":"Searched \u00271\u0027 times","floor":7.0,"gold_loss":0.0,"damage_taken":0.0},{"damage_healed":0.0,"max_hp_gain":0.0,"max_hp_loss":0.0,"gold_gain":0.0,"event_name":"Cursed Tome","player_choice":"Obtained Book","floor":19.0,"gold_loss":0.0,"damage_taken":21.0},{"damage_healed":0.0,"max_hp_gain":0.0,"max_hp_loss":0.0,"gold_gain":0.0,"event_name":"Addict","player_choice":"Obtained Relic","floor":21.0,"gold_loss":85.0,"damage_taken":0.0,"relics_obtained":["Strawberry"]}],"is_beta":false,"boss_relics":[{"not_picked":["Astrolabe","Calling Bell"],"picked":"Black Blood"}],"items_purged_floors":[],"is_endless":false,"potions_floor_spawned":[10,12,13,14,20,22],"killed_by":"Book of Stabbing","ascension_level":20}