{"gold_per_floor":[115,126,136,136,40,69,89,89,112,122,151,166,185,205,205,276,276,287,287,287,300,18,48,48],"floor_reached":24,"playtime":1901,"items_purged":[],"score":422,"play_id":"a9a4c718-1bbe-4f76-aaba-73872eff4344","local_time":"20190328213404","is_ascension_mode":true,"campfire_choices":[{"floor":8,"key":"REST"},{"floor":15,"key":"REST"}],"neow_cost":"NONE","seed_source_timestamp":1861739935568938,"circlet_count":0,"master_deck":["AscendersBane","Defend_G","Defend_G","Defend_G","Defend_G","Defend_G","Strike_G","Strike_G","Strike_G","Strike_G","Strike_G","Survivor","Neutralize","Masterful Stab","Terror","Backstab","Panacea","Malaise","Dagger Spray","Acrobatics","Deflect","Escape Plan","All Out Attack","Dodge and Roll","Poisoned Stab","Adrenaline","Bouncing Flask","Corpse Explosion","Footwork+1","Crippling Poison","PiercingWail","Adrenaline+1"],"relics":["Ring of the Snake","Boot","Odd Mushroom","Smiling Mask","Prayer Wheel","White Beast Statue","Nloth\u0027s Gift","Toxic Egg 2","Potion Belt"],"potions_floor_usage":[6,6,11,16,16,21,23],"damage_taken":[{"damage":0,"enemies":"2 Louse","floor":1,"turns":1},{"damage":0,"enemies":"Small Slimes","floor":2,"turns":1},{"damage":0,"enemies":"Jaw Worm","floor":3,"turns":1},{"damage":19,"enemies":"Gremlin Nob","floor":6,"turns":4},{"damage":16,"enemies":"The Mushroom Lair","floor":7,"turns":6},{"damage":7,"enemies":"Gremlin Gang","floor":10,"turns":5},{"damage":11,"enemies":"Lagavulin","floor":11,"turns":8},{"damage":5,"enemies":"Exordium Wildlife","floor":12,"turns":4},{"damage":4,"enemies":"Red Slaver","floor":13,"turns":4},{"damage":12,"enemies":"Large Slime","floor":14,"turns":4},{"damage":6,"enemies":"The Guardian","floor":16,"turns":10},{"damage":6,"enemies":"Chosen","floor":18,"turns":5},{"damage":11,"enemies":"2 Thieves","floor":21,"turns":3},{"damage":19,"enemies":"Slavers","floor":23,"turns":4},{"damage":19,"enemies":"Shelled Parasite and Fungi","floor":24,"turns":7}],"seed_played":"-2388431437229118917","potions_obtained":[{"floor":2,"key":"Block Potion"},{"floor":3,"key":"Fire Potion"},{"floor":7,"key":"LiquidBronze"},{"floor":10,"key":"SpeedPotion"},{"floor":13,"key":"LiquidBronze"},{"floor":18,"key":"Block Potion"},{"floor":21,"key":"PowerPotion"},{"floor":23,"key":"Strength Potion"}],"is_trial":false,"path_per_floor":["M","M","M","?","$","E","?","R","T","M","E","M","M","M","R","B",null,"M","?","?","M","$","E","M"],"character_chosen":"THE_SILENT","items_purchased":["Panacea","Toxic Egg 2"],"campfire_rested":2,"item_purchase_floors":[5,22],"current_hp_per_floor":[59,59,59,59,59,40,24,43,43,36,25,20,16,4,23,17,54,48,48,48,37,37,18,0],"gold":48,"neow_bonus":"THREE_ENEMY_KILL","is_prod":false,"is_daily":false,"chose_seed":false,"campfire_upgraded":0,"win_rate":0,"timestamp":1553823244,"path_taken":["M","M","M","?","$","E","?","R","T","M","E","M","M","M","R","BOSS","M","?","?","?","$","E","M"],"build_version":"2019-01-23","purchased_purges":0,"victory":false,"max_hp_per_floor":[66,66,66,66,66,66,66,66,66,66,66,66,66,66,66,66,66,66,66,66,66,66,66,66],"card_choices":[{"not_picked":["Flying Knee","Sucker Punch"],"picked":"Masterful Stab","floor":1},{"not_picked":["Deflect","Bane"],"picked":"Terror","floor":2},{"not_picked":["Infinite Blades","Choke"],"picked":"Backstab","floor":3},{"not_picked":["Riddle With Holes","Prepared"],"picked":"Malaise","floor":6},{"not_picked":["Deadly Poison","Leg Sweep"],"picked":"Dagger Spray","floor":7},{"not_picked":["Prepared","Finisher"],"picked":"Acrobatics","floor":10},{"not_picked":["Cloak And Dagger","Catalyst"],"picked":"Deflect","floor":11},{"not_picked":["Flechettes","Distraction"],"picked":"Escape Plan","floor":12},{"not_picked":["Dagger Throw","Prepared"],"picked":"All Out Attack","floor":12},{"not_picked":["Sucker Punch","Flying Knee"],"picked":"Dodge and Roll","floor":13},{"not_picked":["Slice","Masterful Stab"],"picked":"Poisoned Stab","floor":13},{"not_picked":["Quick Slash","Prepared"],"picked":"Adrenaline","floor":14},{"not_picked":["Expertise","Dodge and Roll"],"picked":"Bouncing Flask","floor":14},{"not_picked":["Doppelganger","Venomology"],"picked":"Corpse Explosion","floor":16},{"not_picked":["Accuracy","Deadly Poison"],"picked":"Footwork+1","floor":18},{"not_picked":["Prepared","Calculated Gamble"],"picked":"Crippling Poison","floor":18},{"not_picked":["Backflip","Deadly Poison"],"picked":"PiercingWail","floor":21},{"not_picked":["Outmaneuver","Storm of Steel","Crippling Poison"],"picked":"SKIP","floor":21},{"not_picked":["Masterful Stab","Backflip+1"],"picked":"Adrenaline+1","floor":23}],"player_experience":2415019,"relics_obtained":[{"floor":6,"key":"Boot"},{"floor":7,"key":"Odd Mushroom"},{"floor":9,"key":"Smiling Mask"},{"floor":11,"key":"Prayer Wheel"},{"floor":23,"key":"Potion Belt"}],"event_choices":[{"damage_healed":0,"gold_gain":0,"player_choice":"Ignored","damage_taken":0,"max_hp_gain":0,"max_hp_loss":0,"event_name":"Shining Light","floor":4,"gold_loss":0},{"damage_healed":0,"gold_gain":0,"player_choice":"Fought Mushrooms","damage_taken":0,"max_hp_gain":0,"max_hp_loss":0,"event_name":"Mushrooms","floor":7,"gold_loss":0},{"damage_healed":0,"gold_gain":0,"player_choice":"Ignored","damage_taken":0,"max_hp_gain":0,"max_hp_loss":0,"event_name":"Ghosts","floor":19,"gold_loss":0},{"damage_healed":0,"gold_gain":0,"player_choice":"Traded Relic","damage_taken":0,"relics_obtained":["Nloth\u0027s Gift"],"max_hp_gain":0,"max_hp_loss":0,"event_name":"N\u0027loth","floor":20,"relics_lost":["NeowsBlessing"],"gold_loss":0}],"is_beta":false,"boss_relics":[{"not_picked":["Snecko Eye","Coffee Dripper"],"picked":"White Beast Statue"}],"items_purged_floors":[],"is_endless":false,"potions_floor_spawned":[2,3,7,10,13,14,18,21,23],"killed_by":"Shelled Parasite and Fungi","ascension_level":17}