{"gold_per_floor":[110,60,80,80,29,29,50,63,87,106,106,54,69,88,88,208,208,226,106,205,9,30,30,49,49,49,49,49,67,86,86],"floor_reached":31,"playtime":2614,"items_purged":["Strike_B"],"score":300,"play_id":"d0aeb985-c4ff-4f4d-905c-8ef72fe20a03","local_time":"20180810013924","is_ascension_mode":true,"campfire_choices":[{"data":"Creative AI","floor":6,"key":"SMITH"},{"floor":15,"key":"REST"},{"data":"Zap","floor":23,"key":"SMITH"},{"floor":25,"key":"REST"},{"data":"Hologram","floor":28,"key":"SMITH"}],"neow_cost":"NONE","seed_source_timestamp":215023518554538,"circlet_count":0,"master_deck":["Strike_B","Strike_B","Defend_B","Defend_B","Defend_B","Defend_B","Zap+1","Dualcast","Creative AI+1","Gash","Hologram+1","Gash","Beam Cell","Double Energy","Melter","Steam","Sweeping Beam","Skim","Buffer","Cold Snap","Leap","Gash","Self Repair","Turbo","Steam","Steam Power","Gash","Turbo","Defragment+1"],"relics":["Cracked Core","Golden Idol","Blood Vial","Lantern","Sozu","Calipers","Nunchaku"],"potions_floor_usage":[13,16,16],"damage_taken":[{"damage":0,"enemies":"2 Louse","floor":1,"turns":2},{"damage":4,"enemies":"Jaw Worm","floor":3,"turns":4},{"damage":0,"enemies":"Small Slimes","floor":7,"turns":4},{"damage":9,"enemies":"Looter","floor":8,"turns":3},{"damage":8,"enemies":"Blue Slaver","floor":10,"turns":3},{"damage":7,"enemies":"3 Louse","floor":13,"turns":3},{"damage":6,"enemies":"Looter","floor":14,"turns":2},{"damage":50,"enemies":"The Guardian","floor":16,"turns":10},{"damage":2,"enemies":"Spheric Guardian","floor":18,"turns":3},{"damage":9,"enemies":"Chosen","floor":22,"turns":6},{"damage":40,"enemies":"Snake Plant","floor":24,"turns":6},{"damage":0,"enemies":"Sentry and Sphere","floor":29,"turns":4},{"damage":36,"enemies":"3 Cultists","floor":30,"turns":5},{"damage":40,"enemies":"Snake Plant","floor":31,"turns":4}],"seed_played":"8181675066393249728","potions_obtained":[{"floor":3,"key":"Swift Potion"},{"floor":7,"key":"Regen Potion"},{"floor":10,"key":"FocusPotion"},{"floor":13,"key":"Ancient Potion"}],"is_trial":false,"path_per_floor":["M","?","M","?","$","R","M","M","T","M","T","$","M","M","R","B",null,"M","$","?","$","M","R","M","R","T","T","R","M","M"],"character_chosen":"DEFECT","items_purchased":["Gash","Steam","Leap","Gash","Self Repair","Turbo","Steam"],"campfire_rested":2,"item_purchase_floors":[5,12,19,21,21,21,21],"current_hp_per_floor":[75,75,71,53,53,53,53,44,44,38,38,38,33,29,51,18,75,73,73,73,73,73,73,42,64,64,64,64,66,32,0],"gold":86,"neow_bonus":"ONE_RANDOM_RARE_CARD","is_prod":false,"is_daily":false,"chose_seed":false,"campfire_upgraded":3,"win_rate":0,"timestamp":1533879564,"path_taken":["M","?","M","?","?","R","M","M","T","M","?","$","?","M","R","BOSS","M","?","?","$","M","R","?","R","T","?","R","M","M","M"],"build_version":"2018-08-02","purchased_purges":1,"victory":false,"max_hp_per_floor":[75,75,75,75,75,75,75,75,75,75,75,75,75,75,75,75,75,75,75,75,75,75,75,75,75,75,75,75,75,75,75],"card_choices":[{"not_picked":["Steam Power","FTL"],"picked":"Gash","floor":1},{"not_picked":["Streamline","Beam Cell"],"picked":"Hologram","floor":3},{"not_picked":["Hologram","Sunder"],"picked":"Beam Cell","floor":7},{"not_picked":["Hello World","Force Field"],"picked":"Double Energy","floor":8},{"not_picked":["Coolheaded","Static Discharge"],"picked":"Melter","floor":10},{"not_picked":["Barrage","Cold Snap"],"picked":"Sweeping Beam","floor":13},{"not_picked":["Storm","Melter"],"picked":"Skim","floor":14},{"not_picked":["Fission","Amplify"],"picked":"Buffer","floor":16},{"not_picked":["Redo","Streamline"],"picked":"Cold Snap","floor":18},{"not_picked":["Skim","Barrage"],"picked":"Steam Power","floor":22},{"not_picked":["Consume","Storm"],"picked":"Gash","floor":24},{"not_picked":["Hello World","Consume"],"picked":"Turbo","floor":29},{"not_picked":["Loop","Compile Driver"],"picked":"Defragment+1","floor":30}],"player_experience":1495074,"relics_obtained":[{"floor":9,"key":"Blood Vial"},{"floor":11,"key":"Lantern"},{"floor":26,"key":"Calipers"},{"floor":27,"key":"Nunchaku"}],"event_choices":[{"event_name":"The Cleric","player_choice":"Card Removal","floor":2,"damage_taken":0},{"event_name":"Golden Idol","player_choice":"Take Damage","floor":4,"damage_taken":0},{"event_name":"Nest","player_choice":"Stole From Cult","floor":20,"damage_taken":0}],"is_beta":false,"boss_relics":[{"not_picked":["Philosopher\u0027s Stone","Velvet Choker"],"picked":"Sozu"}],"items_purged_floors":[19],"is_endless":false,"potions_floor_spawned":[3,7,10,13,18,24,30],"killed_by":"Snake Plant","ascension_level":4}