{"gold_per_floor":[144,189,189,234,279,369,414,78,78,168,213,138,183,273,273,573,573,618,618,618,702,348,393,438,528,603,603,648,738,232,257,257,557,557,602,602,647,267,312,402,402,402,477,127,217,262,307,397,397,397],"floor_reached":51,"playtime":4144,"items_purged":["Strike_R","Strike_R","Strike_R","Defend_R"],"score":922,"play_id":"eff11476-7206-4ac2-ae07-61b619d05e97","local_time":"20191020123559","daily_mods":["Heirloom","Diverse","Midas"],"is_ascension_mode":false,"campfire_choices":[{"floor":15.0,"key":"REST"},{"floor":32.0,"key":"REST"},{"floor":41.0,"key":"REST"},{"floor":49,"key":"REST"}],"neow_cost":"","seed_source_timestamp":0,"circlet_count":0,"master_deck":["Defend_R","Bash","Quick Slash","Outmaneuver+1","Twin Strike","Reboot","Flying Knee","Go for the Eyes","Sucker Punch","Evolve","Aggregate","Hologram","Burning Pact","Seek","Discovery+1","Stack+1","Shockwave+1","Pommel Strike","Backflip","Skim","Demon Form","All For One","Power Through+1","Enlightenment+1","Thinking Ahead+1","Spot Weakness+1","Venomology+1","Bane+1","Entrench+1","All For One+1","Turbo+1","Inflame","Power Through+1","Cloak And Dagger+1","Warcry+1","Reprogram+1","Turbo+1"],"special_seed":18189,"relics":["Burning Blood","Prayer Wheel","Regal Pillow","Membership Card","Bronze Scales","Centennial Puzzle","Charon\u0027s Ashes","Happy Flower","Busted Crown","Red Mask","Pen Nib","Strawberry","Toy Ornithopter","Bag of Marbles","Toxic Egg 2","Juzu Bracelet","Lantern","Ginger","War Paint","Astrolabe","Orichalcum","Blood Vial","Medical Kit","Meat on the Bone","Kunai","Pear","Self Forming Clay","Sling","Bird Faced Urn","Boot"],"potions_floor_usage":[47,48,50,50,50,50],"damage_taken":[{"damage":13.0,"enemies":"Cultist","floor":1.0,"turns":5.0},{"damage":3.0,"enemies":"Small Slimes","floor":2.0,"turns":3.0},{"damage":13.0,"enemies":"2 Louse","floor":4.0,"turns":2.0},{"damage":8.0,"enemies":"2 Fungi Beasts","floor":5.0,"turns":4.0},{"damage":26.0,"enemies":"3 Sentries","floor":6.0,"turns":6.0},{"damage":0.0,"enemies":"Large Slime","floor":7.0,"turns":5.0},{"damage":11.0,"enemies":"Lagavulin","floor":10.0,"turns":7.0},{"damage":2.0,"enemies":"Blue Slaver","floor":11.0,"turns":3.0},{"damage":7.0,"enemies":"2 Fungi Beasts","floor":13.0,"turns":3.0},{"damage":20.0,"enemies":"Gremlin Nob","floor":14.0,"turns":5.0},{"damage":48.0,"enemies":"The Guardian","floor":16.0,"turns":9.0},{"damage":4.0,"enemies":"Shell Parasite","floor":18.0,"turns":5.0},{"damage":6.0,"enemies":"Masked Bandits","floor":21.0,"turns":3.0},{"damage":1.0,"enemies":"Chosen","floor":23.0,"turns":4.0},{"damage":6.0,"enemies":"Shelled Parasite and Fungi","floor":24.0,"turns":5.0},{"damage":13.0,"enemies":"Gremlin Leader","floor":25.0,"turns":3.0},{"damage":5.0,"enemies":"Centurion and Healer","floor":28.0,"turns":5.0},{"damage":16.0,"enemies":"Book of Stabbing","floor":29.0,"turns":5.0},{"damage":14.0,"enemies":"Automaton","floor":33.0,"turns":5.0},{"damage":0.0,"enemies":"Orb Walker","floor":35.0,"turns":2.0},{"damage":15.0,"enemies":"3 Shapes","floor":37.0,"turns":4.0},{"damage":0.0,"enemies":"Sphere and 2 Shapes","floor":39.0,"turns":3.0},{"damage":4.0,"enemies":"Giant Head","floor":40.0,"turns":3.0},{"damage":25.0,"enemies":"Nemesis","floor":45.0,"turns":5.0},{"damage":0,"enemies":"3 Darklings","floor":46,"turns":4},{"damage":16,"enemies":"Spire Growth","floor":47,"turns":4},{"damage":10,"enemies":"Giant Head","floor":48,"turns":6},{"damage":24,"enemies":"Awakened One","floor":50,"turns":8}],"seed_played":"-5003695642774057606","potions_obtained":[{"floor":1.0,"key":"SpeedPotion"},{"floor":3.0,"key":"Weak Potion"},{"floor":3.0,"key":"Swift Potion"},{"floor":3.0,"key":"PowerPotion"},{"floor":10.0,"key":"FairyPotion"},{"floor":16.0,"key":"SkillPotion"},{"floor":29.0,"key":"EntropicBrew"},{"floor":40.0,"key":"PowerPotion"},{"floor":46,"key":"BloodPotion"},{"floor":47,"key":"PowerPotion"}],"is_trial":false,"path_per_floor":["M","M","?","M","M","E","M","$","T","E","M","$","M","E","R","B",null,"M","?","?","?","$","M","M","E","T","?","M","E","$","T","R","B",null,"M","?","M","$","M","E","R","?","T","$","E","M","M","E","R","B",null],"character_chosen":"IRONCLAD","items_purchased":["Membership Card","Hologram","Bronze Scales","PowerPotion","Pen Nib","Discovery","Strawberry","Toy Ornithopter","Power Through+1","Lantern","Ginger","Enlightenment+1","Thinking Ahead+1","Spot Weakness+1","Orichalcum","Blood Vial","Medical Kit","SkillPotion","Inflame","Power Through+1","Cloak And Dagger+1","Pear","Self Forming Clay","Sling"],"campfire_rested":4,"item_purchase_floors":[8,8,8,12,22,22,22,22,30,30,30,30,30,30,38,38,38,38,38,38,38,44,44,44],"current_hp_per_floor":[73,76,76,69,67,47,53,53,53,48,52,52,51,37,76,34,80,80,80,65,65,72,77,77,75,75,75,76,66,66,66,92,84,92,92,92,83,83,92,92,92,92,92,102,88,102,102,98,102,90],"gold":397,"neow_bonus":"","is_prod":false,"is_daily":true,"chose_seed":false,"campfire_upgraded":0,"win_rate":0,"timestamp":1571546159,"path_taken":["M","M","?","M","?","E","M","?","T","E","?","$","M","E","R","BOSS","M","?","?","?","$","M","M","E","T","?","M","E","?","?","R","BOSS","M","?","M","$","M","E","R","?","T","$","E","M","M","E","R","BOSS"],"build_version":"2019-07-17","purchased_purges":4,"victory":true,"max_hp_per_floor":[80,80,80,80,80,80,80,80,80,80,80,80,80,80,80,80,80,80,80,85,85,92,92,92,92,92,92,92,92,92,92,92,92,92,92,92,92,92,92,92,92,92,92,102,102,102,102,102,102,102],"card_choices":[{"not_picked":["Double Energy","Compile Driver"],"picked":"Quick Slash","floor":1.0},{"not_picked":["Reinforced Body","Intimidate"],"picked":"Outmaneuver","floor":1.0},{"not_picked":["Stack","Coolheaded"],"picked":"Twin Strike","floor":2.0},{"not_picked":["Sword Boomerang","Armaments","Havoc"],"picked":"SKIP","floor":2.0},{"not_picked":["Heavy Blade","True Grit"],"picked":"Reboot","floor":4.0},{"not_picked":["Body Slam","Hemokinesis"],"picked":"Flying Knee","floor":4.0},{"not_picked":["Consume","Hemokinesis"],"picked":"Go for the Eyes","floor":5.0},{"not_picked":["Compile Driver","Underhanded Strike"],"picked":"Sucker Punch","floor":5.0},{"not_picked":["Scrape","Outmaneuver"],"picked":"Evolve","floor":6.0},{"not_picked":["Reprogram","Hemokinesis"],"picked":"Hello World","floor":7.0},{"not_picked":["Combust","Blizzard"],"picked":"Aggregate","floor":7.0},{"not_picked":["Headbutt","Expertise","Sword Boomerang"],"picked":"SKIP","floor":10.0},{"not_picked":["Rebound","Warcry"],"picked":"Burning Pact","floor":11.0},{"not_picked":["Redo","Anger","Consume"],"picked":"SKIP","floor":11.0},{"not_picked":["Tempest","Tools of the Trade","Ball Lightning"],"picked":"SKIP","floor":13.0},{"not_picked":["Compile Driver","Clash","Bullet Time"],"picked":"SKIP","floor":13.0},{"not_picked":["Tempest","Tools of the Trade","Ball Lightning"],"picked":"SKIP","floor":13.0},{"not_picked":["Compile Driver","Clash","Bullet Time"],"picked":"SKIP","floor":13.0},{"not_picked":["Escape Plan","Barrage","Endless Agony"],"picked":"SKIP","floor":14.0},{"not_picked":["Amplify","Unload"],"picked":"Seek","floor":16.0},{"not_picked":["Sword Boomerang"],"picked":"SKIP","floor":18.0},{"not_picked":["Combust+1"],"picked":"SKIP","floor":18.0},{"not_picked":[],"picked":"Stack+1","floor":23.0},{"not_picked":[],"picked":"Shockwave+1","floor":23.0},{"not_picked":[],"picked":"Pommel Strike","floor":24.0},{"not_picked":[],"picked":"Backflip","floor":24.0},{"not_picked":[],"picked":"Skim","floor":25.0},{"not_picked":["Deflect+1"],"picked":"SKIP","floor":28.0},{"not_picked":["Quick Slash"],"picked":"SKIP","floor":28.0},{"not_picked":[],"picked":"All For One","floor":29.0},{"not_picked":[],"picked":"Venomology+1","floor":33.0},{"not_picked":["Blood for Blood"],"picked":"SKIP","floor":35.0},{"not_picked":["Rebound"],"picked":"SKIP","floor":35.0},{"not_picked":[],"picked":"Turbo+1","floor":37.0},{"not_picked":["Dagger Throw+1"],"picked":"SKIP","floor":37.0},{"not_picked":[],"picked":"Warcry+1","floor":39.0},{"not_picked":[],"picked":"Reprogram+1","floor":39.0},{"not_picked":["Undo+1"],"picked":"SKIP","floor":40.0},{"not_picked":["Accuracy+1"],"picked":"SKIP","floor":45},{"not_picked":["Dual Wield+1"],"picked":"SKIP","floor":46},{"not_picked":["Infinite Blades+1"],"picked":"SKIP","floor":46},{"not_picked":[],"picked":"Turbo+1","floor":47},{"not_picked":["Bloodletting+1"],"picked":"SKIP","floor":47},{"not_picked":["Endless Agony+1"],"picked":"SKIP","floor":48}],"player_experience":213044,"relics_obtained":[{"floor":6.0,"key":"Regal Pillow"},{"floor":9.0,"key":"Centennial Puzzle"},{"floor":10.0,"key":"Charon\u0027s Ashes"},{"floor":14.0,"key":"Happy Flower"},{"floor":21.0,"key":"Red Mask"},{"floor":25.0,"key":"Bag of Marbles"},{"floor":26.0,"key":"Toxic Egg 2"},{"floor":29.0,"key":"Juzu Bracelet"},{"floor":31.0,"key":"War Paint"},{"floor":40.0,"key":"Meat on the Bone"},{"floor":43.0,"key":"Kunai"},{"floor":45,"key":"Bird Faced Urn"},{"floor":48,"key":"Boot"}],"event_choices":[{"damage_healed":0.0,"max_hp_gain":0.0,"max_hp_loss":0.0,"gold_gain":0.0,"event_name":"Lab","player_choice":"Got Potions","floor":3.0,"gold_loss":0.0,"damage_taken":0.0},{"cards_removed":["Strike_R"],"damage_healed":0.0,"max_hp_gain":0.0,"max_hp_loss":0.0,"gold_gain":0.0,"event_name":"Back to Basics","player_choice":"Elegance","floor":19.0,"gold_loss":0.0,"damage_taken":0.0},{"damage_healed":0.0,"max_hp_gain":5.0,"max_hp_loss":0.0,"gold_gain":0.0,"event_name":"Forgotten Altar","player_choice":"Shed Blood","floor":20.0,"gold_loss":0.0,"damage_taken":20.0},{"damage_healed":0.0,"max_hp_gain":0.0,"max_hp_loss":0.0,"gold_gain":0.0,"event_name":"Masked Bandits","player_choice":"Fought Bandits","floor":21.0,"gold_loss":0.0,"damage_taken":0.0},{"damage_healed":0.0,"max_hp_gain":0.0,"max_hp_loss":0.0,"gold_gain":0.0,"event_name":"The Library","player_choice":"Read","floor":27.0,"gold_loss":0.0,"damage_taken":0.0,"cards_obtained":["Demon Form"]},{"cards_removed":["Hello World"],"damage_healed":0.0,"max_hp_gain":0.0,"max_hp_loss":0.0,"gold_gain":0.0,"event_name":"Falling","player_choice":"Removed Power","floor":36.0,"gold_loss":0.0,"damage_taken":0.0},{"damage_healed":0.0,"max_hp_gain":0.0,"max_hp_loss":0.0,"gold_gain":0.0,"event_name":"SecretPortal","player_choice":"Ignored","floor":42.0,"gold_loss":0.0,"damage_taken":0.0}],"is_beta":false,"boss_relics":[{"not_picked":["Eternal Feather","White Beast Statue"],"picked":"Busted Crown"},{"not_picked":["Pandora\u0027s Box","Velvet Choker"],"picked":"Astrolabe"}],"items_purged_floors":[8,12,22,30],"is_endless":false,"potions_floor_spawned":[1,4,10,14,16,23,29,33,37,40,46,47],"ascension_level":0}