{"gold_per_floor":[110,25,25,41,56,87,100,100,100,100,110,120,138,150,150,252,252,265,265,277,287,305,305,320,334,334,11,11,0,0,0,0,0],"floor_reached":33,"playtime":2532,"items_purged":["Pain"],"score":253,"play_id":"2bba6ce9-367c-4d6b-bd4a-9d4754848c4a","local_time":"20190729114002","is_ascension_mode":false,"campfire_choices":[{"floor":8,"key":"REST"},{"floor":15,"key":"REST"},{"floor":23,"key":"REST"},{"floor":28,"key":"REST"},{"floor":30,"key":"REST"},{"data":"Biased Cognition","floor":32,"key":"SMITH"}],"neow_cost":"NONE","seed_source_timestamp":140565663230048,"circlet_count":0,"master_deck":["Strike_B","Strike_B","Strike_B","Strike_B","Defend_B","Defend_B","Defend_B","Defend_B","Zap","Dualcast+1","Gash","Genetic Algorithm","Sweeping Beam","Leap","Coolheaded","Meteor Strike","Conserve Battery","Loop","Conserve Battery","Coolheaded","Sweeping Beam","Biased Cognition+1","Turbo","Sunder","Force Field","Gash","Melter","Sunder+1","Storm+1","Injury","Capacitor","Stack"],"relics":["Cracked Core","Cables","Nunchaku","WarpedTongs","Cursed Key","Dodecahedron","Strawberry"],"potions_floor_usage":[6,12,16,16,25,33,33],"damage_taken":[{"damage":0,"enemies":"2 Louse","floor":1,"turns":2},{"damage":5,"enemies":"Small Slimes","floor":4,"turns":3},{"damage":1,"enemies":"Cultist","floor":5,"turns":3},{"damage":13,"enemies":"3 Sentries","floor":6,"turns":8},{"damage":0,"enemies":"2 Fungi Beasts","floor":7,"turns":2},{"damage":0,"enemies":"Looter","floor":11,"turns":2},{"damage":20,"enemies":"Gremlin Gang","floor":12,"turns":4},{"damage":4,"enemies":"2 Fungi Beasts","floor":13,"turns":4},{"damage":1,"enemies":"Looter","floor":14,"turns":3},{"damage":55,"enemies":"The Guardian","floor":16,"turns":15},{"damage":3,"enemies":"Spheric Guardian","floor":18,"turns":5},{"damage":12,"enemies":"Chosen","floor":20,"turns":3},{"damage":12,"enemies":"Sentry and Sphere","floor":21,"turns":7},{"damage":25,"enemies":"Snake Plant","floor":22,"turns":3},{"damage":5,"enemies":"Chosen and Byrds","floor":24,"turns":9},{"damage":21,"enemies":"Centurion and Healer","floor":25,"turns":7},{"damage":87,"enemies":"Champ","floor":33,"turns":11}],"seed_played":"4303411310191361073","potions_obtained":[{"floor":5,"key":"EssenceOfSteel"},{"floor":6,"key":"AttackPotion"},{"floor":7,"key":"SteroidPotion"},{"floor":14,"key":"SkillPotion"},{"floor":20,"key":"GamblersBrew"},{"floor":24,"key":"AttackPotion"},{"floor":25,"key":"EssenceOfSteel"}],"is_trial":false,"path_per_floor":["M","$","?","M","M","E","M","R","T","?","M","M","M","M","R","B",null,"M","?","M","M","M","R","M","M","T","$","R","?","R","?","R","B"],"character_chosen":"DEFECT","items_purchased":["Genetic Algorithm","Sweeping Beam","Strawberry","Capacitor","Stack"],"campfire_rested":5,"item_purchase_floors":[2,2,27,27,27],"current_hp_per_floor":[75,75,75,70,69,56,56,75,75,75,75,55,51,50,72,17,75,72,72,60,48,23,45,40,19,19,26,50,50,74,74,74,0],"gold":0,"neow_bonus":"UPGRADE_CARD","is_prod":false,"is_daily":false,"chose_seed":false,"campfire_upgraded":1,"win_rate":0.0,"timestamp":1564411202,"path_taken":["M","$","?","M","M","E","M","R","T","?","M","M","M","M","R","BOSS","M","?","M","M","M","R","M","M","T","$","R","?","R","?","R","BOSS"],"build_version":"2019-07-17","purchased_purges":1,"victory":false,"max_hp_per_floor":[75,75,75,75,75,75,75,75,75,75,75,75,75,75,75,75,75,75,75,75,75,75,75,75,75,75,82,82,82,82,82,82,82],"card_choices":[{"not_picked":["Aggregate","Tempest"],"picked":"Gash","floor":1},{"not_picked":["Redo","Steam"],"picked":"Leap","floor":4},{"not_picked":["Turbo","Stack"],"picked":"Coolheaded","floor":5},{"not_picked":["Scrape","Gash"],"picked":"Meteor Strike","floor":6},{"not_picked":["Compile Driver","Stack"],"picked":"Conserve Battery","floor":7},{"not_picked":["Hologram","Darkness"],"picked":"Loop","floor":11},{"not_picked":["Ball Lightning","Steam"],"picked":"Conserve Battery","floor":12},{"not_picked":["Go for the Eyes","Stack"],"picked":"Coolheaded","floor":13},{"not_picked":["Compile Driver","Skim"],"picked":"Sweeping Beam","floor":14},{"not_picked":["Fission","All For One"],"picked":"Biased Cognition","floor":16},{"not_picked":["Rip and Tear","Loop"],"picked":"Turbo","floor":18},{"not_picked":["Hologram","Beam Cell"],"picked":"Force Field","floor":20},{"not_picked":["Rebound","Lockon"],"picked":"Gash","floor":21},{"not_picked":["Ball Lightning","Heatsinks"],"picked":"Melter","floor":22},{"not_picked":["Redo","Fusion"],"picked":"Sunder+1","floor":24},{"not_picked":["Beam Cell","Compile Driver"],"picked":"Storm+1","floor":25}],"player_experience":251088,"relics_obtained":[{"floor":6,"key":"Cables"},{"floor":9,"key":"Nunchaku"},{"floor":26,"key":"Dodecahedron"}],"event_choices":[{"damage_healed":0,"gold_gain":0,"player_choice":"Ignored","damage_taken":0,"max_hp_gain":0,"max_hp_loss":0,"event_name":"Golden Wing","floor":3,"gold_loss":0},{"damage_healed":0,"gold_gain":0,"player_choice":"Rummage","damage_taken":0,"relics_obtained":["WarpedTongs"],"max_hp_gain":0,"max_hp_loss":0,"event_name":"Accursed Blacksmith","floor":10,"gold_loss":0,"cards_obtained":["Pain"]},{"damage_healed":0,"gold_gain":0,"player_choice":"Read","damage_taken":0,"max_hp_gain":0,"max_hp_loss":0,"event_name":"The Library","floor":19,"gold_loss":0,"cards_obtained":["Sunder"]},{"damage_healed":0,"gold_gain":0,"player_choice":"Paid Fearfully","damage_taken":0,"max_hp_gain":0,"max_hp_loss":0,"event_name":"Masked Bandits","floor":29,"gold_loss":11},{"damage_healed":0,"gold_gain":0,"player_choice":"Leave","damage_taken":0,"max_hp_gain":0,"max_hp_loss":0,"event_name":"FaceTrader","floor":31,"gold_loss":0}],"is_beta":false,"boss_relics":[{"not_picked":["Ectoplasm","Sozu"],"picked":"Cursed Key"}],"items_purged_floors":[27],"is_endless":false,"potions_floor_spawned":[5,6,7,14,20,24,25],"killed_by":"Champ","ascension_level":0}