{"gold_per_floor":[118,9,21,33,108,108,136,136,159,192,192,192,212,267,267,346,346,365,280,131,131,141,141,172,183,183,61,91,91,126,126],"floor_reached":31,"playtime":2887,"items_purged":["Strike_P"],"score":748,"play_id":"39264639-ce4c-41bb-b7c9-4230a2f13c3d","local_time":"20191013005727","is_ascension_mode":true,"campfire_choices":[{"data":"Eruption","floor":6,"key":"SMITH"},{"data":"Apotheosis","floor":8,"key":"SMITH"},{"data":"SashWhip","floor":12,"key":"SMITH"},{"floor":15,"key":"RECALL"},{"data":"Devotion","floor":23,"key":"SMITH"}],"neow_cost":"PERCENT_DAMAGE","seed_source_timestamp":10698120219939,"circlet_count":0,"master_deck":["AscendersBane","Strike_P","Strike_P+1","Defend_P","Defend_P+1","Defend_P","Defend_P","Eruption+1","Vigilance+1","Apotheosis+1","JustLucky","BowlingBash","SashWhip+1","ReachHeaven","Judgement","FearNoEvil+1","Devotion+1","Fasting2","CutThroughFate","Worship+1","LikeWater","Sanctity","Wish"],"relics":["PureWater","Happy Flower","Orichalcum","Potion Belt","War Paint","Velvet Choker","Pen Nib","Turnip","Anchor","Art of War","Whetstone"],"potions_floor_usage":[14,24,24,28,28],"damage_taken":[{"damage":4,"enemies":"Jaw Worm","floor":1,"turns":2},{"damage":0,"enemies":"Small Slimes","floor":3,"turns":4},{"damage":0,"enemies":"Cultist","floor":4,"turns":4},{"damage":12,"enemies":"Gremlin Nob","floor":7,"turns":3},{"damage":0,"enemies":"Lagavulin","floor":10,"turns":3},{"damage":0,"enemies":"Gremlin Gang","floor":13,"turns":2},{"damage":0,"enemies":"Gremlin Nob","floor":14,"turns":2},{"damage":0,"enemies":"Slime Boss","floor":16,"turns":5},{"damage":0,"enemies":"3 Byrds","floor":18,"turns":5},{"damage":8,"enemies":"Shell Parasite","floor":22,"turns":3},{"damage":15,"enemies":"Slavers","floor":24,"turns":3},{"damage":0,"enemies":"Cultist and Chosen","floor":25,"turns":3},{"damage":14,"enemies":"Gremlin Leader","floor":28,"turns":4},{"damage":28,"enemies":"Slavers","floor":30,"turns":4},{"damage":2,"enemies":"Snake Plant","floor":31,"turns":2}],"seed_played":"4545940905894169250","potions_obtained":[{"floor":3,"key":"Dexterity Potion"},{"floor":10,"key":"EssenceOfSteel"},{"floor":16,"key":"Ancient Potion"},{"floor":22,"key":"LiquidBronze"},{"floor":24,"key":"Regen Potion"},{"floor":28,"key":"Explosive Potion"}],"is_trial":false,"path_per_floor":["M","$","M","M","?","R","E","R","T","E","?","R","M","?","R","B",null,"M","?","$","?","M","R","E","M","T","$","E","$","E","M"],"character_chosen":"WATCHER","items_purchased":["BowlingBash","Fire Potion","Fasting2","LikeWater","DuplicationPotion"],"campfire_rested":0,"item_purchase_floors":[2,2,20,27,27],"current_hp_per_floor":[39,39,39,39,28,28,16,16,16,16,16,16,16,16,16,16,55,55,55,55,55,47,47,32,32,32,32,30,30,2,0],"gold":126,"neow_bonus":"RANDOM_COLORLESS_2","is_prod":false,"is_daily":false,"chose_seed":false,"campfire_upgraded":4,"win_rate":0,"timestamp":1570881447,"path_taken":["M","$","M","M","?","R","E","R","T","E","?","R","M","?","R","BOSS","M","?","$","?","?","R","E","M","T","$","E","?","E","M"],"build_version":"2019-10-11","purchased_purges":1,"victory":false,"max_hp_per_floor":[68,68,68,68,68,68,68,68,68,68,68,68,68,68,68,68,68,68,68,68,68,68,68,68,68,68,68,68,68,68,68],"card_choices":[{"not_picked":["Mayhem","Thinking Ahead"],"picked":"Apotheosis","floor":0},{"not_picked":["Indignation","Vengeance"],"picked":"JustLucky","floor":1},{"not_picked":["Consecrate","PathToVictory"],"picked":"SashWhip","floor":3},{"not_picked":["Fasting2","JustLucky","Prostrate"],"picked":"SKIP","floor":4},{"not_picked":["InnerPeace","CarveReality"],"picked":"ReachHeaven","floor":7},{"not_picked":["Perseverance","Consecrate"],"picked":"Judgement","floor":10},{"not_picked":["Adaptation","SandsOfTime"],"picked":"FearNoEvil","floor":13},{"not_picked":["LessonLearned","Vault"],"picked":"Devotion","floor":16},{"not_picked":["PathToVictory","BattleHymn","Crescendo"],"picked":"SKIP","floor":18},{"not_picked":["Study","Crescendo"],"picked":"CutThroughFate","floor":22},{"not_picked":["FlurryOfBlows","Tantrum"],"picked":"Worship+1","floor":24},{"not_picked":["FlyingSleeves","PathToVictory","SashWhip"],"picked":"SKIP","floor":25},{"not_picked":["CrushJoints","SashWhip+1"],"picked":"Sanctity","floor":28},{"not_picked":["Tantrum","ThirdEye"],"picked":"Wish","floor":30}],"player_experience":1516093,"relics_obtained":[{"floor":7,"key":"Happy Flower"},{"floor":9,"key":"Orichalcum"},{"floor":10,"key":"Potion Belt"},{"floor":14,"key":"War Paint"},{"floor":24,"key":"Turnip"},{"floor":26,"key":"Anchor"},{"floor":28,"key":"Art of War"},{"floor":30,"key":"Whetstone"}],"event_choices":[{"damage_healed":0,"gold_gain":75,"player_choice":"Gather Gold","damage_taken":11,"max_hp_gain":0,"max_hp_loss":0,"event_name":"World of Goop","floor":5,"gold_loss":0},{"damage_healed":0,"gold_gain":0,"player_choice":"Ignored","damage_taken":0,"max_hp_gain":0,"max_hp_loss":0,"event_name":"Liars Game","floor":11,"gold_loss":0},{"damage_healed":0,"gold_gain":0,"player_choice":"Searched \u00271\u0027 times","damage_taken":0,"max_hp_gain":0,"max_hp_loss":0,"event_name":"Dead Adventurer","floor":14,"gold_loss":0},{"damage_healed":0,"gold_gain":0,"player_choice":"Obtained Relic","damage_taken":0,"relics_obtained":["Pen Nib"],"max_hp_gain":0,"max_hp_loss":0,"event_name":"Addict","floor":19,"gold_loss":85},{"cards_removed":["Strike_P"],"damage_healed":0,"gold_gain":0,"player_choice":"Elegance","damage_taken":0,"max_hp_gain":0,"max_hp_loss":0,"event_name":"Back to Basics","floor":21,"gold_loss":0}],"is_beta":true,"boss_relics":[{"not_picked":["Empty Cage","Calling Bell"],"picked":"Velvet Choker"}],"items_purged_floors":[20],"is_endless":false,"potions_floor_spawned":[3,7,10,16,22,24,28],"killed_by":"Snake Plant","ascension_level":20}