{"gold_per_floor":[18,35,50,62,27,52,67,67,67,84,84,84,115,8,8,82,82,102,102,115,115,115],"floor_reached":22,"playtime":2096,"items_purged":[],"score":372,"play_id":"01092ccd-47a3-4282-86be-3f9a6978ff38","local_time":"20190507234416","is_ascension_mode":true,"campfire_choices":[{"floor":8.0,"key":"REST"},{"data":"Dualcast","floor":11.0,"key":"SMITH"},{"floor":15.0,"key":"REST"}],"neow_cost":"NO_GOLD","seed_source_timestamp":263793315591371,"circlet_count":0,"master_deck":["AscendersBane","Strike_B","Strike_B","Strike_B","Strike_B","Defend_B","Defend_B","Defend_B","Defend_B","Zap","Dualcast+1","Streamline","Sweeping Beam","All For One","Sweeping Beam","Gash","Glacier","Ball Lightning","Gash","Steam","Core Surge","Defragment","Beam Cell"],"special_seed":0,"relics":["Cracked Core","Symbiotic Virus","Gremlin Horn","Juzu Bracelet","Toxic Egg 2"],"potions_floor_usage":[20],"damage_taken":[{"damage":7.0,"enemies":"Jaw Worm","floor":1.0,"turns":3.0},{"damage":7.0,"enemies":"Small Slimes","floor":2.0,"turns":3.0},{"damage":0.0,"enemies":"2 Louse","floor":3.0,"turns":2.0},{"damage":10.0,"enemies":"Exordium Thugs","floor":4.0,"turns":5.0},{"damage":52.0,"enemies":"Lagavulin","floor":6.0,"turns":8.0},{"damage":6.0,"enemies":"Blue Slaver","floor":7.0,"turns":3.0},{"damage":2.0,"enemies":"2 Fungi Beasts","floor":10.0,"turns":3.0},{"damage":8.0,"enemies":"3 Sentries","floor":13.0,"turns":5.0},{"damage":25.0,"enemies":"Hexaghost","floor":16.0,"turns":8.0},{"damage":30.0,"enemies":"2 Thieves","floor":18.0,"turns":4.0},{"damage":29,"enemies":"Shell Parasite","floor":20,"turns":6},{"damage":15,"enemies":"Colosseum Slavers","floor":22,"turns":3}],"seed_played":"6012785920137404244","potions_obtained":[{"floor":1.0,"key":"Energy Potion"},{"floor":6.0,"key":"FocusPotion"},{"floor":13.0,"key":"Strength Potion"},{"floor":16.0,"key":"Dexterity Potion"}],"is_trial":false,"path_per_floor":["M","M","M","M","?","E","M","R","T","M","R","?","E","$","R","B",null,"M","?","M","T","?"],"character_chosen":"DEFECT","items_purchased":["Steam","SkillPotion"],"campfire_rested":2,"item_purchase_floors":[14,14],"current_hp_per_floor":[71,64,64,54,75,23,17,42,42,40,40,40,32,32,57,32,72,42,42,13,13,0],"gold":115,"neow_bonus":"TWENTY_PERCENT_HP_BONUS","is_prod":false,"is_daily":false,"chose_seed":false,"campfire_upgraded":1,"win_rate":0,"timestamp":1557287056,"path_taken":["M","M","M","M","?","E","M","R","T","M","R","?","E","$","R","BOSS","M","?","M","?","?"],"build_version":"2019-01-23","purchased_purges":0,"victory":false,"max_hp_per_floor":[85,85,85,85,85,85,85,85,85,85,85,85,85,85,85,85,85,85,85,85,85,85],"card_choices":[{"not_picked":["Blizzard","Sweeping Beam"],"picked":"Streamline","floor":1.0},{"not_picked":["Redo","Conserve Battery"],"picked":"Sweeping Beam","floor":2.0},{"not_picked":["Go for the Eyes","Cold Snap"],"picked":"All For One","floor":3.0},{"not_picked":["Hologram","Force Field"],"picked":"Sweeping Beam","floor":4.0},{"not_picked":["Rebound","Cold Snap"],"picked":"Gash","floor":6.0},{"not_picked":["Rebound","Fusion"],"picked":"Glacier","floor":7.0},{"not_picked":["Stack","Hologram"],"picked":"Ball Lightning","floor":10.0},{"not_picked":["Rainbow","Reprogram"],"picked":"Gash","floor":13.0},{"not_picked":["Hyperbeam","Seek"],"picked":"Core Surge","floor":16.0},{"not_picked":["Ball Lightning","Barrage"],"picked":"Defragment","floor":18.0},{"not_picked":["Coolheaded","Stack"],"picked":"Beam Cell","floor":20}],"player_experience":2581808,"relics_obtained":[{"floor":6.0,"key":"Symbiotic Virus"},{"floor":9.0,"key":"Gremlin Horn"},{"floor":13.0,"key":"Juzu Bracelet"},{"floor":21,"key":"Toxic Egg 2"}],"event_choices":[{"damage_healed":21.0,"max_hp_gain":0.0,"max_hp_loss":0.0,"gold_gain":0.0,"event_name":"The Cleric","player_choice":"Healed","floor":5.0,"gold_loss":35.0,"damage_taken":0.0},{"damage_healed":0.0,"max_hp_gain":0.0,"max_hp_loss":0.0,"gold_gain":0.0,"event_name":"Liars Game","player_choice":"Ignored","floor":12.0,"gold_loss":0.0,"damage_taken":0.0},{"damage_healed":0.0,"max_hp_gain":0.0,"max_hp_loss":0.0,"gold_gain":0.0,"event_name":"Ghosts","player_choice":"Ignored","floor":19.0,"gold_loss":0.0,"damage_taken":0.0},{"damage_healed":0,"gold_gain":0,"player_choice":"Fight","damage_taken":0,"max_hp_gain":0,"max_hp_loss":0,"event_name":"Colosseum","floor":22,"gold_loss":0}],"is_beta":false,"boss_relics":[{"not_picked":["FrozenCore","Calling Bell","Pandora\u0027s Box"]}],"items_purged_floors":[],"is_endless":false,"potions_floor_spawned":[1,6,13,16],"killed_by":"Colosseum Slavers","ascension_level":18}