{"path_per_floor":["M","M","$","M","M","R","E","R","T","?","?","M","M","?","R"],"character_chosen":"THE_SILENT","items_purchased":["Heel Hook"],"gold_per_floor":[114,129,52,67,82,82,112,112,112,112,112,127,142,142,142,142],"floor_reached":16,"campfire_rested":1,"playtime":2090,"item_purchase_floors":[3],"current_hp_per_floor":[70,70,70,70,69,69,21,42,52,90,95,92,94,75,75,0],"items_purged":[],"gold":142,"score":127,"play_id":"efd8ffba-e915-437c-b3b0-783bc3e837f2","local_time":"20180526145456","daily_mods":["Allstar","Uncertain Future","Vintage"],"is_prod":false,"is_daily":true,"chose_seed":false,"is_ascension_mode":false,"campfire_upgraded":1,"win_rate":0,"timestamp":1527360896,"campfire_choices":[{"data":"Purity","floor":6,"key":"SMITH"},{"floor":8,"key":"REST"},{"data":"Strike_G","floor":15,"key":"PURGE"}],"path_taken":["M","M","$","M","M","R","E","R","T","?","?","M","M","?","R","BOSS"],"build_version":"2018-05-24","seed_source_timestamp":0,"purchased_purges":0,"victory":false,"master_deck":["Defend_G","Defend_G","Defend_G","Defend_G","Defend_G+1","Strike_G","Strike_G+1","Strike_G","Strike_G","Survivor","Neutralize","Panache","Purity+1","Blind","Good Instincts","Heel Hook","Accuracy"],"max_hp_per_floor":[70,70,70,70,70,70,70,70,80,90,95,95,95,95,95,95],"relics":["Ring of the Snake","Blue Candle","Thread and Needle","Bird Faced Urn","Bag of Preparation","Peace Pipe","Pear","Juzu Bracelet","Tough Bandages"],"card_choices":[{"not_picked":["Skewer","Malaise"],"picked":"Accuracy","floor":7}],"player_experience":480582,"potions_floor_usage":[7,16,16],"damage_taken":[{"damage":0,"enemies":"2 Louse","floor":1,"turns":5},{"damage":0,"enemies":"Cultist","floor":2,"turns":5},{"damage":0,"enemies":"Small Slimes","floor":4,"turns":5},{"damage":1,"enemies":"3 Louse","floor":5,"turns":6},{"damage":49,"enemies":"Gremlin Nob","floor":7,"turns":7},{"damage":3,"enemies":"Large Slime","floor":12,"turns":9},{"damage":0,"enemies":"Lots of Slimes","floor":13,"turns":2},{"damage":94,"enemies":"Hexaghost","floor":16,"turns":16}],"relics_obtained":[{"floor":1,"key":"Blue Candle"},{"floor":2,"key":"Thread and Needle"},{"floor":4,"key":"Bird Faced Urn"},{"floor":5,"key":"Bag of Preparation"},{"floor":7,"key":"Peace Pipe"},{"floor":9,"key":"Pear"},{"floor":12,"key":"Juzu Bracelet"},{"floor":13,"key":"Tough Bandages"}],"event_choices":[{"event_name":"Bonfire Elementals","player_choice":"RARE","floor":10,"damage_taken":0},{"event_name":"Big Fish","player_choice":"Donut","floor":11,"damage_taken":0},{"event_name":"Shining Light","player_choice":"Entered Light","floor":14,"damage_taken":0}],"boss_relics":[],"items_purged_floors":[],"potions_floor_spawned":[4,7,12,13],"seed_played":"-369248960118146204","killed_by":"Hexaghost","ascension_level":0,"potions_obtained":[{"floor":4,"key":"PowerPotion"},{"floor":7,"key":"Energy Potion"},{"floor":12,"key":"Regen Potion"},{"floor":13,"key":"Block Potion"}],"is_trial":false}