{"gold_per_floor":[119,119,137,154,62,62,74,90,143,155,330,330],"floor_reached":12,"playtime":691,"items_purged":[],"score":72,"play_id":"3c01bd6a-1dd9-4ba4-90b3-b94298a3c210","local_time":"20190923084444","is_ascension_mode":false,"campfire_choices":[{"floor":6,"key":"RECALL"}],"neow_cost":"NONE","seed_source_timestamp":334034036582721,"circlet_count":0,"master_deck":["Strike_P","Strike_P","Strike_P","Strike_P","Defend_P","Defend_P","Defend_P","Defend_P","Eruption","Vigilance","Protect","CutThroughFate","Crescendo","Worship","CutThroughFate","FearNoEvil","TalkToTheHand","DeceiveReality","Doubt"],"relics":["PureWater","NeowsBlessing"],"potions_floor_usage":[8,12,12],"damage_taken":[{"damage":0,"enemies":"Small Slimes","floor":1,"turns":1},{"damage":0,"enemies":"Cultist","floor":3,"turns":1},{"damage":0,"enemies":"2 Louse","floor":4,"turns":1},{"damage":4,"enemies":"Blue Slaver","floor":7,"turns":6},{"damage":16,"enemies":"Lots of Slimes","floor":8,"turns":9},{"damage":16,"enemies":"3 Louse","floor":10,"turns":4},{"damage":36,"enemies":"3 Sentries","floor":12,"turns":14}],"seed_played":"6190534877145622048","potions_obtained":[{"floor":1,"key":"SkillPotion"},{"floor":4,"key":"DuplicationPotion"},{"floor":10,"key":"EssenceOfSteel"}],"is_trial":false,"path_per_floor":["M","?","M","M","$","R","M","M","T","M","?","E"],"character_chosen":"WATCHER","items_purchased":["Worship","CutThroughFate"],"campfire_rested":0,"item_purchase_floors":[5,5],"current_hp_per_floor":[65,65,65,65,65,65,61,45,45,29,29,0],"gold":330,"neow_bonus":"THREE_ENEMY_KILL","is_prod":false,"is_daily":false,"chose_seed":false,"campfire_upgraded":0,"win_rate":0.0,"timestamp":1569239084,"path_taken":["M","?","M","M","$","R","M","M","T","?","?","E"],"build_version":"2019-09-20","purchased_purges":0,"victory":false,"max_hp_per_floor":[65,65,65,65,65,65,65,65,65,65,65,65],"card_choices":[{"not_picked":["PathToVictory","EmptyBody"],"picked":"Protect","floor":1},{"not_picked":["EmptyBody","Meditate"],"picked":"CutThroughFate","floor":3},{"not_picked":["Prostrate","SashWhip"],"picked":"Crescendo","floor":4},{"not_picked":["CutThroughFate","Crescendo"],"picked":"FearNoEvil","floor":7},{"not_picked":["WreathOfFlame","ThirdEye"],"picked":"TalkToTheHand","floor":8},{"not_picked":["StepAndStrike","Weave"],"picked":"DeceiveReality","floor":10}],"player_experience":428184,"relics_obtained":[],"event_choices":[{"damage_healed":0,"gold_gain":0,"player_choice":"Full Heal","damage_taken":0,"max_hp_gain":0,"max_hp_loss":0,"event_name":"Wheel of Change","floor":2,"gold_loss":0},{"damage_healed":0,"gold_gain":175,"player_choice":"AGREE","damage_taken":0,"max_hp_gain":0,"max_hp_loss":0,"event_name":"Liars Game","floor":11,"gold_loss":0,"cards_obtained":["Doubt"]}],"is_beta":true,"boss_relics":[],"items_purged_floors":[],"is_endless":false,"potions_floor_spawned":[1,4,10],"killed_by":"3 Sentries","ascension_level":0}