{"gold_per_floor":[118,138,155,114,124,152,152,187,212,212,244,244,264,281,281,355,355,365,72,107,121,134,134,199,218,268,300,300,317,317,343,343,343],"floor_reached":33,"playtime":3757,"items_purged":[],"score":641,"play_id":"73c0c21a-3904-423c-a739-88b9847ee0d7","local_time":"20190219220115","is_ascension_mode":true,"campfire_choices":[{"floor":7.0,"key":"REST"},{"floor":12.0,"key":"REST"},{"data":"Beam Cell","floor":15.0,"key":"SMITH"},{"data":"Buffer","floor":23.0,"key":"SMITH"},{"data":"Streamline","floor":30,"key":"SMITH"},{"data":"Hologram","floor":32,"key":"SMITH"}],"neow_cost":"NONE","seed_source_timestamp":811021431698863,"circlet_count":0,"master_deck":["AscendersBane","Strike_B","Strike_B","Strike_B","Defend_B","Defend_B","Defend_B","Defend_B","Zap","Dualcast","Gash","Steam","Sunder","Sweeping Beam","Go for the Eyes","Turbo","Rip and Tear","Glacier","Conserve Battery","Hologram+1","Beam Cell+1","Buffer+1","Stack","Streamline+1","Auto Shields","Electrodynamics","Hologram","Gash","Chill+1","Gash"],"special_seed":0,"relics":["Cracked Core","Anchor","Dead Branch","DataDisk","Dream Catcher","Nuclear Battery","Shuriken","Red Mask","Tiny Chest","Vajra","Bottled Flame","Singing Bowl"],"potions_floor_usage":[31,33],"damage_taken":[{"damage":0.0,"enemies":"Small Slimes","floor":1.0,"turns":3.0},{"damage":1.0,"enemies":"Cultist","floor":2.0,"turns":3.0},{"damage":0.0,"enemies":"2 Louse","floor":3.0,"turns":2.0},{"damage":20.0,"enemies":"Gremlin Gang","floor":5.0,"turns":4.0},{"damage":24.0,"enemies":"Lagavulin","floor":6.0,"turns":7.0},{"damage":5.0,"enemies":"3 Sentries","floor":8.0,"turns":7.0},{"damage":34.0,"enemies":"Gremlin Nob","floor":11.0,"turns":4.0},{"damage":1.0,"enemies":"Large Slime","floor":13.0,"turns":4.0},{"damage":0.0,"enemies":"3 Louse","floor":14.0,"turns":2.0},{"damage":6.0,"enemies":"The Guardian","floor":16.0,"turns":15.0},{"damage":0.0,"enemies":"Chosen","floor":18.0,"turns":3.0},{"damage":0.0,"enemies":"Masked Bandits","floor":20.0,"turns":2.0},{"damage":4.0,"enemies":"3 Byrds","floor":21.0,"turns":6.0},{"damage":2.0,"enemies":"Snake Plant","floor":22.0,"turns":4.0},{"damage":0.0,"enemies":"Gremlin Leader","floor":24.0,"turns":4.0},{"damage":0.0,"enemies":"Chosen and Byrds","floor":25.0,"turns":8.0},{"damage":0.0,"enemies":"Slavers","floor":27.0,"turns":4.0},{"damage":0,"enemies":"Snecko","floor":29,"turns":2},{"damage":35,"enemies":"Gremlin Leader","floor":31,"turns":7},{"damage":56,"enemies":"Champ","floor":33,"turns":11}],"seed_played":"-7339678455528648889","potions_obtained":[{"floor":3.0,"key":"Poison Potion"},{"floor":6.0,"key":"Energy Potion"},{"floor":14.0,"key":"Strength Potion"},{"floor":16.0,"key":"Regen Potion"},{"floor":18.0,"key":"AttackPotion"},{"floor":21.0,"key":"Poison Potion"},{"floor":22.0,"key":"AttackPotion"},{"floor":25.0,"key":"Weak Potion"},{"floor":31,"key":"SkillPotion"}],"is_trial":false,"path_per_floor":["M","M","M","?","M","E","R","E","T","?","E","R","M","M","R","B",null,"M","$","?","M","M","R","E","M","T","E","?","M","R","E","R","B"],"character_chosen":"DEFECT","items_purchased":["Shuriken","Streamline"],"campfire_rested":2,"item_purchase_floors":[19,19],"current_hp_per_floor":[64,63,63,63,43,19,40,35,35,35,1,22,21,21,21,15,57,57,57,57,53,51,51,51,66,66,66,66,66,66,33,33,0],"gold":343,"neow_bonus":"RANDOM_COMMON_RELIC","is_prod":false,"is_daily":false,"chose_seed":false,"campfire_upgraded":4,"win_rate":0,"timestamp":1550631675,"path_taken":["M","M","M","?","M","E","R","E","T","?","E","R","M","M","R","BOSS","M","$","?","M","M","R","E","M","T","E","?","?","R","E","R","BOSS"],"build_version":"2019-01-23","purchased_purges":0,"victory":false,"max_hp_per_floor":[71,71,71,71,71,71,71,71,71,71,71,71,71,71,71,71,71,71,71,71,71,71,71,71,71,71,71,71,71,71,73,73,73],"card_choices":[{"not_picked":["Self Repair","Stack"],"picked":"Gash","floor":1.0},{"not_picked":["Stack","Cold Snap"],"picked":"Steam","floor":2.0},{"not_picked":["Capacitor","Conserve Battery"],"picked":"Sunder","floor":3.0},{"not_picked":["Recycle","Coolheaded"],"picked":"Sweeping Beam","floor":5.0},{"not_picked":["Meteor Strike","Skim"],"picked":"Go for the Eyes","floor":6.0},{"not_picked":["Static Discharge","Hello World"],"picked":"Turbo","floor":8.0},{"not_picked":["Sweeping Beam","Ball Lightning"],"picked":"Glacier","floor":11.0},{"not_picked":["Turbo","Compile Driver"],"picked":"Conserve Battery","floor":12.0},{"not_picked":["Sweeping Beam","Barrage"],"picked":"Hologram","floor":13.0},{"not_picked":["Go for the Eyes","Rebound"],"picked":"Beam Cell","floor":14.0},{"not_picked":["Amplify","Thunder Strike"],"picked":"Buffer","floor":16.0},{"not_picked":["Steam","Sunder"],"picked":"Stack","floor":18.0},{"not_picked":["Conserve Battery","Leap"],"picked":"Auto Shields","floor":20.0},{"not_picked":["Glacier","Recycle"],"picked":"Electrodynamics","floor":21.0},{"not_picked":["Streamline","Leap"],"picked":"Hologram","floor":22.0},{"not_picked":["Streamline","Hologram"],"picked":"Gash","floor":24.0},{"not_picked":["Capacitor","Compile Driver"],"picked":"Chill+1","floor":25.0},{"not_picked":["Defragment","Sweeping Beam"],"picked":"Gash","floor":27.0},{"not_picked":["Steam","Sweeping Beam","Leap"],"picked":"SKIP","floor":29},{"not_picked":["Streamline","Force Field","Consume"],"picked":"Singing Bowl","floor":31}],"player_experience":2296450,"relics_obtained":[{"floor":6.0,"key":"Dead Branch"},{"floor":8.0,"key":"DataDisk"},{"floor":11.0,"key":"Dream Catcher"},{"floor":20.0,"key":"Red Mask"},{"floor":24.0,"key":"Tiny Chest"},{"floor":26.0,"key":"Vajra"},{"floor":27.0,"key":"Bottled Flame"},{"floor":31,"key":"Singing Bowl"}],"event_choices":[{"damage_healed":0.0,"max_hp_gain":0.0,"max_hp_loss":0.0,"gold_gain":0.0,"event_name":"World of Goop","player_choice":"Left Gold","floor":4.0,"gold_loss":41.0,"damage_taken":0.0},{"damage_healed":0.0,"max_hp_gain":0.0,"max_hp_loss":0.0,"gold_gain":0.0,"event_name":"Match and Keep!","player_choice":"1 cards matched","floor":10.0,"gold_loss":0.0,"damage_taken":0.0,"cards_obtained":["Rip and Tear"]},{"damage_healed":0.0,"max_hp_gain":0.0,"max_hp_loss":0.0,"gold_gain":0.0,"event_name":"Masked Bandits","player_choice":"Fought Bandits","floor":20.0,"gold_loss":0.0,"damage_taken":0.0},{"cards_removed":["Strike_B"],"damage_healed":0.0,"max_hp_gain":0.0,"max_hp_loss":0.0,"gold_gain":0.0,"event_name":"Purifier","player_choice":"Purged","floor":28.0,"gold_loss":0.0,"damage_taken":0.0}],"is_beta":false,"boss_relics":[{"not_picked":["Coffee Dripper","Philosopher\u0027s Stone"],"picked":"Nuclear Battery"}],"items_purged_floors":[],"is_endless":false,"potions_floor_spawned":[3,6,14,16,18,21,22,25,31],"killed_by":"Champ","ascension_level":14}