{"gold_per_floor":[110,124,74,149,162,162,193,193,216,216,256,256,256,24,24,145,145,169,169,169,184,184,184,184,184],"floor_reached":25,"playtime":1025,"items_purged":["Strike_G"],"score":240,"play_id":"6d5ff0b7-6386-4854-9808-4672ad7b1986","local_time":"20191028225946","is_ascension_mode":true,"campfire_choices":[{"data":"Strike_G","floor":6,"key":"SMITH"},{"data":"Neutralize","floor":10,"key":"SMITH"},{"data":"Well Laid Plans","floor":12,"key":"SMITH"},{"data":"Noxious Fumes","floor":15,"key":"SMITH"},{"data":"Infinite Blades","floor":23,"key":"SMITH"}],"neow_cost":"NONE","seed_source_timestamp":4783755492500,"circlet_count":0,"master_deck":["Defend_G","Defend_G","Defend_G","Defend_G","Defend_G","Survivor+1","Neutralize+1","Flying Knee+1","Dagger Throw","Sucker Punch","Well Laid Plans+1","Backstab","Noxious Fumes+1","Wraith Form v2","Heel Hook","Bite","Bite","Bite","Bite","Bite","Poisoned Stab","Noxious Fumes","Infinite Blades+1"],"relics":["Eternal Feather","PreservedInsect","Golden Idol","Juzu Bracelet","Omamori","WristBlade","Necronomicon"],"potions_floor_usage":[11,16],"damage_taken":[{"damage":0,"enemies":"2 Louse","floor":1,"turns":4},{"damage":2,"enemies":"Jaw Worm","floor":2,"turns":5},{"damage":0,"enemies":"Small Slimes","floor":5,"turns":3},{"damage":34,"enemies":"Gremlin Nob","floor":7,"turns":6},{"damage":11,"enemies":"Lagavulin","floor":11,"turns":5},{"damage":21,"enemies":"The Guardian","floor":16,"turns":10},{"damage":17,"enemies":"3 Byrds","floor":18,"turns":6},{"damage":15,"enemies":"Chosen","floor":21,"turns":5},{"damage":41,"enemies":"Book of Stabbing","floor":25,"turns":5}],"seed_played":"-8474772112263615841","potions_obtained":[{"floor":1,"key":"FearPotion"},{"floor":5,"key":"SpeedPotion"},{"floor":7,"key":"PowerPotion"}],"is_trial":false,"path_per_floor":["M","M","?","?","M","R","E","?","T","R","E","R","?","$","R","B",null,"M","?","?","M","?","R","?","E"],"character_chosen":"THE_SILENT","items_purchased":["Noxious Fumes","Finisher"],"campfire_rested":0,"item_purchase_floors":[14,14],"current_hp_per_floor":[70,68,68,57,57,63,29,29,29,38,27,36,23,23,32,11,65,48,45,45,34,34,45,29,0],"gold":184,"neow_bonus":"BOSS_RELIC","is_prod":false,"is_daily":false,"chose_seed":false,"campfire_upgraded":5,"win_rate":0,"timestamp":1572274786,"path_taken":["M","M","?","?","M","R","E","?","T","R","E","R","?","$","R","BOSS","M","?","?","M","?","R","?","E"],"build_version":"2019-07-17","purchased_purges":1,"victory":false,"max_hp_per_floor":[70,70,70,70,70,70,70,65,65,65,65,65,65,65,65,65,65,65,45,45,45,45,45,45,45],"card_choices":[{"not_picked":["Expertise","Outmaneuver"],"picked":"Flying Knee","floor":1},{"not_picked":["Slice","Leg Sweep"],"picked":"Dagger Throw","floor":2},{"not_picked":["Concentrate","Accuracy"],"picked":"Sucker Punch","floor":5},{"not_picked":["Glass Knife","Calculated Gamble"],"picked":"Well Laid Plans","floor":7},{"not_picked":["Quick Slash","Bouncing Flask"],"picked":"Backstab","floor":11},{"not_picked":["After Image","Burst"],"picked":"Wraith Form v2","floor":16},{"not_picked":["Dodge and Roll","Bouncing Flask"],"picked":"Heel Hook","floor":18},{"not_picked":["Prepared+1","Outmaneuver+1"],"picked":"Noxious Fumes","floor":21}],"player_experience":236717,"relics_obtained":[{"floor":7,"key":"PreservedInsect"},{"floor":9,"key":"Juzu Bracelet"},{"floor":11,"key":"Omamori"},{"floor":24,"key":"Necronomicon"}],"event_choices":[{"cards_removed":["Strike_G"],"damage_healed":0,"gold_gain":0,"player_choice":"Card Removal","damage_taken":0,"max_hp_gain":0,"max_hp_loss":0,"event_name":"The Cleric","floor":3,"gold_loss":50},{"damage_healed":0,"gold_gain":75,"player_choice":"Gather Gold","damage_taken":11,"max_hp_gain":0,"max_hp_loss":0,"event_name":"World of Goop","floor":4,"gold_loss":0},{"damage_healed":0,"gold_gain":0,"player_choice":"Lose Max HP","damage_taken":0,"relics_obtained":["Golden Idol"],"max_hp_gain":0,"max_hp_loss":5,"event_name":"Golden Idol","floor":8,"gold_loss":0},{"damage_healed":0,"gold_gain":0,"player_choice":"Entered Light","damage_taken":13,"max_hp_gain":0,"max_hp_loss":0,"event_name":"Shining Light","floor":13,"gold_loss":0,"cards_upgraded":["Survivor","Flying Knee"]},{"damage_healed":0,"gold_gain":0,"player_choice":"Became a vampire","damage_taken":0,"max_hp_gain":0,"max_hp_loss":20,"event_name":"Vampires","floor":19,"gold_loss":0,"cards_obtained":["Bite","Bite","Bite","Bite","Bite"]},{"damage_healed":0,"gold_gain":0,"cards_transformed":["Finisher"],"player_choice":"Transformed","damage_taken":0,"max_hp_gain":0,"max_hp_loss":0,"event_name":"Transmorgrifier","floor":20,"gold_loss":0,"cards_obtained":["Poisoned Stab"]},{"damage_healed":0,"gold_gain":0,"player_choice":"Read","damage_taken":0,"max_hp_gain":0,"max_hp_loss":0,"event_name":"The Library","floor":22,"gold_loss":0,"cards_obtained":["Infinite Blades"]},{"damage_healed":0,"gold_gain":0,"player_choice":"Obtained Book","damage_taken":16,"max_hp_gain":0,"max_hp_loss":0,"event_name":"Cursed Tome","floor":24,"gold_loss":0}],"is_beta":false,"boss_relics":[{"not_picked":["Tiny House","Snecko Eye"],"picked":"WristBlade"}],"items_purged_floors":[14],"is_endless":false,"potions_floor_spawned":[1,5,7],"killed_by":"Book of Stabbing","ascension_level":1}