{"gold_per_floor":[116,116,133,144,155,155,231,231,231,231,248,7,27,45,45,144,144,154,66,81,95,118,118],"floor_reached":23,"playtime":1229,"items_purged":[],"score":185,"play_id":"4a1ba9ce-3079-44d5-8cfa-7f90af35b93a","local_time":"20190728063757","is_ascension_mode":false,"campfire_choices":[{"floor":6,"key":"REST"},{"data":"Glacier","floor":8,"key":"SMITH"},{"data":"Auto Shields","floor":15,"key":"SMITH"}],"neow_cost":"NONE","seed_source_timestamp":128372603369366,"circlet_count":0,"master_deck":["Strike_B","Strike_B","Strike_B","Strike_B","Defend_B","Defend_B","Defend_B","Defend_B","Zap","Dualcast","Sweeping Beam","Capacitor","Glacier+1","Streamline","Undo","Ball Lightning","Sunder","Doom and Gloom","Auto Shields+1","Redo","Gash","Streamline","Electrodynamics","Conserve Battery","Rip and Tear","Stack","Conserve Battery+1","Redo+1"],"relics":["Cracked Core","Dodecahedron","White Beast Statue","Happy Flower"],"potions_floor_usage":[11,16,16,18,20,21],"damage_taken":[{"damage":4,"enemies":"Jaw Worm","floor":1,"turns":4},{"damage":4,"enemies":"Cultist","floor":3,"turns":4},{"damage":3,"enemies":"Small Slimes","floor":4,"turns":4},{"damage":6,"enemies":"Red Slaver","floor":5,"turns":5},{"damage":2,"enemies":"2 Fungi Beasts","floor":11,"turns":3},{"damage":0,"enemies":"3 Louse","floor":13,"turns":3},{"damage":0,"enemies":"Looter","floor":14,"turns":3},{"damage":40,"enemies":"Hexaghost","floor":16,"turns":13},{"damage":30,"enemies":"Shell Parasite","floor":18,"turns":5},{"damage":15,"enemies":"2 Thieves","floor":20,"turns":4},{"damage":24,"enemies":"Shelled Parasite and Fungi","floor":21,"turns":8},{"damage":7,"enemies":"Slavers","floor":23,"turns":1}],"seed_played":"-7246612624721911562","potions_obtained":[{"floor":1,"key":"Energy Potion"},{"floor":3,"key":"SkillPotion"},{"floor":11,"key":"Fire Potion"},{"floor":16,"key":"Weak Potion"},{"floor":18,"key":"Fire Potion"},{"floor":20,"key":"SkillPotion"},{"floor":21,"key":"SteroidPotion"}],"is_trial":false,"path_per_floor":["M","?","M","M","M","R","?","R","T","?","M","$","M","M","R","B",null,"M","$","M","M","T","E"],"character_chosen":"DEFECT","items_purchased":["Sunder","Doom and Gloom","Auto Shields","Redo","Rip and Tear","Stack"],"campfire_rested":1,"item_purchase_floors":[12,12,12,12,19,19],"current_hp_per_floor":[71,71,67,64,58,75,75,75,75,75,73,73,73,73,73,33,75,45,45,30,6,6,0],"gold":118,"neow_bonus":"THREE_CARDS","is_prod":false,"is_daily":false,"chose_seed":false,"campfire_upgraded":2,"win_rate":0.0,"timestamp":1564306677,"path_taken":["M","?","M","?","M","R","?","R","T","?","M","$","M","M","R","BOSS","M","$","M","M","?","E"],"build_version":"2019-07-17","purchased_purges":0,"victory":false,"max_hp_per_floor":[75,75,75,75,75,75,75,75,75,75,75,75,75,75,75,75,75,75,75,75,75,75,75],"card_choices":[{"not_picked":["Turbo","Barrage"],"picked":"Sweeping Beam","floor":0},{"not_picked":["Consume","Compile Driver"],"picked":"Capacitor","floor":1},{"not_picked":["Rebound","Auto Shields"],"picked":"Glacier","floor":3},{"not_picked":["Self Repair","Go for the Eyes"],"picked":"Streamline","floor":4},{"not_picked":["Leap","Sweeping Beam"],"picked":"Undo","floor":5},{"not_picked":["Beam Cell","Gash"],"picked":"Ball Lightning","floor":11},{"not_picked":["Compile Driver","Cold Snap"],"picked":"Gash","floor":13},{"not_picked":["Multi-Cast","Barrage"],"picked":"Streamline","floor":14},{"not_picked":["Creative AI","Machine Learning"],"picked":"Electrodynamics","floor":16},{"not_picked":["Rebound","Beam Cell"],"picked":"Conserve Battery","floor":18},{"not_picked":["Scrape","Turbo+1"],"picked":"Conserve Battery+1","floor":20},{"not_picked":["Hologram","Coolheaded+1"],"picked":"Redo+1","floor":21}],"player_experience":244672,"relics_obtained":[{"floor":9,"key":"Dodecahedron"},{"floor":22,"key":"Happy Flower"}],"event_choices":[{"damage_healed":0,"gold_gain":0,"player_choice":"Ignored","damage_taken":0,"max_hp_gain":0,"max_hp_loss":0,"event_name":"Purifier","floor":2,"gold_loss":0},{"damage_healed":0,"gold_gain":76,"player_choice":"Gained Gold","damage_taken":0,"max_hp_gain":0,"max_hp_loss":0,"event_name":"Golden Wing","floor":7,"gold_loss":0},{"damage_healed":0,"gold_gain":0,"player_choice":"Ignored","damage_taken":0,"max_hp_gain":0,"max_hp_loss":0,"event_name":"NoteForYourself","floor":10,"gold_loss":0}],"is_beta":false,"boss_relics":[{"not_picked":["Coffee Dripper","Snecko Eye"],"picked":"White Beast Statue"}],"items_purged_floors":[],"is_endless":false,"potions_floor_spawned":[1,3,11,16,18,20,21],"killed_by":"Slavers","ascension_level":0}