{"gold_per_floor":[110,110,124,124,142,142,169,185,210,210,222,222,238,255,255,358,358,373,399,324,324,344,344,376,394,443,443,443,190,190,190,190,292,292,304,320,320,420,420,420,431,431],"floor_reached":42,"playtime":2894,"items_purged":["Normality"],"score":441,"play_id":"175eea56-2518-4836-b37e-c0a3ebeed3db","local_time":"20190814215843","is_ascension_mode":false,"campfire_choices":[{"floor":10,"key":"REST"},{"data":"Strike_R","floor":15,"key":"SMITH"},{"floor":23,"key":"REST"},{"floor":28,"key":"REST"},{"data":"Fire Breathing","floor":30,"key":"SMITH"},{"floor":32,"key":"REST"}],"neow_cost":"","seed_source_timestamp":176512874005700,"circlet_count":0,"master_deck":["Strike_R+1","Strike_R","Strike_R","Strike_R","Defend_R","Defend_R+1","Defend_R+1","Defend_R","Bash","Whirlwind","Twin Strike","Anger","Clash","Reaper","Perfected Strike","Dropkick","Clash","Fire Breathing+1","Demon Form+1","Clumsy","Warcry","Fiend Fire","Perfected Strike","Sword Boomerang+1","Ghostly Armor","Apotheosis","Bludgeon","Shrug It Off+1","Clothesline+1","Writhe","Thunderclap","Flash of Steel","Pommel Strike"],"relics":["Burning Blood","Anchor","PreservedInsect","Potion Belt","Calling Bell","Blood Vial","Self Forming Clay","Ginger","Red Mask","War Paint","Ancient Tea Set","Regal Pillow","Black Star","Magic Flower"],"potions_floor_usage":[16,16,19,33,33,36,41],"damage_taken":[{"damage":13,"enemies":"Jaw Worm","floor":1,"turns":3},{"damage":2,"enemies":"2 Louse","floor":3,"turns":2},{"damage":1,"enemies":"Cultist","floor":5,"turns":3},{"damage":44,"enemies":"Lagavulin","floor":7,"turns":6},{"damage":0,"enemies":"Lots of Slimes","floor":8,"turns":1},{"damage":0,"enemies":"3 Louse","floor":11,"turns":1},{"damage":3,"enemies":"Red Slaver","floor":13,"turns":3},{"damage":7,"enemies":"Large Slime","floor":14,"turns":5},{"damage":63,"enemies":"The Guardian","floor":16,"turns":10},{"damage":16,"enemies":"Chosen","floor":18,"turns":5},{"damage":68,"enemies":"Masked Bandits","floor":19,"turns":6},{"damage":11,"enemies":"2 Thieves","floor":22,"turns":3},{"damage":39,"enemies":"Book of Stabbing","floor":24,"turns":5},{"damage":36,"enemies":"Snake Plant","floor":25,"turns":5},{"damage":48,"enemies":"Champ","floor":33,"turns":8},{"damage":28,"enemies":"Orb Walker","floor":35,"turns":5},{"damage":39,"enemies":"3 Darklings","floor":36,"turns":5},{"damage":0,"enemies":"Mind Bloom Boss Battle","floor":38,"turns":6},{"damage":77,"enemies":"Sphere and 2 Shapes","floor":41,"turns":6},{"damage":37,"enemies":"4 Shapes","floor":42,"turns":5}],"seed_played":"-2118168495630417786","potions_obtained":[{"floor":1,"key":"Swift Potion"},{"floor":3,"key":"Block Potion"},{"floor":14,"key":"Strength Potion"},{"floor":16,"key":"BloodPotion"},{"floor":24,"key":"BloodPotion"},{"floor":25,"key":"Poison Potion"},{"floor":33,"key":"Explosive Potion"},{"floor":36,"key":"AttackPotion"}],"is_trial":false,"path_per_floor":["M","?","M","?","M","$","E","M","T","R","M","?","M","M","R","B",null,"M","?","?","?","M","R","E","M","T","T","R","$","R","?","R","B",null,"M","M","?","?","?","?","M","M"],"character_chosen":"IRONCLAD","items_purchased":["Apotheosis"],"campfire_rested":4,"item_purchase_floors":[29],"current_hp_per_floor":[73,78,82,82,85,85,47,53,53,78,84,84,85,85,85,34,85,75,48,48,76,73,85,52,24,24,24,64,64,64,48,90,70,90,68,49,72,80,80,80,32,0],"gold":431,"neow_bonus":"","is_prod":false,"is_daily":false,"chose_seed":false,"campfire_upgraded":2,"win_rate":0.0,"timestamp":1565812723,"path_taken":["M","?","M","?","?","?","E","M","T","R","M","?","M","M","R","BOSS","M","?","?","?","M","R","E","M","T","?","R","$","R","?","R","BOSS","M","M","?","?","?","?","?","M"],"build_version":"2019-07-17","purchased_purges":1,"victory":false,"max_hp_per_floor":[80,85,85,85,85,85,85,85,85,85,85,85,85,85,85,85,85,85,85,85,85,85,85,85,85,85,85,85,85,85,90,90,90,90,90,90,90,90,90,90,90,90],"card_choices":[{"not_picked":["Searing Blow","Infernal Blade"],"picked":"Whirlwind","floor":1},{"not_picked":["Uppercut","Body Slam"],"picked":"Twin Strike","floor":3},{"not_picked":["Rupture","Shrug It Off"],"picked":"Anger","floor":5},{"not_picked":["Body Slam","Corruption"],"picked":"Clash","floor":7},{"not_picked":["Second Wind","Anger"],"picked":"Reaper","floor":8},{"not_picked":["Sword Boomerang","Headbutt"],"picked":"Perfected Strike","floor":11},{"not_picked":["True Grit","Anger"],"picked":"Clash","floor":13},{"not_picked":["Flex","Anger"],"picked":"Fire Breathing","floor":14},{"not_picked":["Bludgeon","Brutality"],"picked":"Demon Form","floor":16},{"not_picked":["Entrench","Bloodletting"],"picked":"Warcry","floor":18},{"not_picked":["Perfected Strike","Uppercut"],"picked":"Fiend Fire","floor":19},{"not_picked":["Clothesline","Flex"],"picked":"Perfected Strike","floor":22},{"not_picked":["Dropkick","Headbutt"],"picked":"Sword Boomerang+1","floor":24},{"not_picked":["Combust+1","Pommel Strike"],"picked":"Ghostly Armor","floor":25},{"not_picked":["Juggernaut","Impervious"],"picked":"Bludgeon","floor":33},{"not_picked":["Seeing Red","Flex"],"picked":"Shrug It Off+1","floor":35},{"not_picked":["Flex","Pommel Strike+1"],"picked":"Clothesline+1","floor":36},{"not_picked":["Clothesline+1","Bloodletting+1"],"picked":"Thunderclap","floor":38},{"not_picked":["Mind Blast","Blind"],"picked":"Flash of Steel","floor":39},{"not_picked":["Twin Strike","Corruption+1"],"picked":"Pommel Strike","floor":41}],"player_experience":0,"relics_obtained":[{"floor":7,"key":"PreservedInsect"},{"floor":9,"key":"Potion Belt"},{"floor":17,"key":"Blood Vial"},{"floor":17,"key":"Self Forming Clay"},{"floor":17,"key":"Ginger"},{"floor":19,"key":"Red Mask"},{"floor":24,"key":"War Paint"},{"floor":26,"key":"Ancient Tea Set"},{"floor":27,"key":"Regal Pillow"},{"floor":38,"key":"Magic Flower"}],"event_choices":[{"damage_healed":0,"gold_gain":0,"player_choice":"Donut","damage_taken":0,"max_hp_gain":5,"max_hp_loss":0,"event_name":"Big Fish","floor":2,"gold_loss":0},{"damage_healed":0,"gold_gain":0,"player_choice":"Gave Potion","damage_taken":0,"relics_obtained":["Anchor"],"max_hp_gain":0,"max_hp_loss":0,"event_name":"WeMeetAgain","floor":4,"gold_loss":0},{"damage_healed":0,"gold_gain":0,"cards_transformed":["Strike_R"],"player_choice":"Transformed","damage_taken":0,"max_hp_gain":0,"max_hp_loss":0,"event_name":"Transmorgrifier","floor":12,"gold_loss":0,"cards_obtained":["Dropkick"]},{"damage_healed":0,"gold_gain":0,"player_choice":"Fought Bandits","damage_taken":0,"max_hp_gain":0,"max_hp_loss":0,"event_name":"Masked Bandits","floor":19,"gold_loss":0},{"cards_removed":["Normality"],"damage_healed":0,"gold_gain":0,"player_choice":"Gave Gold","damage_taken":0,"max_hp_gain":0,"max_hp_loss":0,"event_name":"Beggar","floor":20,"gold_loss":75},{"damage_healed":28,"gold_gain":0,"player_choice":"Heal","damage_taken":0,"max_hp_gain":0,"max_hp_loss":0,"event_name":"The Library","floor":21,"gold_loss":0},{"damage_healed":0,"gold_gain":0,"player_choice":"Shed Blood","damage_taken":21,"max_hp_gain":5,"max_hp_loss":0,"event_name":"Forgotten Altar","floor":31,"gold_loss":0},{"damage_healed":23,"gold_gain":0,"player_choice":"Writhe","damage_taken":0,"max_hp_gain":0,"max_hp_loss":0,"event_name":"Winding Halls","floor":37,"gold_loss":0,"cards_obtained":["Writhe"]},{"damage_healed":0,"gold_gain":0,"player_choice":"Fight","damage_taken":0,"max_hp_gain":0,"max_hp_loss":0,"event_name":"MindBloom","floor":38,"gold_loss":0},{"damage_healed":0,"gold_gain":0,"player_choice":"Memory 1","damage_taken":0,"max_hp_gain":0,"max_hp_loss":0,"event_name":"SensoryStone","floor":39,"gold_loss":0},{"damage_healed":0,"gold_gain":0,"player_choice":"Upgraded","damage_taken":0,"max_hp_gain":0,"max_hp_loss":0,"event_name":"Upgrade Shrine","floor":40,"gold_loss":0,"cards_upgraded":["Demon Form"]}],"is_beta":false,"boss_relics":[{"not_picked":["Coffee Dripper","Lizard Tail"],"picked":"Calling Bell"},{"not_picked":["Philosopher\u0027s Stone","Black Blood"],"picked":"Black Star"}],"items_purged_floors":[29],"is_endless":false,"potions_floor_spawned":[1,3,14,16,24,25,33,36],"killed_by":"4 Shapes","ascension_level":0}