{"gold_per_floor":[113,124,49,62,82,111,111,130,157,175,185,198,198,233,233,310,310,325,250,269,288,25,25,41,91,165,55,55,70,70,70,70,147,147,163,212,223,223,223],"floor_reached":39,"playtime":4122,"items_purged":[],"score":781,"play_id":"e0c6c73d-b682-453b-84c2-10cfbb1a007b","local_time":"20190407021623","is_ascension_mode":true,"campfire_choices":[{"data":"Intimidate","floor":7,"key":"SMITH"},{"data":"Metallicize","floor":13,"key":"SMITH"},{"data":"Rage","floor":15,"key":"SMITH"},{"floor":23,"key":"REST"},{"data":"Spot Weakness","floor":28,"key":"SMITH"},{"data":"Bash","floor":30,"key":"SMITH"},{"floor":32,"key":"REST"}],"neow_cost":"NONE","seed_source_timestamp":2082769493815460,"circlet_count":0,"master_deck":["AscendersBane","Strike_R","Strike_R","Strike_R","Defend_R","Defend_R","Defend_R","Bash+1","Clash","Headbutt","Clash+1","Offering","Intimidate+1","Spot Weakness+1","Metallicize+1","Rage+1","Clash","Iron Wave","Juggernaut","Sever Soul","Clash","Brutality","Cleave","Thunderclap","Clothesline"],"relics":["Burning Blood","Bag of Marbles","Blood Vial","Anchor","Ancient Tea Set","Sozu","Blue Candle","Kunai","Enchiridion","Ice Cream"],"potions_floor_usage":[6,16,24],"damage_taken":[{"damage":2,"enemies":"Jaw Worm","floor":1,"turns":5},{"damage":0,"enemies":"Small Slimes","floor":2,"turns":3},{"damage":0,"enemies":"Cultist","floor":4,"turns":2},{"damage":6,"enemies":"Looter","floor":5,"turns":2},{"damage":14,"enemies":"Gremlin Nob","floor":6,"turns":3},{"damage":5,"enemies":"3 Louse","floor":8,"turns":4},{"damage":6,"enemies":"2 Fungi Beasts","floor":10,"turns":2},{"damage":2,"enemies":"Exordium Wildlife","floor":11,"turns":2},{"damage":1,"enemies":"Red Slaver","floor":12,"turns":3},{"damage":6,"enemies":"3 Sentries","floor":14,"turns":5},{"damage":40,"enemies":"The Guardian","floor":16,"turns":9},{"damage":6,"enemies":"Shell Parasite","floor":18,"turns":3},{"damage":6,"enemies":"Chosen","floor":20,"turns":1},{"damage":35,"enemies":"Snake Plant","floor":21,"turns":4},{"damage":15,"enemies":"3 Cultists","floor":24,"turns":4},{"damage":7,"enemies":"Shelled Parasite and Fungi","floor":29,"turns":3},{"damage":60,"enemies":"Automaton","floor":33,"turns":8},{"damage":2,"enemies":"3 Shapes","floor":35,"turns":4},{"damage":40,"enemies":"2 Orb Walkers","floor":36,"turns":4},{"damage":8,"enemies":"3 Darklings","floor":37,"turns":4},{"damage":48,"enemies":"Maw","floor":39,"turns":7}],"seed_played":"4826216290034416753","potions_obtained":[{"floor":2,"key":"SpeedPotion"},{"floor":5,"key":"SteroidPotion"},{"floor":10,"key":"BloodPotion"},{"floor":11,"key":"LiquidBronze"}],"is_trial":false,"path_per_floor":["M","M","?","M","M","E","R","M","T","M","M","M","R","E","R","B",null,"M","?","M","M","$","R","M","?","T","?","R","M","R","?","R","B",null,"M","?","M","?","M"],"character_chosen":"IRONCLAD","items_purchased":["Blue Candle"],"campfire_rested":2,"item_purchase_floors":[22],"current_hp_per_floor":[72,75,75,75,75,67,67,70,70,72,75,75,75,75,75,41,67,69,69,71,44,44,66,59,59,59,59,59,60,60,39,61,9,59,65,33,33,33,0],"gold":223,"neow_bonus":"RANDOM_COMMON_RELIC","is_prod":false,"is_daily":false,"chose_seed":false,"campfire_upgraded":5,"win_rate":0,"timestamp":1554617783,"path_taken":["M","M","?","M","M","E","R","M","T","M","M","M","R","E","R","BOSS","M","?","M","M","$","R","M","?","T","?","R","?","R","?","R","BOSS","M","?","M","?","M"],"build_version":"2019-01-23","purchased_purges":0,"victory":false,"max_hp_per_floor":[75,75,75,75,75,75,75,75,75,75,75,75,75,75,75,75,75,75,75,75,75,75,75,75,75,75,75,75,75,75,75,75,75,75,75,75,75,75,75],"card_choices":[{"not_picked":["Wild Strike","Flex"],"picked":"Clash","floor":1},{"not_picked":["Iron Wave","Ghostly Armor"],"picked":"Headbutt","floor":2},{"not_picked":["Pommel Strike","Havoc"],"picked":"Clash","floor":4},{"not_picked":["Searing Blow","Heavy Blade"],"picked":"Offering","floor":5},{"not_picked":["Inflame","Body Slam"],"picked":"Intimidate","floor":6},{"not_picked":["Thunderclap","Anger"],"picked":"Spot Weakness","floor":8},{"not_picked":["Dropkick","Searing Blow"],"picked":"Metallicize","floor":10},{"not_picked":["Entrench","Twin Strike"],"picked":"Rage","floor":11},{"not_picked":["Shrug It Off","Warcry"],"picked":"Clash","floor":12},{"not_picked":["Clothesline","Searing Blow"],"picked":"Iron Wave","floor":14},{"not_picked":["Barricade","Exhume"],"picked":"Juggernaut","floor":16},{"not_picked":["Perfected Strike","Power Through","Twin Strike"],"picked":"SKIP","floor":18},{"not_picked":["Heavy Blade","Bloodletting"],"picked":"Sever Soul","floor":20},{"not_picked":["Infernal Blade","Armaments","Flex"],"picked":"SKIP","floor":21},{"not_picked":["Headbutt","Twin Strike+1"],"picked":"Clash","floor":24},{"not_picked":["Rampage","Limit Break","Flex"],"picked":"SKIP","floor":29},{"not_picked":["Barricade","Berserk"],"picked":"Brutality","floor":33},{"not_picked":["Seeing Red","Entrench+1"],"picked":"Cleave","floor":35},{"not_picked":["Armaments","Power Through"],"picked":"Thunderclap","floor":36},{"not_picked":["Carnage","Sentinel+1"],"picked":"Clothesline","floor":37}],"player_experience":2458291,"relics_obtained":[{"floor":6,"key":"Blood Vial"},{"floor":9,"key":"Anchor"},{"floor":14,"key":"Ancient Tea Set"},{"floor":26,"key":"Kunai"},{"floor":31,"key":"Enchiridion"},{"floor":36,"key":"Ice Cream"}],"event_choices":[{"cards_removed":["Strike_R"],"damage_healed":0,"gold_gain":0,"player_choice":"Card Removal","damage_taken":0,"max_hp_gain":0,"max_hp_loss":0,"event_name":"The Cleric","floor":3,"gold_loss":75},{"cards_removed":["Defend_R"],"damage_healed":0,"gold_gain":0,"player_choice":"Gave Gold","damage_taken":0,"max_hp_gain":0,"max_hp_loss":0,"event_name":"Beggar","floor":19,"gold_loss":75},{"damage_healed":0,"gold_gain":50,"player_choice":"Stole From Cult","damage_taken":0,"max_hp_gain":0,"max_hp_loss":0,"event_name":"Nest","floor":25,"gold_loss":0},{"cards_removed":["Strike_R"],"damage_healed":0,"gold_gain":0,"player_choice":"Upgrade and Remove","damage_taken":0,"max_hp_gain":0,"max_hp_loss":0,"event_name":"Designer","floor":27,"gold_loss":110,"cards_upgraded":["Clash"]},{"damage_healed":0,"gold_gain":0,"player_choice":"Obtained Book","damage_taken":21,"max_hp_gain":0,"max_hp_loss":0,"event_name":"Cursed Tome","floor":31,"gold_loss":0},{"damage_healed":0,"gold_gain":0,"player_choice":"Fight","damage_taken":0,"max_hp_gain":0,"max_hp_loss":0,"event_name":"Mysterious Sphere","floor":36,"gold_loss":0},{"damage_healed":0,"gold_gain":0,"player_choice":"Ignored","damage_taken":0,"max_hp_gain":0,"max_hp_loss":0,"event_name":"The Moai Head","floor":38,"gold_loss":0}],"is_beta":false,"boss_relics":[{"not_picked":["Busted Crown","Runic Pyramid"],"picked":"Sozu"},{"not_picked":["Runic Dome","Mark of Pain","Pandora\u0027s Box"]}],"items_purged_floors":[],"is_endless":false,"potions_floor_spawned":[2,5,10,11,12,14,18,20,33,37],"killed_by":"Maw","ascension_level":16}