{"gold_per_floor":[117,67,84,15,15,15,35,35,35,70,70,70],"floor_reached":12,"playtime":511,"items_purged":[],"score":99,"play_id":"890781b6-6e48-4eac-8b82-2027c14b7976","local_time":"20180830191928","is_ascension_mode":true,"campfire_choices":[{"data":"Double Energy","floor":6,"key":"SMITH"},{"data":"Self Repair","floor":8,"key":"SMITH"}],"neow_cost":"","seed_source_timestamp":313225048829689,"circlet_count":0,"master_deck":["Strike_B","Strike_B","Strike_B","Defend_B","Defend_B","Defend_B","Defend_B","Zap","Dualcast","Ball Lightning","Double Energy+1","Self Repair+1","Beam Cell","Fission"],"relics":["Cracked Core","Singing Bowl","Potion Belt"],"potions_floor_usage":[10],"damage_taken":[{"damage":0,"enemies":"2 Louse","floor":1,"turns":2},{"damage":8,"enemies":"Small Slimes","floor":3,"turns":3},{"damage":1,"enemies":"Cultist","floor":7,"turns":3},{"damage":35,"enemies":"3 Sentries","floor":10,"turns":7},{"damage":46,"enemies":"Gremlin Nob","floor":12,"turns":4}],"seed_played":"-7058233483563161636","potions_obtained":[{"floor":7,"key":"GamblersBrew"}],"is_trial":false,"path_per_floor":["M","?","M","$","?","R","M","R","T","E","$"],"character_chosen":"DEFECT","items_purchased":["Self Repair"],"campfire_rested":0,"item_purchase_floors":[4],"current_hp_per_floor":[68,68,60,60,60,60,66,66,66,41,41,0],"gold":70,"neow_bonus":"","is_prod":false,"is_daily":false,"chose_seed":false,"campfire_upgraded":2,"win_rate":0,"timestamp":1535671168,"path_taken":["M","?","M","$","?","R","M","R","T","E","$","?"],"build_version":"2018-08-23v2","purchased_purges":0,"victory":false,"max_hp_per_floor":[75,75,75,75,75,75,75,75,75,75,75,75],"card_choices":[{"not_picked":["Coolheaded","Glacier"],"picked":"Ball Lightning","floor":1},{"not_picked":["Redo","Consume"],"picked":"Double Energy","floor":3},{"not_picked":["Cold Snap","Leap"],"picked":"Beam Cell","floor":7},{"not_picked":["Streamline","Coolheaded"],"picked":"Fission","floor":10}],"player_experience":1602964,"relics_obtained":[{"floor":9,"key":"Singing Bowl"},{"floor":10,"key":"Potion Belt"}],"event_choices":[{"event_name":"The Cleric","player_choice":"Card Removal","floor":2,"damage_taken":0},{"event_name":"WeMeetAgain","player_choice":"Attack","floor":5,"damage_taken":0},{"event_name":"Dead Adventurer","player_choice":"Searched \u00271\u0027 times","floor":12,"damage_taken":0}],"is_beta":false,"boss_relics":[],"items_purged_floors":[],"is_endless":false,"potions_floor_spawned":[7],"killed_by":"Gremlin Nob","ascension_level":6}