{"gold_per_floor":[113,113,113,123,73,105,3,37,37,37,50,65,75,106,106,207,207,217,217,228,259,359,359,373,402,480,491,516,596,194,223,223,326,326,341,341,466,486,498,525,578,607,634,571,571,414,414,431,431,431,431,431,22,47,47],"floor_reached":56,"playtime":7659,"items_purged":["Strike_P","Strike_P","Injury","Defend_P","Strike_P"],"score":1592,"play_id":"31f72e61-fa73-4167-a1ec-3989d6d18e31","local_time":"20190913214051","is_ascension_mode":true,"campfire_choices":[{"data":"TalkToTheHand","floor":10.0,"key":"SMITH"},{"data":"TalkToTheHand","floor":15.0,"key":"SMITH"},{"data":"SignatureMove","floor":23.0,"key":"SMITH"},{"data":"ForeignInfluence","floor":32.0,"key":"SMITH"},{"data":"Adaptation","floor":45.0,"key":"SMITH"},{"data":"1","floor":47.0,"key":"LIFT"},{"floor":49.0,"key":"RECALL"},{"data":"2","floor":52.0,"key":"LIFT"}],"neow_cost":"PERCENT_DAMAGE","seed_source_timestamp":0,"circlet_count":0,"master_deck":["Defend_P","Defend_P","Eruption","Vigilance","TalkToTheHand+1","ForeignInfluence+1","InnerPeace","FlyingSleeves","JustLucky","TalkToTheHand+1","FearNoEvil","BowlingBash","Meditate","SignatureMove+1","EmptyMind","Crescendo","Protect+1","Establishment+1","Dark Shackles+1","EmptyMind+1","Ragnarok+1","Adaptation+1","CutThroughFate+1","ClearTheMind+1","Adaptation+1","SandsOfTime+1","Crescendo+1","Adaptation","Ragnarok+1"],"special_seed":0,"relics":["PureWater","Thread and Needle","White Beast Statue","Pear","Question Card","Oddly Smooth Stone","SacredBark","Red Mask","Mummified Hand","Molten Egg 2","Akabeko","Toxic Egg 2","Membership Card","Centennial Puzzle","Toy Ornithopter","Dream Catcher","Cursed Key","Girya","PreservedInsect","FossilizedHelix","Pantograph","Kunai","Strange Spoon","Letter Opener","Calipers"],"potions_floor_usage":[54,55,55,55],"damage_taken":[{"damage":0.0,"enemies":"Small Slimes","floor":1.0,"turns":2.0},{"damage":0.0,"enemies":"Jaw Worm","floor":4.0,"turns":3.0},{"damage":0.0,"enemies":"3 Sentries","floor":6.0,"turns":3.0},{"damage":20.0,"enemies":"Gremlin Nob","floor":8.0,"turns":3.0},{"damage":0.0,"enemies":"Cultist","floor":11.0,"turns":2.0},{"damage":0.0,"enemies":"3 Louse","floor":12.0,"turns":1.0},{"damage":1.0,"enemies":"Looter","floor":13.0,"turns":3.0},{"damage":0.0,"enemies":"Lagavulin","floor":14.0,"turns":4.0},{"damage":5.0,"enemies":"Hexaghost","floor":16.0,"turns":8.0},{"damage":1.0,"enemies":"2 Thieves","floor":18.0,"turns":3.0},{"damage":0.0,"enemies":"Spheric Guardian","floor":20.0,"turns":3.0},{"damage":0.0,"enemies":"Masked Bandits","floor":21.0,"turns":2.0},{"damage":4.0,"enemies":"Cultist and Chosen","floor":24.0,"turns":4.0},{"damage":21.0,"enemies":"Slavers","floor":25.0,"turns":4.0},{"damage":0.0,"enemies":"Centurion and Healer","floor":27.0,"turns":2.0},{"damage":0.0,"enemies":"Gremlin Leader","floor":28.0,"turns":3.0},{"damage":7.0,"enemies":"Book of Stabbing","floor":31.0,"turns":4.0},{"damage":8.0,"enemies":"Collector","floor":33.0,"turns":5.0},{"damage":0.0,"enemies":"3 Darklings","floor":35.0,"turns":7.0},{"damage":0.0,"enemies":"Mind Bloom Boss Battle","floor":37.0,"turns":4.0},{"damage":0.0,"enemies":"Orb Walker","floor":38.0,"turns":3.0},{"damage":0.0,"enemies":"3 Darklings","floor":39.0,"turns":3.0},{"damage":8.0,"enemies":"Nemesis","floor":40.0,"turns":5.0},{"damage":2.0,"enemies":"2 Orb Walkers","floor":41.0,"turns":4.0},{"damage":0.0,"enemies":"Reptomancer","floor":42.0,"turns":5.0},{"damage":0.0,"enemies":"Sphere and 2 Shapes","floor":48.0,"turns":4.0},{"damage":23.0,"enemies":"Time Eater","floor":50.0,"turns":7.0},{"damage":27,"enemies":"Shield and Spear","floor":54,"turns":3},{"damage":6,"enemies":"The Heart","floor":55,"turns":5}],"seed_played":"-680518924891699777","potions_obtained":[{"floor":6.0,"key":"Fruit Juice"},{"floor":8.0,"key":"EssenceOfSteel"},{"floor":11.0,"key":"Fire Potion"},{"floor":12.0,"key":"Fire Potion"},{"floor":13.0,"key":"Poison Potion"},{"floor":14.0,"key":"LiquidBronze"},{"floor":16.0,"key":"Swift Potion"},{"floor":18.0,"key":"StancePotion"},{"floor":21.0,"key":"FearPotion"},{"floor":24.0,"key":"DuplicationPotion"},{"floor":25.0,"key":"Poison Potion"},{"floor":28.0,"key":"SkillPotion"},{"floor":31.0,"key":"SteroidPotion"},{"floor":33.0,"key":"GamblersBrew"},{"floor":35.0,"key":"Block Potion"},{"floor":38.0,"key":"DuplicationPotion"},{"floor":39.0,"key":"PowerPotion"},{"floor":40.0,"key":"Fire Potion"},{"floor":41.0,"key":"Strength Potion"},{"floor":42.0,"key":"Weak Potion"},{"floor":54,"key":"AttackPotion"}],"is_trial":false,"path_per_floor":["M","?","?","M","?","E","$","E","T","R","M","M","M","E","R","B",null,"M","?","M","?","?","R","M","E","T","M","E","T","$","E","R","B",null,"M","?","?","M","M","E","?","E","T","$","R","$","R","M","R","B",null,"R","$","E","B",null],"character_chosen":"WATCHER","items_purchased":["FlyingSleeves","Membership Card","Centennial Puzzle","Toy Ornithopter","Dark Shackles+1","SandsOfTime+1","Crescendo+1","Adaptation","Kunai","Strange Spoon","Letter Opener"],"campfire_rested":0,"item_purchase_floors":[7,30,30,30,30,46,46,46,53,53,53],"current_hp_per_floor":[47,47,40,40,40,40,40,30,30,30,30,35,34,34,34,29,80,79,80,80,80,80,80,76,55,55,55,55,55,55,53,53,50,80,80,76,76,76,76,68,71,71,71,71,71,71,71,71,71,53,76,76,76,54,74],"gold":47,"neow_bonus":"ONE_RARE_RELIC","is_prod":false,"is_daily":false,"chose_seed":false,"campfire_upgraded":5,"win_rate":0,"timestamp":1568367651,"path_taken":["M","?","?","M","?","E","$","E","T","R","M","M","M","E","R","BOSS","M","?","?","?","?","R","M","E","T","?","E","?","$","E","R","BOSS","M","?","?","M","M","E","?","E","T","?","R","$","R","M","R","BOSS","R","$","E","BOSS"],"build_version":"2019-09-12","purchased_purges":5,"victory":true,"max_hp_per_floor":[65,65,65,65,65,65,65,75,75,75,75,80,80,80,80,80,80,80,80,80,80,80,80,80,80,80,80,80,80,80,80,80,80,80,80,76,76,76,76,76,76,76,76,76,76,76,76,76,76,76,76,76,76,76,76],"card_choices":[{"not_picked":["EmptyFist","ThirdEye"],"picked":"TalkToTheHand","floor":1.0},{"not_picked":["WaveOfTheHand","Prostrate"],"picked":"ForeignInfluence","floor":4.0},{"not_picked":["WaveOfTheHand","Worship"],"picked":"InnerPeace","floor":6.0},{"not_picked":["SpiritShield","WreathOfFlame"],"picked":"JustLucky","floor":8.0},{"not_picked":["Crescendo","FollowUp","Protect"],"picked":"TalkToTheHand","floor":11.0},{"not_picked":["Halt","CarveReality","Weave"],"picked":"FearNoEvil","floor":12.0},{"not_picked":["Sanctity","Weave","Collect"],"picked":"BowlingBash","floor":13.0},{"not_picked":["ThirdEye","Omniscience","InnerPeace"],"picked":"Meditate","floor":14.0},{"not_picked":["ReachHeaven","Unraveling","Metaphysics"],"picked":"SignatureMove","floor":16.0},{"not_picked":["BowlingBash+1","Meditate+1","CutThroughFate+1"],"picked":"EmptyMind","floor":18.0},{"not_picked":["Sanctity+1","FlyingSleeves","CarveReality"],"picked":"Crescendo","floor":20.0},{"not_picked":["Sanctity","Clarity","Swivel"],"picked":"Protect+1","floor":21.0},{"not_picked":["Consecrate","Crescendo","EmptyBody","ForeignInfluence"],"picked":"SKIP","floor":24.0},{"not_picked":["PathToVictory","Alpha","Tantrum"],"picked":"Establishment+1","floor":25.0},{"not_picked":["Devotion","StepAndStrike+1","FollowUp+1","ClearTheMind"],"picked":"SKIP","floor":27.0},{"not_picked":["Alpha","JustLucky+1","Weave+1","ThirdEye"],"picked":"SKIP","floor":28.0},{"not_picked":["Wish+1","Sanctity+1","CutThroughFate+1"],"picked":"EmptyMind+1","floor":31.0},{"not_picked":["Wallop+1","FlowState+1","Unraveling+1"],"picked":"Ragnarok+1","floor":33.0},{"not_picked":["Protect+1","BowlingBash+1","Establishment+1"],"picked":"Adaptation+1","floor":35.0},{"not_picked":["FollowUp+1","EmptyMind+1","FlyingSleeves+1"],"picked":"CutThroughFate+1","floor":38.0},{"not_picked":["Establishment+1","Consecrate+1","FlyingSleeves+1"],"picked":"ClearTheMind+1","floor":39.0},{"not_picked":["ForeignInfluence+1","Wallop+1","CleanseEvil+1","EmptyBody+1"],"picked":"SKIP","floor":40.0},{"not_picked":["Weave+1","CrushJoints+1","Crescendo+1"],"picked":"Adaptation","floor":42.0},{"not_picked":["Wireheading","JustLucky+1","Conclude+1","Collect+1"],"picked":"SKIP","floor":48.0},{"not_picked":["Consecrate+1","Sanctity+1","Halt+1"],"picked":"Ragnarok+1","floor":54}],"player_experience":1029967,"relics_obtained":[{"floor":6.0,"key":"White Beast Statue"},{"floor":8.0,"key":"Pear"},{"floor":9.0,"key":"Question Card"},{"floor":14.0,"key":"Oddly Smooth Stone"},{"floor":21.0,"key":"Red Mask"},{"floor":25.0,"key":"Mummified Hand"},{"floor":26.0,"key":"Molten Egg 2"},{"floor":28.0,"key":"Akabeko"},{"floor":29.0,"key":"Toxic Egg 2"},{"floor":31.0,"key":"Dream Catcher"},{"floor":37.0,"key":"Girya"},{"floor":40.0,"key":"PreservedInsect"},{"floor":41.0,"key":"FossilizedHelix"},{"floor":42.0,"key":"Pantograph"},{"floor":54,"key":"Calipers"}],"event_choices":[{"damage_healed":0.0,"max_hp_gain":0.0,"max_hp_loss":0.0,"gold_gain":0.0,"event_name":"Liars Game","player_choice":"Ignored","floor":2.0,"gold_loss":0.0,"damage_taken":0.0},{"cards_removed":["Defend_P"],"damage_healed":0.0,"max_hp_gain":0.0,"max_hp_loss":0.0,"gold_gain":0.0,"event_name":"Golden Wing","player_choice":"Card Removal","floor":3.0,"gold_loss":0.0,"damage_taken":7.0},{"cards_removed":["Strike_P"],"damage_healed":0.0,"max_hp_gain":0.0,"max_hp_loss":0.0,"gold_gain":0.0,"event_name":"The Cleric","player_choice":"Card Removal","floor":5.0,"gold_loss":50.0,"damage_taken":0.0},{"damage_healed":1.0,"max_hp_gain":0.0,"max_hp_loss":0.0,"gold_gain":0.0,"event_name":"Wheel of Change","player_choice":"Full Heal","floor":19.0,"gold_loss":0.0,"damage_taken":0.0},{"damage_healed":0.0,"max_hp_gain":0.0,"max_hp_loss":0.0,"gold_gain":0.0,"event_name":"Masked Bandits","player_choice":"Fought Bandits","floor":21.0,"gold_loss":0.0,"damage_taken":0.0},{"damage_healed":0.0,"max_hp_gain":0.0,"max_hp_loss":0.0,"gold_gain":100.0,"event_name":"Golden Shrine","player_choice":"Pray","floor":22.0,"gold_loss":0.0,"damage_taken":0.0},{"damage_healed":0.0,"max_hp_gain":0.0,"max_hp_loss":4.0,"gold_gain":0.0,"event_name":"Winding Halls","player_choice":"Max HP","floor":36.0,"gold_loss":0.0,"damage_taken":0.0},{"damage_healed":0.0,"max_hp_gain":0.0,"max_hp_loss":0.0,"gold_gain":0.0,"event_name":"MindBloom","player_choice":"Fight","floor":37.0,"gold_loss":0.0,"damage_taken":0.0},{"damage_healed":0.0,"max_hp_gain":0.0,"max_hp_loss":0.0,"gold_gain":0.0,"event_name":"Mysterious Sphere","player_choice":"Fight","floor":41.0,"gold_loss":0.0,"damage_taken":0.0}],"is_beta":true,"boss_relics":[{"not_picked":["Ectoplasm","Velvet Choker"],"picked":"SacredBark"},{"not_picked":["Tiny House","SlaversCollar"],"picked":"Cursed Key"}],"items_purged_floors":[7,30,44,46,53],"is_endless":false,"potions_floor_spawned":[6,8,11,12,13,14,16,18,20,21,24,25,27,28,31,33,35,37,38,39,40,41,42,48,54],"ascension_level":4}