{"gold_per_floor":[114,129,129,129,144,144,174,174,174,174,189,39,69,84,84,184,184,199,199,214,161,176,176],"floor_reached":23,"playtime":1626,"items_purged":[],"score":226,"play_id":"9aecb7b2-26bc-4ff6-af28-fcb8e8711080","local_time":"20191012152432","daily_mods":["Shiny","Blue Cards","Binary"],"is_ascension_mode":false,"campfire_choices":[{"data":"Berserk","floor":6,"key":"SMITH"},{"data":"Fission","floor":8,"key":"SMITH"},{"data":"Electrodynamics","floor":15,"key":"SMITH"}],"neow_cost":"","seed_source_timestamp":0,"circlet_count":0,"master_deck":["Multi-Cast","Hyperbeam","Thunder Strike","Biased Cognition","Machine Learning","Electrodynamics+1","Buffer","Rainbow","Seek","Meteor Strike","Echo Form","Reboot","Amplify","Creative AI","Fission+1","Core Surge","Double Tap","Demon Form","Bludgeon","Feed","Limit Break","Barricade","Fiend Fire","Dark Embrace","Berserk+1","Impervious","Juggernaut","Brutality","Reaper","Exhume","Offering","Immolate","Doom and Gloom","Static Discharge","Battle Trance","Carnage","Steam","Rampage","All For One","Heavy Blade","Rebound","Conserve Battery"],"special_seed":18181,"relics":["Burning Blood","Juzu Bracelet","Pantograph","CultistMask","Lantern","Gremlin Horn","Runic Pyramid"],"potions_floor_usage":[16,16,22],"damage_taken":[{"damage":0,"enemies":"Small Slimes","floor":1,"turns":3},{"damage":0,"enemies":"Cultist","floor":2,"turns":2},{"damage":0,"enemies":"2 Louse","floor":5,"turns":1},{"damage":23,"enemies":"3 Sentries","floor":7,"turns":2},{"damage":15,"enemies":"Lots of Slimes","floor":11,"turns":2},{"damage":12,"enemies":"Lagavulin","floor":13,"turns":5},{"damage":0,"enemies":"2 Fungi Beasts","floor":14,"turns":1},{"damage":35,"enemies":"Slime Boss","floor":16,"turns":4},{"damage":10,"enemies":"Chosen","floor":18,"turns":3},{"damage":0,"enemies":"3 Byrds","floor":20,"turns":2},{"damage":37,"enemies":"Shelled Parasite and Fungi","floor":22,"turns":6},{"damage":39,"enemies":"Slavers","floor":23,"turns":2}],"seed_played":"7316738918245520927","potions_obtained":[{"floor":2,"key":"Energy Potion"},{"floor":7,"key":"Explosive Potion"},{"floor":14,"key":"PowerPotion"},{"floor":22,"key":"Ancient Potion"}],"is_trial":false,"path_per_floor":["M","M","?","$","M","R","E","R","T","?","M","$","E","M","R","B",null,"M","?","M","$","M","E"],"character_chosen":"IRONCLAD","items_purchased":["Lantern","Conserve Battery"],"campfire_rested":0,"item_purchase_floors":[12,21],"current_hp_per_floor":[80,80,80,80,80,80,63,63,63,63,54,54,48,54,54,50,80,76,61,67,67,38,0],"gold":176,"neow_bonus":"","is_prod":false,"is_daily":true,"chose_seed":false,"campfire_upgraded":3,"win_rate":0,"timestamp":1570865072,"path_taken":["M","M","?","?","M","R","E","R","T","?","M","$","E","M","R","BOSS","M","?","M","$","M","E"],"build_version":"2019-07-17","purchased_purges":0,"victory":false,"max_hp_per_floor":[80,80,80,80,80,80,80,80,80,80,80,80,80,80,80,80,80,80,85,85,85,85,85],"card_choices":[{"not_picked":["Iron Wave"],"picked":"Doom and Gloom","floor":1},{"not_picked":["Barrage"],"picked":"Static Discharge","floor":2},{"not_picked":["Gash"],"picked":"Battle Trance","floor":5},{"not_picked":["Cold Snap"],"picked":"Carnage","floor":7},{"not_picked":["Beam Cell"],"picked":"Steam","floor":11},{"not_picked":["Tempest","Entrench"],"picked":"SKIP","floor":13},{"not_picked":["Compile Driver"],"picked":"Rampage","floor":14},{"not_picked":["Reboot"],"picked":"All For One","floor":16},{"not_picked":["Battle Trance"],"picked":"Heavy Blade","floor":18},{"not_picked":["Chill"],"picked":"Rebound","floor":20},{"not_picked":["Havoc+1","Clash+1"],"picked":"SKIP","floor":22}],"player_experience":149950,"relics_obtained":[{"floor":7,"key":"Juzu Bracelet"},{"floor":9,"key":"Pantograph"},{"floor":13,"key":"Gremlin Horn"}],"event_choices":[{"cards_removed":["All For One"],"damage_healed":0,"gold_gain":0,"player_choice":"Purged","damage_taken":0,"max_hp_gain":0,"max_hp_loss":0,"event_name":"Purifier","floor":3,"gold_loss":0},{"damage_healed":0,"gold_gain":0,"player_choice":"Trade","damage_taken":0,"relics_obtained":["CultistMask"],"max_hp_gain":0,"max_hp_loss":0,"event_name":"FaceTrader","floor":10,"gold_loss":0},{"damage_healed":0,"gold_gain":0,"player_choice":"Shed Blood","damage_taken":20,"max_hp_gain":5,"max_hp_loss":0,"event_name":"Forgotten Altar","floor":19,"gold_loss":0}],"is_beta":false,"boss_relics":[{"not_picked":["Calling Bell","Ectoplasm"],"picked":"Runic Pyramid"}],"items_purged_floors":[],"is_endless":false,"potions_floor_spawned":[2,7,14,22],"killed_by":"Slavers","ascension_level":0}