{"gold_per_floor":[11,31,31,49,49,49,68,93,93,93,107,107,126,156,156,254,254,264,26,41,51,64,77,77,77,77,77,14,49,62,95,95,195,195,213,133,133,133,149,181,181,181,251,185,185,216,227,277,277,277,277,277,96,96],"floor_reached":54,"playtime":4894,"items_purged":["Strike_P","Strike_P"],"score":1239,"play_id":"f06009e9-e7f3-4960-a84e-a27a8b7c205c","local_time":"20190914124501","is_ascension_mode":true,"campfire_choices":[{"data":"WaveOfTheHand","floor":6.0,"key":"SMITH"},{"data":"BowlingBash","floor":10.0,"key":"SMITH"},{"data":"TalkToTheHand","floor":15.0,"key":"SMITH"},{"data":"Judgement","floor":24.0,"key":"SMITH"},{"data":"MentalFortress","floor":32.0,"key":"SMITH"},{"data":"Collect","floor":41.0,"key":"SMITH"},{"floor":49,"key":"RECALL"},{"data":"Adaptation","floor":52,"key":"SMITH"}],"neow_cost":"NO_GOLD","seed_source_timestamp":0,"circlet_count":0,"master_deck":["Defend_P+1","Eruption+1","Vigilance+1","DeceiveReality+1","BowlingBash+1","TalkToTheHand+1","WaveOfTheHand+1","CutThroughFate+1","Protect+1","BowlingBash+1","Consecrate+1","EmptyBody+1","Judgement+1","CrushJoints+1","Crescendo+1","ForeignInfluence+1","SandsOfTime+1","ClearTheMind+1","InnerPeace+1","EmptyMind+1","EmptyFist+1","BattleHymn+1","TalkToTheHand+1","Ghostly+1","Ghostly+1","Ghostly+1","Ghostly+1","Ghostly+1","MentalFortress+1","Worship+1","DevaForm+1","Devotion+1","Collect+1","Devotion","Adaptation+1","Meditate+1","Evaluate+1"],"special_seed":0,"relics":["PureWater","Molten Egg 2","The Courier","Mercury Hourglass","Astrolabe","Kunai","War Paint","StrikeDummy","Black Star","Mark of the Bloom","Akabeko","Pear","Blue Candle","Mango","Toxic Egg 2","FossilizedHelix","ClockworkSouvenir"],"potions_floor_usage":[54,54,54],"damage_taken":[{"damage":0.0,"enemies":"Cultist","floor":1.0,"turns":2.0},{"damage":0.0,"enemies":"Jaw Worm","floor":2.0,"turns":3.0},{"damage":0.0,"enemies":"2 Louse","floor":4.0,"turns":2.0},{"damage":10.0,"enemies":"Lots of Slimes","floor":7.0,"turns":3.0},{"damage":6.0,"enemies":"3 Sentries","floor":8.0,"turns":4.0},{"damage":0.0,"enemies":"3 Louse","floor":11.0,"turns":4.0},{"damage":8.0,"enemies":"Blue Slaver","floor":13.0,"turns":5.0},{"damage":0.0,"enemies":"Lagavulin","floor":14.0,"turns":3.0},{"damage":0.0,"enemies":"Slime Boss","floor":16.0,"turns":6.0},{"damage":0.0,"enemies":"Spheric Guardian","floor":18.0,"turns":1.0},{"damage":0.0,"enemies":"Chosen","floor":20.0,"turns":2.0},{"damage":1.0,"enemies":"Snake Plant","floor":21.0,"turns":3.0},{"damage":7.0,"enemies":"Centurion and Healer","floor":22.0,"turns":2.0},{"damage":4.0,"enemies":"Cultist and Chosen","floor":23.0,"turns":3.0},{"damage":0.0,"enemies":"Gremlin Leader","floor":29.0,"turns":5.0},{"damage":0.0,"enemies":"3 Cultists","floor":30.0,"turns":4.0},{"damage":0.0,"enemies":"Slavers","floor":31.0,"turns":4.0},{"damage":4.0,"enemies":"Champ","floor":33.0,"turns":13.0},{"damage":1.0,"enemies":"3 Darklings","floor":35.0,"turns":5.0},{"damage":1.0,"enemies":"3 Shapes","floor":39.0,"turns":2.0},{"damage":7.0,"enemies":"Giant Head","floor":40.0,"turns":8.0},{"damage":0,"enemies":"Reptomancer","floor":46,"turns":3},{"damage":0,"enemies":"Sphere and 2 Shapes","floor":47,"turns":3},{"damage":2,"enemies":"2 Orb Walkers","floor":48,"turns":6},{"damage":17,"enemies":"Time Eater","floor":50,"turns":10},{"damage":10,"enemies":"Shield and Spear","floor":54,"turns":2}],"seed_played":"-1003356201493908873","potions_obtained":[{"floor":1.0,"key":"Regen Potion"},{"floor":8.0,"key":"SteroidPotion"},{"floor":11.0,"key":"SpeedPotion"},{"floor":14.0,"key":"SpeedPotion"},{"floor":21.0,"key":"Block Potion"},{"floor":23.0,"key":"GamblersBrew"},{"floor":31.0,"key":"Block Potion"},{"floor":35.0,"key":"AttackPotion"}],"is_trial":false,"path_per_floor":["M","M","?","M","?","R","M","E","T","R","M","?","M","E","R","B",null,"M","$","M","M","M","M","R","?","T","?","$","E","M","E","R","B",null,"M","$","?","T","M","E","R","?","T","$","$","E","M","?","R","B",null,"R","$","E"],"character_chosen":"WATCHER","items_purchased":["ClearTheMind","InnerPeace","EmptyMind","AttackPotion","MentalFortress","Devotion","ClockworkSouvenir","Evaluate+1"],"campfire_rested":0,"item_purchase_floors":[19,19,19,19,28,44,53,53],"current_hp_per_floor":[59,59,59,59,59,59,49,55,55,55,55,55,47,47,47,47,61,61,61,61,60,53,49,49,49,49,32,32,32,32,32,32,28,31,30,30,30,30,29,22,22,22,22,22,22,22,22,20,20,3,3,3,3,0],"gold":96,"neow_bonus":"REMOVE_TWO","is_prod":false,"is_daily":false,"chose_seed":false,"campfire_upgraded":7,"win_rate":0,"timestamp":1568421901,"path_taken":["M","?","?","M","?","R","M","E","T","R","?","?","M","E","R","BOSS","M","$","?","M","?","M","R","?","T","?","?","E","?","E","R","BOSS","M","$","?","?","M","E","R","?","T","?","$","E","M","?","R","BOSS","R","$","E"],"build_version":"2019-09-12","purchased_purges":2,"victory":false,"max_hp_per_floor":[65,65,65,65,65,65,65,65,65,65,65,65,65,65,65,65,65,65,65,65,65,65,65,65,65,65,32,32,32,32,32,32,32,32,32,32,32,32,32,42,42,42,42,42,42,56,56,56,56,56,56,56,56,56],"card_choices":[{"not_picked":["Consecrate","FlyingSleeves"],"picked":"DeceiveReality","floor":1.0},{"not_picked":["JustLucky","DeceiveReality"],"picked":"BowlingBash","floor":2.0},{"not_picked":["CleanseEvil","EmptyFist"],"picked":"TalkToTheHand","floor":4.0},{"not_picked":["SpiritShield","Sanctity"],"picked":"CutThroughFate","floor":7.0},{"not_picked":["Vengeance","CutThroughFate"],"picked":"Protect","floor":8.0},{"not_picked":["CleanseEvil","PathToVictory"],"picked":"BowlingBash+1","floor":11.0},{"not_picked":["Sanctity","Collect"],"picked":"Consecrate+1","floor":13.0},{"not_picked":["Protect","BowlingBash+1"],"picked":"EmptyBody","floor":14.0},{"not_picked":["DevaForm","Brilliance"],"picked":"Judgement","floor":16.0},{"not_picked":["BowlingBash+1","EmptyBody+1"],"picked":"SandsOfTime+1","floor":18.0},{"not_picked":["WaveOfTheHand+1","WindmillStrike+1","CutThroughFate+1"],"picked":"SKIP","floor":20.0},{"not_picked":["CutThroughFate+1","WindmillStrike+1","Vengeance"],"picked":"SKIP","floor":21.0},{"not_picked":["InnerPeace","ClearTheMind"],"picked":"EmptyFist+1","floor":22.0},{"not_picked":["ClearTheMind","Sanctity"],"picked":"BattleHymn","floor":23.0},{"not_picked":["Conclude+1","Vault+1"],"picked":"Worship","floor":29.0},{"not_picked":["Sanctity","FollowUp+1","Halt+1"],"picked":"SKIP","floor":30.0},{"not_picked":["Prostrate","EmptyBody","BowlingBash+1"],"picked":"SKIP","floor":31.0},{"not_picked":["ReachHeaven+1","Metaphysics"],"picked":"DevaForm","floor":33.0},{"not_picked":["Prostrate","EmptyBody"],"picked":"Devotion+1","floor":35.0},{"not_picked":["Crescendo","EmptyBody","ClearTheMind+1"],"picked":"SKIP","floor":39.0},{"not_picked":["ReachHeaven+1","Scrawl"],"picked":"Collect","floor":40.0},{"not_picked":["Halt+1","TalkToTheHand+1"],"picked":"Adaptation","floor":46},{"not_picked":["ClearTheMind+1","FollowUp+1"],"picked":"Meditate+1","floor":47}],"player_experience":1043375,"relics_obtained":[{"floor":8.0,"key":"Molten Egg 2"},{"floor":9.0,"key":"The Courier"},{"floor":14.0,"key":"Mercury Hourglass"},{"floor":26.0,"key":"Kunai"},{"floor":29.0,"key":"War Paint"},{"floor":31.0,"key":"StrikeDummy"},{"floor":40.0,"key":"Akabeko"},{"floor":40.0,"key":"Pear"},{"floor":43.0,"key":"Blue Candle"},{"floor":46,"key":"Mango"},{"floor":46,"key":"Toxic Egg 2"},{"floor":48,"key":"FossilizedHelix"}],"event_choices":[{"damage_healed":0.0,"max_hp_gain":0.0,"max_hp_loss":0.0,"gold_gain":0.0,"event_name":"Liars Game","player_choice":"Ignored","floor":3.0,"gold_loss":0.0,"damage_taken":0.0},{"damage_healed":0.0,"max_hp_gain":0.0,"max_hp_loss":0.0,"gold_gain":0.0,"event_name":"Match and Keep!","player_choice":"1 cards matched","floor":5.0,"gold_loss":0.0,"damage_taken":0.0,"cards_obtained":["WaveOfTheHand"]},{"damage_healed":0.0,"max_hp_gain":0.0,"max_hp_loss":0.0,"gold_gain":0.0,"cards_transformed":["Strike_P"],"event_name":"Transmorgrifier","player_choice":"Transformed","floor":12.0,"gold_loss":0.0,"damage_taken":0.0,"cards_obtained":["CleanseEvil"]},{"damage_healed":0.0,"max_hp_gain":0.0,"max_hp_loss":0.0,"gold_gain":0.0,"event_name":"The Library","player_choice":"Read","floor":25.0,"gold_loss":0.0,"damage_taken":0.0,"cards_obtained":["TalkToTheHand"]},{"damage_healed":0.0,"max_hp_gain":0.0,"max_hp_loss":33.0,"gold_gain":0.0,"event_name":"Ghosts","player_choice":"Became a Ghost","floor":27.0,"gold_loss":0.0,"damage_taken":0.0,"cards_obtained":["Ghostly","Ghostly","Ghostly","Ghostly","Ghostly"]},{"damage_healed":0.0,"max_hp_gain":0.0,"max_hp_loss":0.0,"gold_gain":0.0,"event_name":"MindBloom","player_choice":"Upgrade","floor":37.0,"gold_loss":0.0,"damage_taken":0.0,"cards_upgraded":["Defend_P","Eruption","Vigilance","DeceiveReality","CutThroughFate","EmptyBody","ClearTheMind","InnerPeace","EmptyMind","BattleHymn","Ghostly","Ghostly","Ghostly","Ghostly","Worship","DevaForm"],"relics_obtained":["Mark of the Bloom"]},{"damage_healed":0.0,"max_hp_gain":0.0,"max_hp_loss":0.0,"gold_gain":0.0,"event_name":"Tomb of Lord Red Mask","player_choice":"Ignored","floor":42.0,"gold_loss":0.0,"damage_taken":0.0},{"damage_healed":0,"gold_gain":0,"player_choice":"Fight","damage_taken":0,"max_hp_gain":0,"max_hp_loss":0,"event_name":"Mysterious Sphere","floor":48,"gold_loss":0}],"is_beta":true,"boss_relics":[{"not_picked":["Tiny House","Empty Cage"],"picked":"Astrolabe"},{"not_picked":["Calling Bell","Runic Dome"],"picked":"Black Star"}],"items_purged_floors":[19,36],"is_endless":false,"potions_floor_spawned":[1,8,11,14,21,23,31,35,39],"killed_by":"Shield and Spear","ascension_level":6}