{"gold_per_floor":[215,215,235,245,49,49,74,74,123,134,148,148,181,197,197,274,274,284,302,277,277,14,74,74,100,100,100,137,175,187,216,228,313,325,353,423,456,358,428,428,428,444,444,185,204,31,49,82,82,82,82,82,82,82,114,114],"floor_reached":57,"playtime":6557,"items_purged":["Strike_P","Strike_P"],"score":2760,"play_id":"95f998e6-adec-44ad-b4d0-5644690822f5","local_time":"20190929012940","is_ascension_mode":true,"campfire_choices":[{"data":"Eruption","floor":6,"key":"SMITH"},{"data":"SashWhip","floor":12,"key":"SMITH"},{"data":"SandsOfTime","floor":15,"key":"SMITH"},{"data":"Apotheosis","floor":24,"key":"SMITH"},{"floor":30,"key":"REST"},{"data":"RitualDagger","floor":32,"key":"SMITH"},{"floor":40,"key":"RECALL"},{"floor":49,"key":"REST"},{"floor":53,"key":"REST"}],"neow_cost":"NONE","seed_source_timestamp":43977770532898,"circlet_count":0,"master_deck":["AscendersBane","Strike_P","Strike_P","Defend_P+1","Defend_P","Defend_P","Defend_P","Eruption+1","Vigilance","CrushJoints+1","WheelKick","Halt","EmptyBody","SashWhip+1","SandsOfTime+1","Meditate","CutThroughFate","Vault","JustLucky","EmptyBody","RitualDagger+1","Apotheosis+1","Halt","Swivel+1","Halt+1","Crescendo+1","Halt+1","Indignation+1","Devotion","Vault+1","Dark Shackles","ClearTheMind+1","Indignation"],"relics":["PureWater","Bag of Preparation","Happy Flower","Art of War","Centennial Puzzle","Blood Vial","Runic Pyramid","Tiny Chest","CeramicFish","StrikeDummy","MawBank","Fusion Hammer","Mango","Molten Egg 2","Pocketwatch","Pen Nib","HornCleat","Strawberry"],"potions_floor_usage":[7,23,23,33,56,56],"damage_taken":[{"damage":0,"enemies":"2 Louse","floor":1,"turns":2},{"damage":0,"enemies":"Small Slimes","floor":3,"turns":2},{"damage":0,"enemies":"Cultist","floor":4,"turns":2},{"damage":0,"enemies":"Lagavulin","floor":7,"turns":2},{"damage":0,"enemies":"Large Slime","floor":10,"turns":5},{"damage":0,"enemies":"Exordium Wildlife","floor":11,"turns":1},{"damage":8,"enemies":"3 Sentries","floor":13,"turns":3},{"damage":0,"enemies":"Looter","floor":14,"turns":2},{"damage":8,"enemies":"Hexaghost","floor":16,"turns":8},{"damage":6,"enemies":"3 Byrds","floor":18,"turns":4},{"damage":0,"enemies":"Spheric Guardian","floor":19,"turns":3},{"damage":23,"enemies":"Book of Stabbing","floor":23,"turns":4},{"damage":14,"enemies":"Slavers","floor":28,"turns":4},{"damage":0,"enemies":"Chosen and Byrds","floor":29,"turns":4},{"damage":0,"enemies":"Sentry and Sphere","floor":31,"turns":5},{"damage":13,"enemies":"Champ","floor":33,"turns":11},{"damage":0,"enemies":"Orb Walker","floor":35,"turns":3},{"damage":8,"enemies":"2 Orb Walkers","floor":36,"turns":4},{"damage":0,"enemies":"3 Shapes","floor":37,"turns":5},{"damage":0,"enemies":"Transient","floor":42,"turns":6},{"damage":0,"enemies":"Maw","floor":45,"turns":5},{"damage":0,"enemies":"Sphere and 2 Shapes","floor":47,"turns":4},{"damage":0,"enemies":"Reptomancer","floor":48,"turns":2},{"damage":20,"enemies":"Awakened One","floor":50,"turns":11},{"damage":1,"enemies":"Time Eater","floor":51,"turns":9},{"damage":18,"enemies":"Shield and Spear","floor":55,"turns":9},{"damage":51,"enemies":"The Heart","floor":56,"turns":11}],"seed_played":"253169053849055482","potions_obtained":[{"floor":3,"key":"Swift Potion"},{"floor":7,"key":"SpeedPotion"},{"floor":11,"key":"SkillPotion"},{"floor":28,"key":"Fire Potion"},{"floor":31,"key":"Regen Potion"},{"floor":37,"key":"Energy Potion"},{"floor":48,"key":"Dexterity Potion"},{"floor":55,"key":"PowerPotion"}],"is_trial":false,"path_per_floor":["M","?","M","M","$","R","E","?","T","M","M","R","E","M","R","B",null,"M","M","$","?","$","E","R","T","T","T","E","M","R","M","R","B",null,"M","?","M","$","T","R","?","M","T","$","M","$","M","E","R","B","B",null,"R","$","E","B",null],"character_chosen":"WATCHER","items_purchased":["Bag of Preparation","EmptyBody","EmptyBody","Apotheosis","SteroidPotion","Devotion","Vault+1","Dark Shackles","Pen Nib"],"campfire_rested":3,"item_purchase_floors":[5,5,20,22,22,38,44,44,46],"current_hp_per_floor":[61,41,41,41,41,41,41,41,41,41,41,41,33,35,35,29,58,54,56,56,50,50,29,29,29,29,29,17,19,39,41,41,45,62,64,72,74,74,74,74,74,76,76,76,78,78,80,82,82,62,63,77,82,82,71,22],"gold":114,"neow_bonus":"HUNDRED_GOLD","is_prod":false,"is_daily":false,"chose_seed":false,"campfire_upgraded":5,"win_rate":0,"timestamp":1569677380,"path_taken":["M","?","M","M","$","R","E","?","T","M","?","R","E","M","R","BOSS","M","M","$","?","$","E","R","?","T","?","E","?","R","M","R","BOSS","M","?","M","$","?","R","?","M","T","$","M","?","M","E","R","BOSS","BOSS","R","$","E","BOSS"],"build_version":"2019-09-27","purchased_purges":2,"victory":true,"max_hp_per_floor":[68,68,68,68,68,68,68,68,68,68,68,68,68,68,68,68,68,68,68,68,68,68,68,68,68,68,68,68,68,68,68,68,68,68,68,82,82,82,82,82,82,82,82,82,82,82,82,82,82,82,82,82,82,82,89,89],"card_choices":[{"not_picked":["PathToVictory","Crescendo"],"picked":"CrushJoints","floor":1},{"not_picked":["ThirdEye","EmptyBody"],"picked":"WheelKick","floor":3},{"not_picked":["JustLucky","ConjureBlade"],"picked":"Halt","floor":4},{"not_picked":["MasterReality","Swivel"],"picked":"FollowUp","floor":7},{"not_picked":["FlyingSleeves","MentalFortress"],"picked":"SashWhip","floor":10},{"not_picked":["CutThroughFate","WreathOfFlame"],"picked":"SandsOfTime","floor":11},{"not_picked":["FlowState","Weave"],"picked":"Meditate","floor":13},{"not_picked":["Perseverance","Consecrate"],"picked":"CutThroughFate","floor":14},{"not_picked":["ReachHeaven","Adaptation"],"picked":"Vault","floor":16},{"not_picked":["Consecrate","ForeignInfluence"],"picked":"JustLucky","floor":18},{"not_picked":["PathToVictory","Protect","JustLucky"],"picked":"SKIP","floor":19},{"not_picked":["EmptyFist","Scrawl+1"],"picked":"Halt","floor":23},{"not_picked":["EmptyMind","Protect"],"picked":"Swivel+1","floor":28},{"not_picked":["Perseverance","BowlingBash+1"],"picked":"Halt+1","floor":29},{"not_picked":["FollowUp","ReachHeaven"],"picked":"Crescendo+1","floor":31},{"not_picked":["CutThroughFate","CrushJoints","Protect"],"picked":"SKIP","floor":35},{"not_picked":["WheelKick","BattleHymn"],"picked":"Halt+1","floor":36},{"not_picked":["Crescendo+1","Consecrate"],"picked":"Indignation+1","floor":37},{"not_picked":["FollowUp+1","InnerPeace+1","BowlingBash+1"],"picked":"SKIP","floor":42},{"not_picked":["FlyingSleeves+1","Indignation"],"picked":"ClearTheMind+1","floor":45},{"not_picked":["CrushJoints+1","Protect+1","WreathOfFlame"],"picked":"SKIP","floor":47},{"not_picked":["Judgement","Wish","FlowState"],"picked":"SKIP","floor":48},{"not_picked":["Wireheading","JustLucky+1"],"picked":"Indignation","floor":55}],"player_experience":1317480,"relics_obtained":[{"floor":7,"key":"Happy Flower"},{"floor":8,"key":"Art of War"},{"floor":9,"key":"Centennial Puzzle"},{"floor":13,"key":"Blood Vial"},{"floor":23,"key":"Tiny Chest"},{"floor":25,"key":"CeramicFish"},{"floor":27,"key":"StrikeDummy"},{"floor":28,"key":"MawBank"},{"floor":36,"key":"Mango"},{"floor":39,"key":"Molten Egg 2"},{"floor":43,"key":"Pocketwatch"},{"floor":48,"key":"HornCleat"},{"floor":55,"key":"Strawberry"}],"event_choices":[{"damage_healed":0,"gold_gain":0,"player_choice":"Entered Light","damage_taken":20,"max_hp_gain":0,"max_hp_loss":0,"event_name":"Shining Light","floor":2,"gold_loss":0,"cards_upgraded":["CrushJoints","Defend_P"]},{"damage_healed":0,"gold_gain":0,"player_choice":"Relic","damage_taken":0,"max_hp_gain":0,"max_hp_loss":0,"event_name":"Wheel of Change","floor":8,"gold_loss":0},{"damage_healed":0,"gold_gain":0,"player_choice":"Joined the Cult","damage_taken":6,"max_hp_gain":0,"max_hp_loss":0,"event_name":"Nest","floor":21,"gold_loss":0,"cards_obtained":["RitualDagger"]},{"damage_healed":0,"gold_gain":0,"player_choice":"Fight","damage_taken":0,"max_hp_gain":0,"max_hp_loss":0,"event_name":"Mysterious Sphere","floor":36,"gold_loss":0},{"cards_removed":["FollowUp"],"damage_healed":0,"gold_gain":0,"player_choice":"Removed Attack","damage_taken":0,"max_hp_gain":0,"max_hp_loss":0,"event_name":"Falling","floor":41,"gold_loss":0}],"is_beta":true,"boss_relics":[{"not_picked":["SlaversCollar","Tiny House"],"picked":"Runic Pyramid"},{"not_picked":["Astrolabe","VioletLotus"],"picked":"Fusion Hammer"}],"items_purged_floors":[38,44],"is_endless":false,"potions_floor_spawned":[3,7,11,14,28,31,37,45,48,55],"ascension_level":20}