{"gold_per_floor":[119,119,294,304,10,10,26,36,36,70,145,161,4,4],"floor_reached":14,"playtime":518,"items_purged":[],"score":99,"play_id":"8d0aca31-672e-44e6-b2cb-e3b9f898bf95","local_time":"20190814082109","is_ascension_mode":true,"campfire_choices":[{"data":"Zap","floor":6,"key":"SMITH"}],"neow_cost":"NONE","seed_source_timestamp":202175689440958,"circlet_count":0,"master_deck":["Strike_B","Strike_B","Strike_B","Strike_B","Defend_B","Defend_B","Defend_B","Defend_B","Zap+1","Dualcast","Redo","Doubt","Conserve Battery","Sweeping Beam","Rainbow","Compile Driver","Beam Cell","Glacier","Thunder Strike","White Noise","Turbo","Conserve Battery","Cold Snap"],"relics":["Cracked Core","Art of War","Tiny Chest","Pen Nib","Gremlin Horn"],"potions_floor_usage":[10,10],"damage_taken":[{"damage":0,"enemies":"2 Louse","floor":1,"turns":3},{"damage":4,"enemies":"Small Slimes","floor":4,"turns":3},{"damage":0,"enemies":"Jaw Worm","floor":7,"turns":3},{"damage":26,"enemies":"Large Slime","floor":8,"turns":4},{"damage":16,"enemies":"3 Sentries","floor":10,"turns":8},{"damage":16,"enemies":"Exordium Thugs","floor":12,"turns":4},{"damage":25,"enemies":"Gremlin Nob","floor":14,"turns":4}],"seed_played":"-5289741910733396004","potions_obtained":[{"floor":4,"key":"Poison Potion"},{"floor":8,"key":"Regen Potion"},{"floor":12,"key":"SmokeBomb"}],"is_trial":false,"path_per_floor":["M","?","?","M","$","R","M","M","T","E","?","M","$","E"],"character_chosen":"DEFECT","items_purchased":["Sweeping Beam","Tiny Chest","Rainbow","Compile Driver","Turbo","Conserve Battery","Cold Snap"],"campfire_rested":0,"item_purchase_floors":[5,5,5,5,13,13,13],"current_hp_per_floor":[75,75,75,71,71,71,71,45,45,44,33,17,17,0],"gold":4,"neow_bonus":"RANDOM_COMMON_RELIC","is_prod":false,"is_daily":false,"chose_seed":false,"campfire_upgraded":1,"win_rate":0,"timestamp":1565781669,"path_taken":["M","?","?","M","$","R","M","M","T","E","?","?","$","E"],"build_version":"2019-07-17","purchased_purges":0,"victory":false,"max_hp_per_floor":[75,75,75,75,75,75,75,75,75,75,75,75,75,75],"card_choices":[{"not_picked":["Barrage","Aggregate"],"picked":"Redo","floor":1},{"not_picked":["Cold Snap","Consume"],"picked":"Conserve Battery","floor":4},{"not_picked":["Stack","Hologram"],"picked":"Beam Cell","floor":7},{"not_picked":["Beam Cell","Turbo"],"picked":"Glacier","floor":8},{"not_picked":["Stack","Steam"],"picked":"Thunder Strike","floor":10},{"not_picked":["Force Field","Rebound"],"picked":"White Noise","floor":12}],"player_experience":308169,"relics_obtained":[{"floor":9,"key":"Pen Nib"},{"floor":10,"key":"Gremlin Horn"}],"event_choices":[{"damage_healed":0,"gold_gain":0,"player_choice":"Ignored","damage_taken":0,"max_hp_gain":0,"max_hp_loss":0,"event_name":"Golden Wing","floor":2,"gold_loss":0},{"damage_healed":0,"gold_gain":175,"player_choice":"AGREE","damage_taken":0,"max_hp_gain":0,"max_hp_loss":0,"event_name":"Liars Game","floor":3,"gold_loss":0,"cards_obtained":["Doubt"]},{"damage_healed":0,"gold_gain":75,"player_choice":"Gather Gold","damage_taken":11,"max_hp_gain":0,"max_hp_loss":0,"event_name":"World of Goop","floor":11,"gold_loss":0}],"is_beta":false,"boss_relics":[],"items_purged_floors":[],"is_endless":false,"potions_floor_spawned":[4,8,12],"killed_by":"Gremlin Nob","ascension_level":2}