{"gold_per_floor":[114,114,114,84,104,137,137,137,190,202,21,62,121,181,181,327,327,350,383,115,149,67,67,132,132,132,132,132,57,57],"floor_reached":30,"playtime":1947,"items_purged":[],"score":522,"play_id":"234aa9a7-4d96-4b65-a132-7d39b532a367","local_time":"20190726200916","is_ascension_mode":true,"campfire_choices":[{"data":"Armaments","floor":7,"key":"SMITH"},{"data":"Flame Barrier","floor":10,"key":"SMITH"},{"data":"Bloodletting","floor":15,"key":"SMITH"},{"floor":23,"key":"REST"},{"floor":25,"key":"REST"},{"data":"Limit Break","floor":27,"key":"SMITH"}],"neow_cost":"NONE","seed_source_timestamp":396398042060511,"circlet_count":0,"master_deck":["AscendersBane","Strike_R","Strike_R","Strike_R","Strike_R","Defend_R","Defend_R","Defend_R","Defend_R","Bash","Flame Barrier+1","Armaments+1","Hemokinesis","HandOfGreed","Rupture","Clothesline","Bloodletting+1","Limit Break+1","Headbutt","HandOfGreed","Inflame","Flame Barrier","Flex","Cleave"],"relics":["Burning Blood","NeowsBlessing","Golden Idol","Pocketwatch","Happy Flower","MawBank","Pen Nib","Black Star","DollysMirror","Bottled Flame"],"potions_floor_usage":[13,14,14,14,16,18,19,21],"damage_taken":[{"damage":0,"enemies":"2 Louse","floor":1,"turns":1},{"damage":0,"enemies":"Cultist","floor":5,"turns":2},{"damage":0,"enemies":"Lagavulin","floor":6,"turns":1},{"damage":0,"enemies":"Small Slimes","floor":12,"turns":3},{"damage":6,"enemies":"Exordium Wildlife","floor":13,"turns":6},{"damage":16,"enemies":"3 Sentries","floor":14,"turns":6},{"damage":36,"enemies":"Slime Boss","floor":16,"turns":8},{"damage":9,"enemies":"Chosen","floor":18,"turns":3},{"damage":29,"enemies":"Shell Parasite","floor":19,"turns":5},{"damage":29,"enemies":"Snecko","floor":21,"turns":7},{"damage":39,"enemies":"3 Cultists","floor":24,"turns":6},{"damage":33,"enemies":"Slavers","floor":30,"turns":2}],"seed_played":"2655290951407889327","potions_obtained":[{"floor":4,"key":"EntropicBrew"},{"floor":4,"key":"Block Potion"},{"floor":13,"key":"LiquidBronze"},{"floor":14,"key":"SpeedPotion"},{"floor":16,"key":"Poison Potion"},{"floor":19,"key":"Energy Potion"}],"is_trial":false,"path_per_floor":["M","?","?","?","M","E","R","?","T","R","$","M","M","E","R","B",null,"M","M","$","M","$","R","M","R","T","R","?","?","E"],"character_chosen":"IRONCLAD","items_purchased":["HandOfGreed","DollysMirror","Inflame","Flex","Cleave"],"campfire_rested":2,"item_purchase_floors":[11,20,20,22,22],"current_hp_per_floor":[74,79,51,51,57,63,63,63,63,63,63,69,69,59,59,29,67,64,41,41,18,18,42,9,33,33,33,33,33,0],"gold":57,"neow_bonus":"THREE_ENEMY_KILL","is_prod":false,"is_daily":false,"chose_seed":false,"campfire_upgraded":4,"win_rate":0,"timestamp":1564186156,"path_taken":["M","?","?","?","?","E","R","?","T","R","$","M","M","E","R","BOSS","M","M","$","M","$","R","M","R","T","R","?","?","E"],"build_version":"2019-01-23","purchased_purges":0,"victory":false,"max_hp_per_floor":[75,80,80,80,80,80,80,80,80,80,80,80,80,80,80,80,80,80,80,80,80,80,80,80,80,80,80,80,80,80],"card_choices":[{"not_picked":["Heavy Blade","Evolve"],"picked":"Flame Barrier","floor":1},{"not_picked":["Second Wind","Heavy Blade"],"picked":"Armaments","floor":5},{"not_picked":["Havoc","Clash"],"picked":"Hemokinesis","floor":6},{"not_picked":["Sword Boomerang","Cleave"],"picked":"Rupture","floor":12},{"not_picked":["Disarm","Perfected Strike"],"picked":"Clothesline","floor":13},{"not_picked":["Barricade","Flex"],"picked":"Bloodletting","floor":14},{"not_picked":["Barricade","Immolate"],"picked":"Limit Break","floor":16},{"not_picked":["Anger","Metallicize"],"picked":"Headbutt","floor":18},{"not_picked":["Clash","Dropkick","Reckless Charge"],"picked":"SKIP","floor":19},{"not_picked":["Searing Blow+1","Havoc"],"picked":"Flame Barrier","floor":21},{"not_picked":["Blood for Blood","Havoc","Clash"],"picked":"SKIP","floor":24}],"player_experience":2734874,"relics_obtained":[{"floor":6,"key":"Pocketwatch"},{"floor":9,"key":"MawBank"},{"floor":14,"key":"Pen Nib"},{"floor":26,"key":"Bottled Flame"}],"event_choices":[{"damage_healed":0,"gold_gain":0,"player_choice":"Donut","damage_taken":0,"max_hp_gain":5,"max_hp_loss":0,"event_name":"Big Fish","floor":2,"gold_loss":0},{"damage_healed":0,"gold_gain":0,"player_choice":"Take Damage","damage_taken":28,"relics_obtained":["Golden Idol"],"max_hp_gain":0,"max_hp_loss":0,"event_name":"Golden Idol","floor":3,"gold_loss":0},{"damage_healed":0,"gold_gain":0,"player_choice":"Bought 2 Potions","damage_taken":0,"max_hp_gain":0,"max_hp_loss":0,"event_name":"The Woman in Blue","floor":4,"gold_loss":0},{"damage_healed":0,"gold_gain":0,"player_choice":"Searched \u00271\u0027 times","damage_taken":0,"relics_obtained":["Happy Flower"],"max_hp_gain":0,"max_hp_loss":0,"event_name":"Dead Adventurer","floor":8,"gold_loss":0},{"damage_healed":0,"gold_gain":0,"player_choice":"Ignored","damage_taken":0,"max_hp_gain":0,"max_hp_loss":0,"event_name":"Ghosts","floor":28,"gold_loss":0},{"cards_removed":["Strike_R"],"damage_healed":0,"gold_gain":0,"player_choice":"Gave Gold","damage_taken":0,"max_hp_gain":0,"max_hp_loss":0,"event_name":"Beggar","floor":29,"gold_loss":75}],"is_beta":false,"boss_relics":[{"not_picked":["Snecko Eye","Philosopher\u0027s Stone"],"picked":"Black Star"}],"items_purged_floors":[],"is_endless":false,"potions_floor_spawned":[6,13,14,16,19],"killed_by":"Slavers","ascension_level":20}