{"gold_per_floor":[115,215,231,244,244,244,259,285,337,354,371,5,39,39,39,141,141,158,175,189,189,205,205,220,42,42,42,141,141,167,24,24,121,121,137,21,21,33,43,43,74,74,98,132,132,9,9,24,24,24],"floor_reached":50,"playtime":3863,"items_purged":["Strike_G","Strike_G"],"score":560,"play_id":"a20fc5bb-67cc-45e6-9ba4-80d074f6cbe1","local_time":"20181229005709","is_ascension_mode":false,"campfire_choices":[{"data":"Neutralize","floor":6.0,"key":"SMITH"},{"floor":15.0,"key":"REST"},{"data":"Envenom","floor":23.0,"key":"SMITH"},{"floor":29.0,"key":"REST"},{"floor":32.0,"key":"RECALL"},{"data":"Terror","floor":40,"key":"SMITH"},{"floor":42,"key":"REST"},{"floor":45,"key":"REST"},{"data":"Bullet Time","floor":47,"key":"SMITH"},{"data":"Deflect","floor":49,"key":"SMITH"}],"neow_cost":"NONE","seed_source_timestamp":1251944628902387,"circlet_count":0,"master_deck":["Defend_G+1","Defend_G+1","Defend_G+1","Defend_G+1","Defend_G+1","Strike_G+1","Strike_G+1","Strike_G+1","Survivor","Neutralize+1","Masterful Stab","All Out Attack","Deflect+1","Backflip","Bouncing Flask","Backstab","Poisoned Stab","Die Die Die","Crippling Poison","Envenom+1","Noxious Fumes","Terror+1","Masterful Stab+1","Calculated Gamble+1","Outmaneuver+1","Backstab","Deflect","Apotheosis+1","Storm of Steel","Deflect+1","Catalyst","All Out Attack","Flying Knee","Bullet Time+1","Corpse Explosion","Accuracy"],"special_seed":0,"relics":["Ring of the Snake","NeowsBlessing","Question Card","Blood Vial","Vajra","Shuriken","Runic Pyramid","The Courier","Red Mask","Busted Crown","Happy Flower","Gremlin Horn","Juzu Bracelet","Anchor"],"potions_floor_usage":[50,50,50],"damage_taken":[{"damage":0.0,"enemies":"Jaw Worm","floor":1.0,"turns":1.0},{"damage":0.0,"enemies":"Cultist","floor":3.0,"turns":1.0},{"damage":0.0,"enemies":"2 Louse","floor":4.0,"turns":1.0},{"damage":1.0,"enemies":"2 Fungi Beasts","floor":7.0,"turns":3.0},{"damage":41.0,"enemies":"Lagavulin","floor":8.0,"turns":8.0},{"damage":8.0,"enemies":"Large Slime","floor":10.0,"turns":5.0},{"damage":3.0,"enemies":"Exordium Thugs","floor":11.0,"turns":5.0},{"damage":0.0,"enemies":"Gremlin Nob","floor":13.0,"turns":2.0},{"damage":40.0,"enemies":"Hexaghost","floor":16.0,"turns":10.0},{"damage":2.0,"enemies":"Chosen","floor":18.0,"turns":5.0},{"damage":15.0,"enemies":"Spheric Guardian","floor":19.0,"turns":5.0},{"damage":10.0,"enemies":"Centurion and Healer","floor":20.0,"turns":5.0},{"damage":7.0,"enemies":"Snecko","floor":22.0,"turns":5.0},{"damage":2.0,"enemies":"Cultist and Chosen","floor":24.0,"turns":5.0},{"damage":7.0,"enemies":"Masked Bandits","floor":30.0,"turns":3.0},{"damage":7.0,"enemies":"Automaton","floor":33.0,"turns":9.0},{"damage":8.0,"enemies":"3 Shapes","floor":35.0,"turns":4.0},{"damage":3.0,"enemies":"3 Darklings","floor":38.0,"turns":3.0},{"damage":8,"enemies":"Transient","floor":39,"turns":5},{"damage":13,"enemies":"Reptomancer","floor":41,"turns":6},{"damage":21,"enemies":"Nemesis","floor":44,"turns":6},{"damage":7,"enemies":"4 Shapes","floor":48,"turns":4},{"damage":93,"enemies":"Awakened One","floor":50,"turns":13}],"seed_played":"-4273760810364548450","potions_obtained":[{"floor":3.0,"key":"Swift Potion"},{"floor":8.0,"key":"Fire Potion"},{"floor":10.0,"key":"FairyPotion"},{"floor":16.0,"key":"Weak Potion"},{"floor":20.0,"key":"SkillPotion"},{"floor":24.0,"key":"Ancient Potion"},{"floor":30.0,"key":"Weak Potion"},{"floor":48,"key":"Regen Potion"}],"is_trial":false,"path_per_floor":["M","?","M","M","?","R","M","E","T","M","M","$","E","?","R","B",null,"M","M","M","?","M","R","M","$","T","?","?","R","?","$","R","B",null,"M","$","?","M","M","R","E","R","T","E","R","$","R","M","R","B"],"character_chosen":"THE_SILENT","items_purchased":["Blood Vial","Die Die Die","Backstab","Apotheosis","Happy Flower","Corpse Explosion","GhostInAJar"],"campfire_rested":4,"item_purchase_floors":[12,12,25,31,36,46,46],"current_hp_per_floor":[70,70,70,70,75,75,74,33,33,25,22,22,24,24,46,8,75,73,60,52,52,47,47,47,47,47,47,47,69,64,64,64,59,75,67,67,67,66,60,60,49,71,71,52,74,74,74,68,68,0],"gold":24,"neow_bonus":"THREE_ENEMY_KILL","is_prod":false,"is_daily":false,"chose_seed":false,"campfire_upgraded":5,"win_rate":0,"timestamp":1546063029,"path_taken":["M","?","?","M","?","R","M","E","T","M","M","$","E","?","R","BOSS","M","M","M","?","M","R","M","$","T","?","?","R","?","$","R","BOSS","M","$","?","M","M","R","E","R","T","E","R","?","R","M","R","BOSS"],"build_version":"2018-12-20","purchased_purges":2,"victory":false,"max_hp_per_floor":[70,70,70,70,75,75,75,75,75,75,75,75,75,75,75,75,75,75,75,75,75,75,75,75,75,75,75,75,75,75,75,75,75,75,75,75,75,75,75,75,75,75,75,75,75,75,75,75,75,75],"card_choices":[{"not_picked":["Bane","Underhanded Strike"],"picked":"Masterful Stab","floor":1.0},{"not_picked":["Outmaneuver","Dagger Spray"],"picked":"All Out Attack","floor":3.0},{"not_picked":["Underhanded Strike","Prepared"],"picked":"Deflect","floor":4.0},{"not_picked":["Slice","Riddle With Holes"],"picked":"Backflip","floor":7.0},{"not_picked":["Prepared","Acrobatics"],"picked":"Bouncing Flask","floor":8.0},{"not_picked":["Flechettes","Cloak And Dagger","Bane"],"picked":"Backstab","floor":10.0},{"not_picked":["Acrobatics","Distraction","Heel Hook"],"picked":"Poisoned Stab","floor":11.0},{"not_picked":["Outmaneuver","Eviscerate","Venomology"],"picked":"Crippling Poison","floor":13.0},{"not_picked":["Unload","Glass Knife","Die Die Die"],"picked":"Envenom","floor":16.0},{"not_picked":["Dagger Spray+1","Reflex","Prepared"],"picked":"Noxious Fumes","floor":18.0},{"not_picked":["Quick Slash","Sucker Punch","Escape Plan"],"picked":"Terror","floor":19.0},{"not_picked":["Quick Slash","Accuracy","Footwork"],"picked":"Masterful Stab+1","floor":20.0},{"not_picked":["Bane+1","Finisher","Bouncing Flask"],"picked":"Calculated Gamble+1","floor":22.0},{"not_picked":["Dagger Throw+1","Leg Sweep","Deflect"],"picked":"Outmaneuver+1","floor":24.0},{"not_picked":["Poisoned Stab","Endless Agony","Backflip"],"picked":"Deflect","floor":30.0},{"not_picked":["Night Terror","Grand Finale","Wraith Form v2"],"picked":"Storm of Steel","floor":33.0},{"not_picked":["Prepared"],"picked":"Deflect+1","floor":35.0},{"not_picked":["Noxious Fumes+1"],"picked":"Catalyst","floor":38.0},{"not_picked":["Predator+1"],"picked":"All Out Attack","floor":39},{"not_picked":["Deadly Poison+1"],"picked":"Flying Knee","floor":41},{"not_picked":["Crippling Poison"],"picked":"Bullet Time","floor":44},{"not_picked":["Outmaneuver"],"picked":"Accuracy","floor":48}],"player_experience":2135967,"relics_obtained":[{"floor":8.0,"key":"Question Card"},{"floor":13.0,"key":"Vajra"},{"floor":26.0,"key":"The Courier"},{"floor":30.0,"key":"Red Mask"},{"floor":41,"key":"Gremlin Horn"},{"floor":43,"key":"Juzu Bracelet"},{"floor":44,"key":"Anchor"}],"event_choices":[{"damage_healed":0.0,"max_hp_gain":0.0,"max_hp_loss":0.0,"gold_gain":100.0,"event_name":"Wheel of Change","player_choice":"Gold","floor":2.0,"gold_loss":0.0,"damage_taken":0.0},{"damage_healed":0.0,"max_hp_gain":5.0,"max_hp_loss":0.0,"gold_gain":0.0,"event_name":"Big Fish","player_choice":"Donut","floor":5.0,"gold_loss":0.0,"damage_taken":0.0},{"damage_healed":0.0,"max_hp_gain":0.0,"max_hp_loss":0.0,"gold_gain":0.0,"event_name":"Dead Adventurer","player_choice":"Searched \u00271\u0027 times","floor":14.0,"gold_loss":0.0,"damage_taken":0.0,"relics_obtained":["Shuriken"]},{"damage_healed":0.0,"max_hp_gain":0.0,"max_hp_loss":0.0,"gold_gain":0.0,"event_name":"Ghosts","player_choice":"Ignored","floor":21.0,"gold_loss":0.0,"damage_taken":0.0},{"damage_healed":0.0,"max_hp_gain":0.0,"max_hp_loss":0.0,"gold_gain":0.0,"event_name":"Back to Basics","player_choice":"Simplicity","floor":27.0,"gold_loss":0.0,"damage_taken":0.0,"cards_upgraded":["Defend_G","Defend_G","Defend_G","Defend_G","Defend_G","Strike_G","Strike_G","Strike_G"]},{"damage_healed":0.0,"max_hp_gain":0.0,"max_hp_loss":0.0,"gold_gain":99.0,"event_name":"Nest","player_choice":"Stole From Cult","floor":28.0,"gold_loss":0.0,"damage_taken":0.0},{"damage_healed":0.0,"max_hp_gain":0.0,"max_hp_loss":0.0,"gold_gain":0.0,"event_name":"Masked Bandits","player_choice":"Fought Bandits","floor":30.0,"gold_loss":0.0,"damage_taken":0.0},{"damage_healed":0.0,"max_hp_gain":0.0,"max_hp_loss":0.0,"gold_gain":0.0,"event_name":"Upgrade Shrine","player_choice":"Upgraded","floor":37.0,"gold_loss":0.0,"damage_taken":0.0,"cards_upgraded":["Apotheosis"]}],"is_beta":false,"boss_relics":[{"not_picked":["Black Star","Fusion Hammer"],"picked":"Runic Pyramid"},{"not_picked":["Snecko Eye","Coffee Dripper"],"picked":"Busted Crown"}],"items_purged_floors":[12,25],"is_endless":false,"potions_floor_spawned":[3,8,10,16,18,20,24,30,39,41,48],"killed_by":"Awakened One","ascension_level":0}