{"gold_per_floor":[114,130,142,152,152,152,179,179,179,179,179,179,48,64,64,166,166,181,181,181,200,235,235,235,251,277,292,14,14,32,46,46,46],"floor_reached":33,"playtime":2107,"items_purged":[],"score":321,"play_id":"0c767f19-adef-4edb-a6ed-2f23c7aa5bee","local_time":"20180819172139","is_ascension_mode":true,"campfire_choices":[{"data":"Seeing Red","floor":6,"key":"SMITH"},{"data":"Disarm","floor":8,"key":"SMITH"},{"data":"Bash","floor":10,"key":"SMITH"},{"data":"Bloodletting","floor":12,"key":"SMITH"},{"floor":15,"key":"REST"},{"floor":23,"key":"REST"},{"floor":29,"key":"REST"},{"floor":32,"key":"REST"}],"neow_cost":"NONE","seed_source_timestamp":150606003308027,"circlet_count":0,"master_deck":["Strike_R+1","Strike_R","Strike_R","Strike_R","Strike_R","Defend_R","Defend_R","Defend_R","Bash+1","Shrug It Off","Seeing Red+1","Clash","Disarm+1","Bloodletting+1","Purity","Burning Pact","Hemokinesis","Immolate","Pommel Strike+1","Disarm+1","Shrug It Off","Power Through","Cleave","Parasite","Reckless Charge","Clash","Inflame+1","Pommel Strike+1"],"relics":["Burning Blood","Pen Nib","Happy Flower","Mercury Hourglass","Cursed Key","Red Mask","Whetstone","Shuriken"],"potions_floor_usage":[7,7,7,16,16,22,27,31],"damage_taken":[{"damage":11,"enemies":"Cultist","floor":1,"turns":4},{"damage":15,"enemies":"Small Slimes","floor":2,"turns":3},{"damage":0,"enemies":"2 Louse","floor":3,"turns":3},{"damage":5,"enemies":"Gremlin Gang","floor":4,"turns":8},{"damage":2,"enemies":"Gremlin Nob","floor":7,"turns":3},{"damage":20,"enemies":"Exordium Wildlife","floor":14,"turns":3},{"damage":40,"enemies":"Slime Boss","floor":16,"turns":8},{"damage":7,"enemies":"3 Byrds","floor":18,"turns":4},{"damage":7,"enemies":"Chosen","floor":21,"turns":3},{"damage":33,"floor":22,"turns":5},{"damage":23,"enemies":"Centurion and Healer","floor":25,"turns":4},{"damage":27,"enemies":"Snake Plant","floor":27,"turns":4},{"damage":3,"enemies":"Cultist and Chosen","floor":30,"turns":3},{"damage":12,"enemies":"Centurion and Healer","floor":31,"turns":2},{"damage":84,"enemies":"Collector","floor":33,"turns":7}],"seed_played":"6351515502647049014","potions_obtained":[{"floor":1,"key":"FearPotion"},{"floor":4,"key":"BloodPotion"},{"floor":5,"key":"EntropicBrew"},{"floor":5,"key":"Poison Potion"},{"floor":14,"key":"FearPotion"},{"floor":25,"key":"LiquidBronze"},{"floor":30,"key":"Swift Potion"}],"is_trial":false,"path_per_floor":["M","M","M","M","?","R","E","R","T","R","?","R","$","M","R","B",null,"M","?","?","M","?","R","?","M","T","M","$","R","M","M","R"],"character_chosen":"IRONCLAD","items_purchased":["Purity","Burning Pact","Shuriken","Clash"],"campfire_rested":4,"item_purchase_floors":[13,13,28,28],"current_hp_per_floor":[67,58,64,65,65,65,69,69,69,69,69,69,69,55,79,45,71,70,70,70,69,42,66,66,49,49,28,28,52,55,49,73,0],"gold":46,"neow_bonus":"RANDOM_COMMON_RELIC","is_prod":false,"is_daily":false,"chose_seed":false,"campfire_upgraded":4,"win_rate":0,"timestamp":1534713699,"path_taken":["M","?","M","?","?","R","E","R","T","R","?","R","$","?","R","BOSS","M","?","?","?","?","R","?","M","T","?","$","R","?","M","R","BOSS"],"build_version":"2018-08-09","purchased_purges":0,"victory":false,"max_hp_per_floor":[80,80,80,80,80,80,80,80,80,80,80,80,80,80,80,80,80,80,80,80,80,80,80,80,80,80,80,80,80,80,80,80,80],"card_choices":[{"not_picked":["True Grit","Feel No Pain"],"picked":"Shrug It Off","floor":1},{"not_picked":["Twin Strike","Rampage"],"picked":"Seeing Red","floor":2},{"not_picked":["Warcry","Limit Break"],"picked":"Clash","floor":3},{"not_picked":["Cleave","Entrench"],"picked":"Disarm","floor":4},{"not_picked":["Cleave","Heavy Blade"],"picked":"Bloodletting","floor":7},{"not_picked":["Armaments","Heavy Blade"],"picked":"Hemokinesis","floor":14},{"not_picked":["Exhume","Juggernaut"],"picked":"Immolate","floor":16},{"not_picked":["Body Slam","Havoc"],"picked":"Pommel Strike","floor":18},{"not_picked":["Twin Strike+1","Wild Strike"],"picked":"Shrug It Off","floor":21},{"not_picked":["Pommel Strike","Clothesline"],"picked":"Power Through","floor":22},{"not_picked":["Anger","Sever Soul"],"picked":"Cleave","floor":25},{"not_picked":["Immolate","Sword Boomerang"],"picked":"Reckless Charge","floor":27},{"not_picked":["Pummel","Havoc"],"picked":"Inflame+1","floor":30},{"not_picked":["Wild Strike+1","Cleave"],"picked":"Pommel Strike+1","floor":31}],"player_experience":1554255,"relics_obtained":[{"floor":7,"key":"Happy Flower"},{"floor":9,"key":"Mercury Hourglass"},{"floor":22,"key":"Red Mask"},{"floor":26,"key":"Whetstone"}],"event_choices":[{"event_name":"The Lab","player_choice":"Got Potions","floor":5,"damage_taken":0},{"event_name":"Liars Game","player_choice":"disagreed","floor":11,"damage_taken":0},{"event_name":"Duplicator","player_choice":"One dupe","floor":19,"damage_taken":0},{"event_name":"Ghosts","player_choice":"Ignored","floor":20,"damage_taken":0},{"event_name":"Masked Bandits","player_choice":"Fought Bandits","floor":22,"damage_taken":0},{"event_name":"Back to Basics","player_choice":"Elegance","floor":24,"damage_taken":0}],"is_beta":false,"boss_relics":[{"not_picked":["Busted Crown","Snecko Eye"],"picked":"Cursed Key"}],"items_purged_floors":[],"is_endless":false,"potions_floor_spawned":[1,4,14,25,30],"killed_by":"Collector","ascension_level":6}