{"gold_per_floor":[369,83,98,109,121,146,146,179,231,231,260,272,272,304,304,381,381,392,392,392,403,413,413,429,429,452,480,480,494,494,505,505,505],"floor_reached":33,"playtime":4380,"items_purged":["Regret"],"score":594,"play_id":"40a3d23e-1374-4a8a-bbe5-282ac8c01ade","local_time":"20190825024555","is_ascension_mode":true,"campfire_choices":[{"floor":7.0,"key":"REST"},{"floor":10.0,"key":"REST"},{"data":"Blind","floor":13.0,"key":"SMITH"},{"data":"Metallicize","floor":15.0,"key":"SMITH"},{"floor":23,"key":"REST"},{"floor":25,"key":"REST"},{"floor":28,"key":"REST"},{"floor":32,"key":"REST"}],"neow_cost":"CURSE","seed_source_timestamp":0,"circlet_count":0,"master_deck":["AscendersBane","Strike_R","Strike_R","Strike_R","Strike_R","Strike_R","Defend_R","Defend_R","Defend_R","Defend_R","Bash","Hemokinesis","Carnage","Power Through","Blind+1","Metallicize+1","Twin Strike","Headbutt","Metallicize","Headbutt","Shrug It Off","Cleave","Cleave","Feed","True Grit","J.A.X.","Combust","Rampage","Rupture","Disarm","Headbutt+1"],"special_seed":0,"relics":["Burning Blood","Art of War","The Courier","PreservedInsect","Blood Vial","Gambling Chip","Lizard Tail","Centennial Puzzle","Ornamental Fan"],"potions_floor_usage":[24,27,33,33],"damage_taken":[{"damage":5.0,"enemies":"2 Louse","floor":1.0,"turns":3.0},{"damage":5.0,"enemies":"Jaw Worm","floor":3.0,"turns":3.0},{"damage":7.0,"enemies":"Cultist","floor":4.0,"turns":3.0},{"damage":21.0,"enemies":"Gremlin Gang","floor":5.0,"turns":5.0},{"damage":26.0,"enemies":"Gremlin Nob","floor":6.0,"turns":4.0},{"damage":30.0,"enemies":"3 Sentries","floor":8.0,"turns":8.0},{"damage":11.0,"enemies":"Gremlin Nob","floor":11.0,"turns":3.0},{"damage":4.0,"enemies":"Large Slime","floor":12.0,"turns":5.0},{"damage":12.0,"enemies":"3 Sentries","floor":14.0,"turns":5.0},{"damage":5.0,"enemies":"The Guardian","floor":16.0,"turns":14.0},{"damage":16.0,"enemies":"Chosen","floor":18.0,"turns":6.0},{"damage":44.0,"enemies":"Colosseum Slavers","floor":20.0,"turns":6.0},{"damage":24.0,"enemies":"3 Byrds","floor":21.0,"turns":7.0},{"damage":15.0,"enemies":"3 Cultists","floor":22.0,"turns":5.0},{"damage":40,"enemies":"Snake Plant","floor":24,"turns":6},{"damage":59,"enemies":"Slavers","floor":27,"turns":7},{"damage":30,"enemies":"Sentry and Sphere","floor":29,"turns":8},{"damage":24,"enemies":"Cultist and Chosen","floor":31,"turns":6},{"damage":55,"enemies":"Champ","floor":33,"turns":9}],"seed_played":"4483454150916805417","potions_obtained":[{"floor":4.0,"key":"SteroidPotion"},{"floor":6.0,"key":"Swift Potion"},{"floor":11.0,"key":"Strength Potion"},{"floor":12.0,"key":"BloodPotion"},{"floor":21.0,"key":"SpeedPotion"},{"floor":22.0,"key":"GamblersBrew"},{"floor":31,"key":"EntropicBrew"}],"is_trial":false,"path_per_floor":["M","$","M","M","M","E","R","E","T","R","E","M","R","E","R","B",null,"M","?","?","M","M","R","M","R","T","E","R","M","?","M","R","B"],"character_chosen":"IRONCLAD","items_purchased":["Carnage","Power Through","Blind"],"campfire_rested":6,"item_purchase_floors":[2,2,2],"current_hp_per_floor":[69,69,70,69,54,34,56,32,32,54,49,53,53,56,56,59,71,63,63,27,14,7,30,37,60,60,12,36,17,34,18,43,0],"gold":505,"neow_bonus":"TWO_FIFTY_GOLD","is_prod":false,"is_daily":false,"chose_seed":false,"campfire_upgraded":2,"win_rate":0,"timestamp":1566715555,"path_taken":["M","$","M","M","M","E","R","E","T","R","E","M","R","E","R","BOSS","M","?","?","M","M","R","?","R","T","E","R","M","?","M","R","BOSS"],"build_version":"2019-01-23","purchased_purges":1,"victory":false,"max_hp_per_floor":[75,75,75,75,75,75,75,75,75,75,75,75,75,75,75,75,75,75,75,75,78,78,78,78,78,78,81,81,84,84,84,84,84],"card_choices":[{"not_picked":["Whirlwind","Sword Boomerang"],"picked":"Hemokinesis","floor":1.0},{"not_picked":["Havoc","Pummel"],"picked":"Metallicize","floor":3.0},{"not_picked":["Hemokinesis","Heavy Blade"],"picked":"Twin Strike","floor":4.0},{"not_picked":["Ghostly Armor","Clash"],"picked":"Headbutt","floor":5.0},{"not_picked":["Sword Boomerang","Armaments"],"picked":"Metallicize","floor":6.0},{"not_picked":["Berserk","Iron Wave"],"picked":"Headbutt","floor":8.0},{"not_picked":["Iron Wave","Rage"],"picked":"Shrug It Off","floor":11.0},{"not_picked":["Whirlwind","Fire Breathing"],"picked":"Cleave","floor":12.0},{"not_picked":["Hemokinesis","Whirlwind"],"picked":"Cleave","floor":14.0},{"not_picked":["Exhume","Bludgeon"],"picked":"Feed","floor":16.0},{"not_picked":["Clash","Wild Strike+1"],"picked":"True Grit","floor":18.0},{"not_picked":["Hemokinesis","Headbutt"],"picked":"Combust","floor":21.0},{"not_picked":["Thunderclap","Twin Strike"],"picked":"Rampage","floor":22.0},{"not_picked":["Wild Strike","Perfected Strike","Cleave"],"picked":"SKIP","floor":24},{"not_picked":["Sword Boomerang","Brutality"],"picked":"Rupture","floor":27},{"not_picked":["Wild Strike","Infernal Blade"],"picked":"Disarm","floor":29},{"not_picked":["Pommel Strike","Searing Blow+1"],"picked":"Headbutt+1","floor":31}],"player_experience":2841599,"relics_obtained":[{"floor":6.0,"key":"Art of War"},{"floor":8.0,"key":"The Courier"},{"floor":9.0,"key":"PreservedInsect"},{"floor":11.0,"key":"Blood Vial"},{"floor":14.0,"key":"Gambling Chip"},{"floor":26,"key":"Centennial Puzzle"},{"floor":27,"key":"Ornamental Fan"}],"event_choices":[{"damage_healed":0.0,"max_hp_gain":0.0,"max_hp_loss":0.0,"gold_gain":0.0,"event_name":"Drug Dealer","player_choice":"Obtain J.A.X.","floor":19.0,"gold_loss":0.0,"damage_taken":0.0,"cards_obtained":["J.A.X."]},{"damage_healed":0.0,"max_hp_gain":0.0,"max_hp_loss":0.0,"gold_gain":0.0,"event_name":"Colosseum","player_choice":"Fight","floor":20.0,"gold_loss":0.0,"damage_taken":0.0},{"damage_healed":0.0,"max_hp_gain":0.0,"max_hp_loss":0.0,"gold_gain":0.0,"event_name":"Colosseum","player_choice":"Fled From Nobs","floor":20.0,"gold_loss":0.0,"damage_taken":0.0},{"damage_healed":17,"gold_gain":0,"player_choice":"Heal","damage_taken":0,"max_hp_gain":0,"max_hp_loss":0,"event_name":"The Library","floor":30,"gold_loss":0}],"is_beta":false,"boss_relics":[{"not_picked":["Snecko Eye","Runic Dome"],"picked":"Lizard Tail"}],"items_purged_floors":[2],"is_endless":false,"potions_floor_spawned":[4,6,11,12,20,21,22,31],"killed_by":"Champ","ascension_level":20}