{"gold_per_floor":[115,40,115,128,139,139,170,170,170,180,180,46,46,57,57,57],"floor_reached":16,"playtime":895,"items_purged":[],"score":200,"play_id":"2a487ec3-bae9-49a3-ad40-e01d173e2c9f","local_time":"20190921213813","is_ascension_mode":true,"campfire_choices":[{"data":"SashWhip","floor":6,"key":"SMITH"},{"data":"Eruption","floor":8,"key":"SMITH"},{"data":"Sanctity","floor":11,"key":"SMITH"},{"data":"Crescendo","floor":13,"key":"SMITH"},{"data":"ClearTheMind","floor":15,"key":"SMITH"}],"neow_cost":"NONE","seed_source_timestamp":35661437803714,"circlet_count":0,"master_deck":["AscendersBane","Strike_P","Strike_P","Strike_P","Defend_P","Defend_P","Defend_P","Defend_P","Eruption+1","Vigilance","SashWhip+1","Sanctity+1","EmptyBody","EmptyMind","EmptyFist","FollowUp","Crescendo+1","ClearTheMind+1"],"relics":["PureWater","Strawberry","InkBottle","Shuriken"],"potions_floor_usage":[7],"damage_taken":[{"damage":0,"enemies":"Cultist","floor":1,"turns":2},{"damage":7,"enemies":"Small Slimes","floor":4,"turns":4},{"damage":0,"enemies":"Jaw Worm","floor":5,"turns":3},{"damage":30,"enemies":"Gremlin Nob","floor":7,"turns":4},{"damage":8,"enemies":"Large Slime","floor":10,"turns":8},{"damage":6,"enemies":"Exordium Thugs","floor":14,"turns":4},{"damage":25,"enemies":"Hexaghost","floor":16,"turns":9}],"seed_played":"-59856132525844394","potions_obtained":[{"floor":1,"key":"Strength Potion"},{"floor":7,"key":"FairyPotion"}],"is_trial":false,"path_per_floor":["M","?","?","M","M","R","E","R","T","M","R","$","R","M","R","B"],"character_chosen":"WATCHER","items_purchased":["FollowUp","Crescendo","SteroidPotion"],"campfire_rested":0,"item_purchase_floors":[12,12,12],"current_hp_per_floor":[62,62,51,44,44,44,14,14,14,6,6,6,6,20,20,0],"gold":57,"neow_bonus":"RANDOM_COMMON_RELIC","is_prod":false,"is_daily":false,"chose_seed":false,"campfire_upgraded":5,"win_rate":0,"timestamp":1569058693,"path_taken":["M","?","?","M","M","R","E","R","T","M","R","?","R","M","R","BOSS"],"build_version":"2019-09-20","purchased_purges":0,"victory":false,"max_hp_per_floor":[68,68,68,68,68,68,68,68,68,68,68,68,68,68,68,68],"card_choices":[{"not_picked":["Wireheading","ClearTheMind"],"picked":"SashWhip","floor":1},{"not_picked":["WreathOfFlame","Halt"],"picked":"Sanctity","floor":4},{"not_picked":["JustLucky","Wireheading"],"picked":"EmptyBody","floor":5},{"not_picked":["Sanctity","FlowState"],"picked":"EmptyMind","floor":7},{"not_picked":["WreathOfFlame","JustLucky"],"picked":"EmptyFist","floor":10},{"not_picked":["ThirdEye","FollowUp"],"picked":"ClearTheMind","floor":14}],"player_experience":1169646,"relics_obtained":[{"floor":7,"key":"InkBottle"},{"floor":9,"key":"Shuriken"}],"event_choices":[{"cards_removed":["Strike_P"],"damage_healed":0,"gold_gain":0,"player_choice":"Card Removal","damage_taken":0,"max_hp_gain":0,"max_hp_loss":0,"event_name":"The Cleric","floor":2,"gold_loss":75},{"damage_healed":0,"gold_gain":75,"player_choice":"Gather Gold","damage_taken":11,"max_hp_gain":0,"max_hp_loss":0,"event_name":"World of Goop","floor":3,"gold_loss":0}],"is_beta":true,"boss_relics":[],"items_purged_floors":[],"is_endless":false,"potions_floor_spawned":[1,7],"killed_by":"Hexaghost","ascension_level":20}