{"gold_per_floor":[130,142,165,191,173,216,228,255,319,331,443,31,42,53,53,149,149,159,159,37,37,47,79,79,108,133,133,5,22,22,53,53,53],"floor_reached":33,"playtime":2538,"items_purged":["Strike_B"],"score":404,"play_id":"5c102be6-1971-4393-a4d0-275dda84aded","local_time":"20180814001530","is_ascension_mode":true,"campfire_choices":[{"floor":7,"key":"REST"},{"floor":10,"key":"REST"},{"data":"Beam Cell","floor":15,"key":"SMITH"},{"floor":27,"key":"REST"},{"floor":30,"key":"REST"},{"floor":32,"key":"REST"}],"neow_cost":"NONE","seed_source_timestamp":55723163370963,"circlet_count":0,"master_deck":["Strike_B","Strike_B+1","Strike_B","Defend_B+1","Defend_B","Defend_B","Defend_B","Zap+1","Dualcast","Conserve Battery","Gash","Rebound","Beam Cell+1","Gash","Conserve Battery","Gash+1","Leap+1","All For One","Steam+1","Injury","Hologram","Gash+1","Turbo+1","Stack+1","Steam Power","Beam Cell","Reprogram+1","Ball Lightning"],"relics":["Cracked Core","MawBank","Dodecahedron","Bag of Marbles","Meat on the Bone","Regal Pillow","Black Star","Vajra","Whetstone","Blood Vial","War Paint","Orichalcum","Mummified Hand","Frozen Egg 2"],"potions_floor_usage":[6,8,16,16,23,25,31,33],"damage_taken":[{"damage":8,"enemies":"2 Louse","floor":1,"turns":2},{"damage":2,"enemies":"Cultist","floor":3,"turns":5},{"damage":7,"enemies":"Jaw Worm","floor":4,"turns":4},{"damage":25,"enemies":"Lagavulin","floor":6,"turns":6},{"damage":12,"enemies":"Exordium Thugs","floor":8,"turns":4},{"damage":0,"enemies":"Large Slime","floor":13,"turns":4},{"damage":0,"enemies":"Looter","floor":14,"turns":3},{"damage":42,"enemies":"Slime Boss","floor":16,"turns":11},{"damage":21,"enemies":"Shell Parasite","floor":18,"turns":5},{"damage":0,"enemies":"Spheric Guardian","floor":22,"turns":2},{"damage":27,"enemies":"Slavers","floor":23,"turns":4},{"damage":17,"enemies":"Gremlin Leader","floor":25,"turns":4},{"damage":33,"enemies":"Centurion and Healer","floor":29,"turns":4},{"damage":50,"enemies":"Slavers","floor":31,"turns":8},{"damage":97,"enemies":"Collector","floor":33,"turns":7}],"seed_played":"8804977326748919618","potions_obtained":[{"floor":1,"key":"Weak Potion"},{"floor":5,"key":"PowerPotion"},{"floor":5,"key":"SkillPotion"},{"floor":8,"key":"Dexterity Potion"},{"floor":13,"key":"SteroidPotion"},{"floor":23,"key":"LiquidBronze"},{"floor":29,"key":"SpeedPotion"},{"floor":31,"key":"Block Potion"}],"is_trial":false,"path_per_floor":["M","?","M","M","?","E","R","M","T","R","?","$","M","M","R","B",null,"M","?","$","?","M","E","?","E","T","R","$","M","R","E","R"],"character_chosen":"DEFECT","items_purchased":["Meat on the Bone","Regal Pillow","Conserve Battery","Hologram","Steam Power","Beam Cell"],"campfire_rested":5,"item_purchase_floors":[12,12,12,20,28,28],"current_hp_per_floor":[67,72,70,63,63,38,62,50,50,74,74,74,74,74,74,44,71,50,50,50,50,50,35,80,63,63,80,80,47,80,42,80,0],"gold":53,"neow_bonus":"RANDOM_COMMON_RELIC","is_prod":false,"is_daily":false,"chose_seed":false,"campfire_upgraded":1,"win_rate":0,"timestamp":1534220130,"path_taken":["M","?","?","M","?","E","R","M","T","R","?","$","?","M","R","BOSS","M","?","$","?","M","E","?","E","T","R","?","M","R","E","R","BOSS"],"build_version":"2018-08-09","purchased_purges":1,"victory":false,"max_hp_per_floor":[75,80,80,80,80,80,80,80,80,80,80,80,80,80,80,80,80,80,80,80,80,80,80,80,80,80,80,80,80,80,80,80,80],"card_choices":[{"not_picked":["Consume","Scrape"],"picked":"Conserve Battery","floor":1},{"not_picked":["Recycle","Streamline"],"picked":"Gash","floor":3},{"not_picked":["Compile Driver","Ball Lightning"],"picked":"Rebound","floor":4},{"not_picked":["Stack","Reprogram"],"picked":"Beam Cell","floor":6},{"not_picked":["Chill","Machine Learning"],"picked":"Gash","floor":8},{"not_picked":["Undo","Double Energy"],"picked":"Gash","floor":13},{"not_picked":["Stack","Hello World"],"picked":"Leap","floor":14},{"not_picked":["Fission","Meteor Strike"],"picked":"All For One","floor":16},{"not_picked":["Barrage+1","Streamline+1"],"picked":"Steam+1","floor":18},{"not_picked":["Hello World","Barrage"],"picked":"Gash+1","floor":22},{"not_picked":["Redo","Aggregate+1"],"picked":"Turbo+1","floor":23},{"not_picked":["Beam Cell+1","Leap"],"picked":"Stack+1","floor":25},{"not_picked":["Beam Cell+1","Reboot"],"picked":"Reprogram+1","floor":29},{"not_picked":["Conserve Battery","Turbo"],"picked":"Ball Lightning","floor":31}],"player_experience":1524185,"relics_obtained":[{"floor":6,"key":"Dodecahedron"},{"floor":9,"key":"Bag of Marbles"},{"floor":23,"key":"Vajra"},{"floor":23,"key":"Whetstone"},{"floor":25,"key":"Blood Vial"},{"floor":25,"key":"War Paint"},{"floor":26,"key":"Orichalcum"},{"floor":31,"key":"Mummified Hand"},{"floor":31,"key":"Frozen Egg 2"}],"event_choices":[{"event_name":"Big Fish","player_choice":"Donut","floor":2,"damage_taken":0},{"event_name":"The Woman in Blue","player_choice":"Bought 2 Potions","floor":5,"damage_taken":0},{"event_name":"Golden Shrine","player_choice":"Pray","floor":11,"damage_taken":0},{"event_name":"Accursed Blacksmith","player_choice":"Forge","floor":19,"damage_taken":0},{"event_name":"Ghosts","player_choice":"Ignored","floor":21,"damage_taken":0},{"event_name":"Wheel of Change","player_choice":"Full Heal","floor":24,"damage_taken":0}],"is_beta":false,"boss_relics":[{"not_picked":["Nuclear Battery","Orrery"],"picked":"Black Star"}],"items_purged_floors":[20],"is_endless":false,"potions_floor_spawned":[1,8,13,23,29,31],"killed_by":"Collector","ascension_level":5}