{"gold_per_floor":[119,194,213,34,47,47,82,82,133,162,162,175,210,225,225,299,299,312,345,365,5,5,5],"floor_reached":23,"playtime":1905,"items_purged":["Strike_R"],"score":418,"play_id":"afa87e7a-24be-460d-b147-b5572f5349a0","local_time":"20190804233602","is_ascension_mode":true,"campfire_choices":[{"floor":6,"key":"REST"},{"data":"Uppercut","floor":8,"key":"SMITH"},{"data":"Rage","floor":11,"key":"SMITH"},{"data":"Combust","floor":15,"key":"SMITH"}],"neow_cost":"NONE","seed_source_timestamp":552586323046349,"circlet_count":0,"master_deck":["AscendersBane","Strike_R","Strike_R","Strike_R","Defend_R","Defend_R","Defend_R+1","Defend_R+1","Bash","Hemokinesis","Rage+1","Carnage","Anger","Inflame","Twin Strike","Uppercut+1","Combust+1","Thunderclap","Anger","Rupture","Offering","Pummel","Metallicize","Sword Boomerang","Impervious","Spot Weakness","Whirlwind+1","Bludgeon","Disarm"],"relics":["Burning Blood","War Paint","Happy Flower","Anchor","Blood Vial","Orrery","Red Mask","Chemical X"],"potions_floor_usage":[1,7,12,13,16,20],"damage_taken":[{"damage":16,"enemies":"Jaw Worm","floor":1,"turns":6},{"damage":4,"enemies":"2 Louse","floor":3,"turns":2},{"damage":18,"enemies":"Small Slimes","floor":5,"turns":3},{"damage":14,"enemies":"Gremlin Nob","floor":7,"turns":3},{"damage":15,"enemies":"3 Sentries","floor":10,"turns":5},{"damage":0,"enemies":"Exordium Thugs","floor":12,"turns":2},{"damage":33,"enemies":"Lagavulin","floor":13,"turns":6},{"damage":1,"enemies":"3 Louse","floor":14,"turns":3},{"damage":18,"enemies":"Slime Boss","floor":16,"turns":7},{"damage":14,"enemies":"Spheric Guardian","floor":18,"turns":5},{"damage":29,"enemies":"Masked Bandits","floor":19,"turns":6},{"damage":37,"enemies":"3 Byrds","floor":20,"turns":6},{"damage":37,"enemies":"Snecko","floor":23,"turns":3}],"seed_played":"-1956194791545389732","potions_obtained":[{"floor":0,"key":"PowerPotion"},{"floor":0,"key":"SneckoOil"},{"floor":7,"key":"Regen Potion"},{"floor":10,"key":"Explosive Potion"},{"floor":13,"key":"Regen Potion"},{"floor":16,"key":"Regen Potion"}],"is_trial":false,"path_per_floor":["M","?","M","$","M","R","E","R","T","E","R","M","E","M","R","B",null,"M","?","M","$","?","M"],"character_chosen":"IRONCLAD","items_purchased":["Carnage","Anger","Inflame","Chemical X","Bludgeon"],"campfire_rested":1,"item_purchase_floors":[4,4,4,21,21],"current_hp_per_floor":[58,47,49,49,37,59,51,51,51,42,42,48,36,43,43,48,68,62,41,24,24,24,0],"gold":5,"neow_bonus":"THREE_SMALL_POTIONS","is_prod":false,"is_daily":false,"chose_seed":false,"campfire_upgraded":3,"win_rate":0,"timestamp":1564976162,"path_taken":["M","?","M","$","M","R","E","R","T","E","R","M","E","M","R","BOSS","M","?","M","$","?","M"],"build_version":"2019-01-23","purchased_purges":1,"victory":false,"max_hp_per_floor":[75,75,75,75,75,75,75,75,75,75,75,75,75,75,75,75,75,75,75,75,75,75,75],"card_choices":[{"not_picked":["Body Slam","Sever Soul"],"picked":"Hemokinesis","floor":1},{"not_picked":["Iron Wave","Infernal Blade"],"picked":"Rage","floor":3},{"not_picked":["Perfected Strike","Entrench"],"picked":"Twin Strike","floor":5},{"not_picked":["Havoc","Inflame"],"picked":"Uppercut","floor":7},{"not_picked":["Brutality","Clothesline"],"picked":"Combust","floor":10},{"not_picked":["Havoc","Shrug It Off"],"picked":"Thunderclap","floor":12},{"not_picked":["Blood for Blood","Twin Strike"],"picked":"Anger","floor":13},{"not_picked":["Anger","Iron Wave"],"picked":"Rupture","floor":14},{"not_picked":["Barricade","Exhume"],"picked":"Offering","floor":16},{"not_picked":["Perfected Strike","Combust"],"picked":"Pummel","floor":17},{"not_picked":["Iron Wave","True Grit"],"picked":"Metallicize","floor":17},{"not_picked":["Body Slam","Fire Breathing"],"picked":"Sword Boomerang","floor":17},{"not_picked":["Clothesline","Sword Boomerang"],"picked":"Impervious","floor":18},{"not_picked":["Havoc","Heavy Blade"],"picked":"Spot Weakness","floor":19},{"not_picked":["Uppercut","Armaments"],"picked":"Whirlwind+1","floor":20}],"player_experience":2765767,"relics_obtained":[{"floor":7,"key":"War Paint"},{"floor":9,"key":"Happy Flower"},{"floor":10,"key":"Anchor"},{"floor":13,"key":"Blood Vial"},{"floor":19,"key":"Red Mask"}],"event_choices":[{"damage_healed":0,"gold_gain":75,"player_choice":"Gather Gold","damage_taken":11,"max_hp_gain":0,"max_hp_loss":0,"event_name":"World of Goop","floor":2,"gold_loss":0},{"damage_healed":0,"gold_gain":0,"player_choice":"Fought Bandits","damage_taken":0,"max_hp_gain":0,"max_hp_loss":0,"event_name":"Masked Bandits","floor":19,"gold_loss":0},{"damage_healed":0,"gold_gain":0,"cards_transformed":["Strike_R"],"player_choice":"Transformed","damage_taken":0,"max_hp_gain":0,"max_hp_loss":0,"event_name":"Transmorgrifier","floor":22,"gold_loss":0,"cards_obtained":["Disarm"]}],"is_beta":false,"boss_relics":[{"not_picked":["Runic Pyramid","Calling Bell"],"picked":"Orrery"}],"items_purged_floors":[21],"is_endless":false,"potions_floor_spawned":[7,10,13,16],"killed_by":"Snecko","ascension_level":20}