{"gold_per_floor":[110,12,29,44,20,20,39,59,86,86,113,127,127,139,139,234,234,248,263,11,30,46,46],"floor_reached":23,"playtime":1139,"items_purged":[],"score":207,"play_id":"a6fce15c-d8b4-4aeb-8ab4-79a540f52d12","local_time":"20190818195502","is_ascension_mode":true,"campfire_choices":[{"data":"Terror","floor":6,"key":"SMITH"},{"data":"Accuracy","floor":10,"key":"SMITH"},{"floor":13,"key":"REST"},{"floor":15,"key":"REST"}],"neow_cost":"NONE","seed_source_timestamp":347806248283859,"circlet_count":0,"master_deck":["Strike_G","Strike_G","Strike_G","Strike_G","Strike_G","Defend_G","Defend_G","Defend_G","Defend_G","Defend_G","Survivor","Neutralize+1","Endless Agony+1","Infinite Blades","Deflect","Terror+1","Catalyst","Dodge and Roll","Accuracy+1","Poisoned Stab","Endless Agony","Poisoned Stab","Blade Dance","Unload","Accuracy","Dagger Spray+1","Bouncing Flask","Quick Slash","Metamorphosis","Blade Dance","Calculated Gamble+1"],"relics":["Ring of the Snake","Snake Skull","Whetstone","Lizard Tail"],"potions_floor_usage":[11,19,21,21,22,23,23],"damage_taken":[{"damage":1,"enemies":"Cultist","floor":1,"turns":6},{"damage":0,"enemies":"Small Slimes","floor":3,"turns":3},{"damage":1,"enemies":"Jaw Worm","floor":4,"turns":3},{"damage":1,"enemies":"Exordium Wildlife","floor":7,"turns":4},{"damage":2,"enemies":"Looter","floor":8,"turns":3},{"damage":17,"enemies":"Lagavulin","floor":11,"turns":6},{"damage":8,"enemies":"Blue Slaver","floor":12,"turns":3},{"damage":19,"enemies":"3 Louse","floor":14,"turns":2},{"damage":1,"enemies":"Slime Boss","floor":16,"turns":8},{"damage":10,"enemies":"Shell Parasite","floor":18,"turns":4},{"damage":17,"enemies":"Chosen","floor":19,"turns":5},{"damage":58,"enemies":"Centurion and Healer","floor":21,"turns":6},{"damage":22,"enemies":"Snake Plant","floor":22,"turns":4},{"damage":8,"enemies":"Slavers","floor":23,"turns":1}],"seed_played":"3117703526132040828","potions_obtained":[{"floor":1,"key":"Block Potion"},{"floor":3,"key":"GamblersBrew"},{"floor":8,"key":"Dexterity Potion"},{"floor":14,"key":"SteroidPotion"},{"floor":19,"key":"FearPotion"},{"floor":21,"key":"Swift Potion"},{"floor":22,"key":"PowerPotion"}],"is_trial":false,"path_per_floor":["M","$","M","M","$","R","M","M","T","R","E","M","R","M","R","B",null,"M","M","$","M","M","E"],"character_chosen":"THE_SILENT","items_purchased":["Infinite Blades","Deflect","Dodge and Roll","Bouncing Flask","Quick Slash","Metamorphosis"],"campfire_rested":2,"item_purchase_floors":[2,2,5,20,20,20],"current_hp_per_floor":[76,76,76,75,75,75,74,72,72,72,55,47,70,51,74,73,77,67,50,50,30,8,0],"gold":46,"neow_bonus":"TEN_PERCENT_HP_BONUS","is_prod":false,"is_daily":false,"chose_seed":false,"campfire_upgraded":2,"win_rate":0,"timestamp":1566168902,"path_taken":["M","$","M","M","$","R","M","M","T","R","E","M","R","M","R","BOSS","M","M","$","M","M","E"],"build_version":"2019-07-17","purchased_purges":0,"victory":false,"max_hp_per_floor":[77,77,77,77,77,77,77,77,77,77,77,77,77,77,77,77,77,77,77,77,77,77,77],"card_choices":[{"not_picked":["Outmaneuver","Acrobatics"],"picked":"Endless Agony","floor":1},{"not_picked":["Dash","Well Laid Plans"],"picked":"Terror","floor":3},{"not_picked":["Backstab","Distraction"],"picked":"Catalyst","floor":4},{"not_picked":["Heel Hook","Leg Sweep"],"picked":"Accuracy","floor":7},{"not_picked":["Masterful Stab","Well Laid Plans"],"picked":"Poisoned Stab","floor":8},{"not_picked":["Escape Plan","Setup"],"picked":"Endless Agony","floor":11},{"not_picked":["Slice","Flying Knee"],"picked":"Poisoned Stab","floor":12},{"not_picked":["Tactician","PiercingWail"],"picked":"Blade Dance","floor":14},{"not_picked":["Tools of the Trade","Burst"],"picked":"Unload","floor":16},{"not_picked":["Slice","Heel Hook"],"picked":"Accuracy","floor":18},{"not_picked":["Underhanded Strike+1","Poisoned Stab"],"picked":"Dagger Spray+1","floor":19},{"not_picked":["Backflip+1","Dagger Throw"],"picked":"Blade Dance","floor":21},{"not_picked":["After Image","Expertise"],"picked":"Calculated Gamble+1","floor":22}],"player_experience":331038,"relics_obtained":[{"floor":9,"key":"Snake Skull"},{"floor":11,"key":"Whetstone"}],"event_choices":[],"is_beta":false,"boss_relics":[{"not_picked":["Snecko Eye","Coffee Dripper"],"picked":"Lizard Tail"}],"items_purged_floors":[],"is_endless":false,"potions_floor_spawned":[1,3,8,14,19,21,22],"killed_by":"Slavers","ascension_level":1}