{"gold_per_floor":[114,131,45,55,5,5,19,34,34,34,63,79,79,79,79,155,155,168,181,35,35,35,35,48,48],"floor_reached":25,"playtime":1425,"items_purged":[],"score":396,"play_id":"65e0e2b0-2b90-4705-a239-0316f5acdbf4","local_time":"20190702152322","is_ascension_mode":true,"campfire_choices":[{"data":"Neutralize","floor":6.0,"key":"SMITH"},{"data":"Envenom","floor":10.0,"key":"SMITH"},{"floor":13.0,"key":"REST"},{"data":"Noxious Fumes","floor":15.0,"key":"SMITH"},{"floor":23.0,"key":"REST"}],"neow_cost":"NONE","seed_source_timestamp":22007203727809,"circlet_count":0,"master_deck":["AscendersBane","Defend_G","Defend_G","Defend_G","Defend_G","Defend_G","Strike_G","Strike_G","Strike_G","Strike_G","Strike_G","Survivor","Neutralize+1","Envenom+1","Noxious Fumes+1","Dodge and Roll","Choke","Infinite Blades","PiercingWail","Noxious Fumes","Masterful Stab","Bane","Adrenaline","Leg Sweep","Deflect","Deflect","Calculated Gamble","Necronomicurse","Acrobatics"],"special_seed":0,"relics":["Ring of the Snake","Ice Cream","Peace Pipe","Cursed Key","Necronomicon"],"potions_floor_usage":[25],"damage_taken":[{"damage":1.0,"enemies":"2 Louse","floor":1.0,"turns":4.0},{"damage":6.0,"enemies":"Jaw Worm","floor":2.0,"turns":5.0},{"damage":0.0,"enemies":"Small Slimes","floor":4.0,"turns":4.0},{"damage":2.0,"enemies":"Looter","floor":7.0,"turns":4.0},{"damage":23.0,"enemies":"Lots of Slimes","floor":8.0,"turns":3.0},{"damage":25.0,"enemies":"3 Sentries","floor":11.0,"turns":6.0},{"damage":0.0,"enemies":"Red Slaver","floor":12.0,"turns":5.0},{"damage":24.0,"enemies":"Slime Boss","floor":16.0,"turns":7.0},{"damage":11.0,"enemies":"Chosen","floor":18.0,"turns":5.0},{"damage":11.0,"enemies":"Shell Parasite","floor":19.0,"turns":6.0},{"damage":3.0,"enemies":"3 Cultists","floor":24.0,"turns":5.0},{"damage":36,"enemies":"Book of Stabbing","floor":25,"turns":5}],"seed_played":"776812689360096323","potions_obtained":[{"floor":1.0,"key":"Fruit Juice"},{"floor":7.0,"key":"Swift Potion"},{"floor":12.0,"key":"Energy Potion"},{"floor":16.0,"key":"Explosive Potion"},{"floor":18.0,"key":"Dexterity Potion"}],"is_trial":false,"path_per_floor":["M","M","$","M","$","R","M","M","T","R","E","M","R","?","R","B",null,"M","M","$","?","$","R","M","E"],"character_chosen":"THE_SILENT","items_purchased":["Choke","PiercingWail","Deflect","Calculated Gamble"],"campfire_rested":2,"item_purchase_floors":[3,5,20,20],"current_hp_per_floor":[63,57,57,57,57,57,55,32,32,32,7,7,28,51,51,27,60,49,38,38,17,17,38,35,0],"gold":48,"neow_bonus":"ONE_RANDOM_RARE_CARD","is_prod":false,"is_daily":false,"chose_seed":false,"campfire_upgraded":3,"win_rate":0,"timestamp":1562095402,"path_taken":["M","M","$","M","$","R","M","M","T","R","E","M","R","?","R","BOSS","M","M","$","?","$","R","M","E"],"build_version":"2019-01-23","purchased_purges":0,"victory":false,"max_hp_per_floor":[71,71,71,71,71,71,71,71,71,71,71,71,71,71,71,71,71,71,71,71,71,71,71,71,71],"card_choices":[{"not_picked":["Quick Slash","Backflip"],"picked":"Noxious Fumes","floor":1.0},{"not_picked":["Tactician","Endless Agony"],"picked":"Dodge and Roll","floor":2.0},{"not_picked":["Backflip","Dodge and Roll"],"picked":"Infinite Blades","floor":4.0},{"not_picked":["Heel Hook","Outmaneuver"],"picked":"Noxious Fumes","floor":7.0},{"not_picked":["Eviscerate","Blade Dance","Outmaneuver"],"picked":"SKIP","floor":8.0},{"not_picked":["Endless Agony","Slice"],"picked":"Masterful Stab","floor":11.0},{"not_picked":["Grand Finale","Masterful Stab"],"picked":"Bane","floor":12.0},{"not_picked":["Venomology","Unload"],"picked":"Adrenaline","floor":16.0},{"not_picked":["Dagger Spray","Dagger Throw"],"picked":"Leg Sweep","floor":18.0},{"not_picked":["Quick Slash","Infinite Blades"],"picked":"Deflect","floor":19.0},{"not_picked":["Blade Dance","Backflip"],"picked":"Acrobatics","floor":24.0}],"player_experience":2661429,"relics_obtained":[{"floor":9.0,"key":"Ice Cream"},{"floor":11.0,"key":"Peace Pipe"},{"floor":21.0,"key":"Necronomicon"}],"event_choices":[{"damage_healed":23.0,"max_hp_gain":0.0,"max_hp_loss":0.0,"gold_gain":0.0,"event_name":"Big Fish","player_choice":"Banana","floor":14.0,"gold_loss":0.0,"damage_taken":0.0},{"damage_healed":0.0,"max_hp_gain":0.0,"max_hp_loss":0.0,"gold_gain":0.0,"event_name":"Cursed Tome","player_choice":"Obtained Book","floor":21.0,"gold_loss":0.0,"damage_taken":21.0}],"is_beta":false,"boss_relics":[{"not_picked":["Sozu","WristBlade"],"picked":"Cursed Key"}],"items_purged_floors":[],"is_endless":false,"potions_floor_spawned":[1,7,12,16,18,19],"killed_by":"Book of Stabbing","ascension_level":19}