{"gold_per_floor":[109,34,34,49,49,49,74,74,74,74,109,68,68,79,79,153,153,169,219,230,3,15,46,46,46,130,130,142,142,142,142,142,214,214,224,234,153,70,70],"floor_reached":39,"playtime":2113,"items_purged":[],"score":813,"play_id":"a82f861a-8456-4a68-a3d9-ae1272905ecb","local_time":"20190427165433","is_ascension_mode":true,"campfire_choices":[{"data":"Disarm","floor":6.0,"key":"SMITH"},{"data":"Intimidate","floor":8.0,"key":"SMITH"},{"data":"Whirlwind","floor":13,"key":"SMITH"},{"data":"Inflame","floor":15,"key":"SMITH"},{"data":"Inflame","floor":27,"key":"SMITH"},{"data":"Metallicize","floor":29,"key":"SMITH"},{"floor":32,"key":"REST"}],"neow_cost":"NONE","seed_source_timestamp":463936779469498,"circlet_count":0,"master_deck":["AscendersBane","Strike_R+1","Strike_R+1","Strike_R+1","Strike_R+1","Defend_R+1","Defend_R+1","Defend_R+1","Defend_R+1","Bash","Intimidate+1","Disarm+1","Twin Strike","Impervious","Whirlwind+1","Inflame+1","Fiend Fire","Metallicize+1","Sentinel+1","Sword Boomerang+1","Inflame+1","Power Through","Impervious","Heavy Blade+1","Whirlwind","Metallicize"],"special_seed":0,"relics":["Burning Blood","NeowsBlessing","War Paint","Pear","Meat on the Bone","Vajra","Potion Belt","Eternal Feather","Chemical X","Peace Pipe","Tiny Chest","Black Star","Omamori"],"potions_floor_usage":[11,16,20,23,23],"damage_taken":[{"damage":0.0,"enemies":"Small Slimes","floor":1.0,"turns":1.0},{"damage":0.0,"enemies":"Jaw Worm","floor":4.0,"turns":1.0},{"damage":0.0,"enemies":"3 Sentries","floor":7.0,"turns":2.0},{"damage":30,"enemies":"Lagavulin","floor":11,"turns":8},{"damage":0,"enemies":"Cultist","floor":14,"turns":3},{"damage":29,"enemies":"Hexaghost","floor":16,"turns":11},{"damage":22,"enemies":"Chosen","floor":18,"turns":5},{"damage":22,"enemies":"3 Byrds","floor":20,"turns":7},{"damage":17,"enemies":"Snecko","floor":22,"turns":6},{"damage":47,"enemies":"Book of Stabbing","floor":23,"turns":7},{"damage":41,"enemies":"Sentry and Sphere","floor":28,"turns":7},{"damage":45,"enemies":"Automaton","floor":33,"turns":10},{"damage":34,"enemies":"3 Darklings","floor":35,"turns":5},{"damage":6,"enemies":"3 Shapes","floor":36,"turns":8},{"damage":62,"enemies":"Spire Growth","floor":39,"turns":4}],"seed_played":"-8857498863305234445","potions_obtained":[{"floor":4.0,"key":"Poison Potion"},{"floor":7.0,"key":"Poison Potion"},{"floor":11,"key":"SpeedPotion"},{"floor":18,"key":"PowerPotion"},{"floor":22,"key":"GamblersBrew"},{"floor":33,"key":"GamblersBrew"}],"is_trial":false,"path_per_floor":["M","?","?","M","T","R","E","R","T","$","E","$","R","M","R","B",null,"M","?","M","$","M","E","?","?","T","R","M","R","?","?","R","B",null,"M","M","?","$","M"],"character_chosen":"IRONCLAD","items_purchased":["Whirlwind","Chemical X","Metallicize"],"campfire_rested":1,"item_purchase_floors":[12,21,38],"current_hp_per_floor":[74,74,69,75,85,85,85,85,85,85,61,61,61,67,67,56,78,62,62,58,58,59,30,30,30,30,42,19,31,31,31,68,41,74,58,58,58,58,0],"gold":70,"neow_bonus":"THREE_ENEMY_KILL","is_prod":false,"is_daily":false,"chose_seed":false,"campfire_upgraded":6,"win_rate":0,"timestamp":1556398473,"path_taken":["M","?","?","M","?","R","E","R","T","?","E","$","R","M","R","BOSS","M","?","M","$","M","E","?","?","T","R","?","R","?","?","R","BOSS","M","M","?","?","M"],"build_version":"2019-01-23","purchased_purges":0,"victory":false,"max_hp_per_floor":[75,75,75,75,85,85,85,85,85,85,85,85,85,85,85,85,85,85,85,85,85,85,85,85,85,85,85,85,85,85,85,85,85,85,85,85,85,85,85],"card_choices":[{"not_picked":["Thunderclap","Perfected Strike"],"picked":"Intimidate","floor":1.0},{"not_picked":["Sentinel","Thunderclap"],"picked":"Disarm","floor":4.0},{"not_picked":["Dual Wield","Flex"],"picked":"Twin Strike","floor":7.0},{"not_picked":["Iron Wave","Bloodletting"],"picked":"Impervious","floor":11},{"not_picked":["Flex","Warcry"],"picked":"Inflame","floor":14},{"not_picked":["Exhume","Brutality"],"picked":"Fiend Fire","floor":16},{"not_picked":["Thunderclap","Cleave"],"picked":"Metallicize","floor":18},{"not_picked":["Wild Strike","Cleave"],"picked":"Sentinel+1","floor":20},{"not_picked":["Pommel Strike","Havoc"],"picked":"Sword Boomerang+1","floor":22},{"not_picked":["Sentinel","Iron Wave"],"picked":"Inflame","floor":23},{"not_picked":["Fire Breathing","Warcry"],"picked":"Power Through","floor":28},{"not_picked":["Dark Embrace","Brutality"],"picked":"Impervious","floor":33},{"not_picked":["Rage","Pommel Strike"],"picked":"Heavy Blade+1","floor":35},{"not_picked":["Intimidate","Thunderclap"],"picked":"Whirlwind","floor":36}],"player_experience":2536211,"relics_obtained":[{"floor":5.0,"key":"Pear"},{"floor":7.0,"key":"Meat on the Bone"},{"floor":9.0,"key":"Vajra"},{"floor":11,"key":"Potion Belt"},{"floor":23,"key":"Peace Pipe"},{"floor":26,"key":"Tiny Chest"}],"event_choices":[{"cards_removed":["Strike_R"],"damage_healed":0.0,"max_hp_gain":0.0,"max_hp_loss":0.0,"gold_gain":0.0,"event_name":"The Cleric","player_choice":"Card Removal","floor":2.0,"gold_loss":75.0,"damage_taken":0.0},{"damage_healed":0.0,"max_hp_gain":0.0,"max_hp_loss":0.0,"gold_gain":0.0,"event_name":"Scrap Ooze","player_choice":"Success","floor":3.0,"gold_loss":0.0,"damage_taken":5.0,"relics_obtained":["War Paint"]},{"damage_healed":0,"gold_gain":50,"player_choice":"Stole From Cult","damage_taken":0,"max_hp_gain":0,"max_hp_loss":0,"event_name":"Nest","floor":19,"gold_loss":0},{"damage_healed":0,"gold_gain":0,"player_choice":"Ignored","damage_taken":0,"max_hp_gain":0,"max_hp_loss":0,"event_name":"The Mausoleum","floor":24,"gold_loss":0},{"damage_healed":0,"gold_gain":0,"player_choice":"Leave","damage_taken":0,"max_hp_gain":0,"max_hp_loss":0,"event_name":"FaceTrader","floor":25,"gold_loss":0},{"damage_healed":0,"gold_gain":0,"player_choice":"Simplicity","damage_taken":0,"max_hp_gain":0,"max_hp_loss":0,"event_name":"Back to Basics","floor":30,"gold_loss":0,"cards_upgraded":["Strike_R","Strike_R","Strike_R","Strike_R","Defend_R","Defend_R"]},{"damage_healed":0,"gold_gain":0,"player_choice":"Ignored","damage_taken":0,"max_hp_gain":0,"max_hp_loss":0,"event_name":"Vampires","floor":31,"gold_loss":0},{"damage_healed":0,"gold_gain":0,"player_choice":"Paid Gold","damage_taken":0,"relics_obtained":["Omamori"],"max_hp_gain":0,"max_hp_loss":0,"event_name":"WeMeetAgain","floor":37,"gold_loss":81}],"is_beta":false,"boss_relics":[{"not_picked":["Coffee Dripper","Sozu"],"picked":"Eternal Feather"},{"not_picked":["Pandora\u0027s Box","Astrolabe"],"picked":"Black Star"}],"items_purged_floors":[],"is_endless":false,"potions_floor_spawned":[4,7,11,18,22,33],"killed_by":"Spire Growth","ascension_level":18}