{"gold_per_floor":[115,115,135,135,135,162,162,197,197,197,212,1,1,1,1,1],"floor_reached":16,"playtime":846,"items_purged":["Decay"],"score":236,"play_id":"99bf6088-b0ee-4816-bdd3-4f3f241b051d","local_time":"20190414011355","is_ascension_mode":true,"campfire_choices":[{"data":"Zap","floor":7,"key":"SMITH"},{"floor":10,"key":"REST"},{"data":"Beam Cell","floor":13,"key":"SMITH"},{"data":"Hyperbeam","floor":15,"key":"SMITH"}],"neow_cost":"NONE","seed_source_timestamp":119763480324636,"circlet_count":0,"master_deck":["AscendersBane","Strike_B","Strike_B","Strike_B","Strike_B","Defend_B","Defend_B","Defend_B","Defend_B","Zap+1","Dualcast","Beam Cell+1","Chill","Hyperbeam+1","Conserve Battery","Consume","Doom and Gloom","Leap"],"relics":["Cracked Core","NeowsBlessing","Singing Bowl","Blue Candle","Meat on the Bone","CultistMask"],"potions_floor_usage":[3],"damage_taken":[{"damage":0,"enemies":"2 Louse","floor":1,"turns":1},{"damage":0,"enemies":"Jaw Worm","floor":3,"turns":1},{"damage":0,"enemies":"3 Sentries","floor":6,"turns":1},{"damage":60,"enemies":"Lagavulin","floor":8,"turns":8},{"damage":11,"enemies":"Small Slimes","floor":11,"turns":2},{"damage":42,"enemies":"Slime Boss","floor":16,"turns":8}],"seed_played":"-4016099813886874338","potions_obtained":[{"floor":3,"key":"Fruit Juice"}],"is_trial":false,"path_per_floor":["M","?","M","?","?","E","R","E","T","R","M","$","R","?","R","B"],"character_chosen":"DEFECT","items_purchased":["Doom and Gloom","Leap"],"campfire_rested":1,"item_purchase_floors":[12,12],"current_hp_per_floor":[64,64,69,69,69,69,69,9,9,31,32,32,32,32,32,0],"gold":1,"neow_bonus":"THREE_ENEMY_KILL","is_prod":false,"is_daily":false,"chose_seed":false,"campfire_upgraded":3,"win_rate":0,"timestamp":1555218835,"path_taken":["M","?","M","?","?","E","R","E","T","R","?","$","R","?","R","BOSS"],"build_version":"2019-01-23","purchased_purges":1,"victory":false,"max_hp_per_floor":[71,71,76,76,76,76,76,76,76,76,76,76,76,76,76,76],"card_choices":[{"not_picked":["Compile Driver","Redo"],"picked":"Beam Cell","floor":1},{"not_picked":["Barrage","Cold Snap"],"picked":"Chill","floor":3},{"not_picked":["Genetic Algorithm","Defragment"],"picked":"Hyperbeam","floor":6},{"not_picked":["Glacier","Scrape"],"picked":"Conserve Battery","floor":8},{"not_picked":["Leap","Capacitor"],"picked":"Consume","floor":11}],"player_experience":2488615,"relics_obtained":[{"floor":6,"key":"Singing Bowl"},{"floor":8,"key":"Blue Candle"},{"floor":9,"key":"Meat on the Bone"}],"event_choices":[{"damage_healed":0,"gold_gain":0,"player_choice":"Ignored","damage_taken":0,"max_hp_gain":0,"max_hp_loss":0,"event_name":"Shining Light","floor":2,"gold_loss":0},{"damage_healed":0,"gold_gain":0,"player_choice":"Ignored","damage_taken":0,"max_hp_gain":0,"max_hp_loss":0,"event_name":"Liars Game","floor":4,"gold_loss":0},{"damage_healed":0,"gold_gain":0,"player_choice":"Cursed","damage_taken":0,"max_hp_gain":0,"max_hp_loss":0,"event_name":"Wheel of Change","floor":5,"gold_loss":0,"cards_obtained":["Decay"]},{"damage_healed":0,"gold_gain":0,"player_choice":"Trade","damage_taken":0,"relics_obtained":["CultistMask"],"max_hp_gain":0,"max_hp_loss":0,"event_name":"FaceTrader","floor":14,"gold_loss":0}],"is_beta":false,"boss_relics":[],"items_purged_floors":[12],"is_endless":false,"potions_floor_spawned":[3],"killed_by":"Slime Boss","ascension_level":16}