{"gold_per_floor":[115,65,76,76,94,94,105,120,120,149,149,183,194,208,208,307,307,327,98,98,117,137,137,165,46,70,70,70,87,100,134,134,233,233,246,246,258,84,84,84,104,104,184,49,78,97,97,115,115,115,115,115,65,100,100],"floor_reached":56,"playtime":3447,"items_purged":["Pain","Pain","Shame","Strike_R"],"score":1229,"play_id":"71754ea4-8798-4f26-9b2c-989078f77d99","local_time":"20191014223342","is_ascension_mode":false,"campfire_choices":[{"data":"Whirlwind","floor":6,"key":"SMITH"},{"data":"Pommel Strike","floor":11,"key":"SMITH"},{"data":"Bash","floor":15,"key":"SMITH"},{"floor":23,"key":"REST"},{"floor":32,"key":"REST"},{"floor":40,"key":"REST"},{"floor":47,"key":"RECALL"},{"floor":49,"key":"REST"},{"floor":52,"key":"REST"}],"neow_cost":"NONE","seed_source_timestamp":176360525051300,"circlet_count":0,"master_deck":["Strike_R","Strike_R","Strike_R","Defend_R","Defend_R","Defend_R","Bash+1","Cleave","Whirlwind+1","Shrug It Off","Shrug It Off","Pommel Strike+1","Disarm","Demon Form","Inflame","Metallicize","Heavy Blade","Reaper","Shockwave+1","Limit Break","Shockwave+1","Warcry+1","Madness","Clumsy","Apotheosis","Rampage+1","Ghostly Armor","Ghostly Armor+1","Evolve+1"],"relics":["Cursed Key","Sundial","Gremlin Horn","Mummified Hand","Fusion Hammer","Membership Card","Happy Flower","Bottled Flame","Art of War","Smiling Mask","Bronze Scales","Velvet Choker","Vajra","CultistMask","Nunchaku","Blood Vial"],"potions_floor_usage":[10,14,16,16,29,31,45,54,55,55,55],"damage_taken":[{"damage":6,"enemies":"Jaw Worm","floor":1,"turns":3},{"damage":0,"enemies":"Small Slimes","floor":3,"turns":3},{"damage":0,"enemies":"Cultist","floor":5,"turns":3},{"damage":0,"enemies":"Looter","floor":7,"turns":3},{"damage":0,"enemies":"2 Fungi Beasts","floor":8,"turns":2},{"damage":0,"enemies":"3 Sentries","floor":10,"turns":1},{"damage":16,"enemies":"Lagavulin","floor":12,"turns":7},{"damage":13,"enemies":"Large Slime","floor":13,"turns":3},{"damage":0,"enemies":"Exordium Thugs","floor":14,"turns":1},{"damage":19,"enemies":"Hexaghost","floor":16,"turns":9},{"damage":0,"enemies":"3 Byrds","floor":18,"turns":2},{"damage":0,"enemies":"Chosen","floor":21,"turns":3},{"damage":24,"enemies":"Snake Plant","floor":22,"turns":3},{"damage":32,"enemies":"Slavers","floor":24,"turns":4},{"damage":14,"enemies":"Centurion and Healer","floor":29,"turns":5},{"damage":0,"enemies":"3 Cultists","floor":30,"turns":2},{"damage":8,"enemies":"Book of Stabbing","floor":31,"turns":5},{"damage":49,"enemies":"Champ","floor":33,"turns":9},{"damage":10,"enemies":"Orb Walker","floor":35,"turns":2},{"damage":39,"enemies":"3 Shapes","floor":37,"turns":1},{"damage":0,"enemies":"3 Darklings","floor":41,"turns":1},{"damage":19,"enemies":"Nemesis","floor":45,"turns":5},{"damage":0,"enemies":"Jaw Worm Horde","floor":46,"turns":1},{"damage":29,"enemies":"Spire Growth","floor":48,"turns":4},{"damage":34,"enemies":"Time Eater","floor":50,"turns":8},{"damage":29,"enemies":"Shield and Spear","floor":54,"turns":5},{"damage":73,"enemies":"The Heart","floor":55,"turns":7}],"seed_played":"-5515477227769475781","potions_obtained":[{"floor":1,"key":"SteroidPotion"},{"floor":8,"key":"Strength Potion"},{"floor":12,"key":"SteroidPotion"},{"floor":13,"key":"SteroidPotion"},{"floor":16,"key":"LiquidBronze"},{"floor":18,"key":"EssenceOfSteel"},{"floor":22,"key":"Swift Potion"},{"floor":29,"key":"Ancient Potion"},{"floor":33,"key":"Swift Potion"},{"floor":35,"key":"Fruit Juice"},{"floor":46,"key":"BloodPotion"},{"floor":54,"key":"Ancient Potion"}],"is_trial":false,"path_per_floor":["M","?","M","?","M","R","M","M","T","E","R","E","M","M","R","B",null,"M","$","?","M","M","R","E","$","T","?","?","M","M","E","R","B",null,"M","?","M","$","?","R","M","?","T","$","E","M","R","M","R","B",null,"R","$","E","B",null],"character_chosen":"IRONCLAD","items_purchased":["Membership Card","Bottled Flame","Madness","Vajra","Apotheosis"],"campfire_rested":5,"item_purchase_floors":[19,25,38,38,44],"current_hp_per_floor":[74,74,74,74,74,74,74,74,74,74,74,58,45,45,45,26,80,80,80,65,65,41,66,34,34,34,34,34,26,44,45,70,21,85,81,81,42,42,42,67,67,67,67,67,90,90,90,61,88,54,90,90,90,61,55],"gold":100,"neow_bonus":"BOSS_RELIC","is_prod":false,"is_daily":false,"chose_seed":false,"campfire_upgraded":3,"win_rate":0,"timestamp":1571063622,"path_taken":["M","?","M","?","?","R","M","M","T","E","R","E","M","M","R","BOSS","M","$","?","M","M","R","E","$","T","?","?","M","M","E","R","BOSS","M","?","M","$","?","R","M","?","T","$","E","?","R","M","R","BOSS","R","$","E","BOSS"],"build_version":"2019-07-17","purchased_purges":4,"victory":true,"max_hp_per_floor":[80,80,80,80,80,80,80,80,80,80,80,80,80,80,80,80,80,80,80,85,85,85,85,85,85,85,85,85,85,85,85,85,85,85,85,85,85,85,85,85,85,85,85,85,90,90,90,90,90,90,90,90,90,90,90],"card_choices":[{"not_picked":["Seeing Red","Body Slam"],"picked":"Cleave","floor":1},{"not_picked":["Disarm","Wild Strike"],"picked":"Whirlwind","floor":3},{"not_picked":["Clothesline","Thunderclap"],"picked":"Shrug It Off","floor":5},{"not_picked":["Cleave","Intimidate"],"picked":"Shrug It Off","floor":7},{"not_picked":["Feel No Pain","Shrug It Off"],"picked":"Pommel Strike","floor":8},{"not_picked":["Flex","Entrench","Sentinel"],"picked":"SKIP","floor":10},{"not_picked":["Cleave","Sword Boomerang","Shrug It Off"],"picked":"SKIP","floor":12},{"not_picked":["Shrug It Off","Intimidate"],"picked":"Disarm","floor":13},{"not_picked":["Shrug It Off","Thunderclap","Wild Strike"],"picked":"SKIP","floor":14},{"not_picked":["Impervious","Double Tap"],"picked":"Demon Form","floor":16},{"not_picked":["Iron Wave+1","Pommel Strike","Clothesline"],"picked":"SKIP","floor":18},{"not_picked":["Sever Soul","Clash+1"],"picked":"Inflame","floor":21},{"not_picked":["Sentinel","Anger"],"picked":"Metallicize","floor":22},{"not_picked":["Wild Strike","Whirlwind"],"picked":"Heavy Blade","floor":24},{"not_picked":["Rage","Sever Soul","Wild Strike+1"],"picked":"SKIP","floor":29},{"not_picked":["Pommel Strike+1","Anger"],"picked":"Shockwave+1","floor":30},{"not_picked":["Warcry","Pommel Strike","Clothesline"],"picked":"SKIP","floor":31},{"not_picked":["Fiend Fire","Bludgeon"],"picked":"Limit Break","floor":33},{"not_picked":["Second Wind+1","Sword Boomerang+1"],"picked":"Shockwave+1","floor":35},{"not_picked":["Searing Blow","Iron Wave"],"picked":"Warcry+1","floor":37},{"not_picked":["Anger+1","Headbutt+1","Wild Strike"],"picked":"SKIP","floor":41},{"not_picked":["Dropkick","Anger+1"],"picked":"Rampage+1","floor":45},{"not_picked":["Iron Wave","Juggernaut"],"picked":"Ghostly Armor","floor":46},{"not_picked":["Thunderclap","Clothesline"],"picked":"Ghostly Armor+1","floor":48},{"not_picked":["Entrench+1","Spot Weakness"],"picked":"Evolve+1","floor":54}],"player_experience":184455,"relics_obtained":[{"floor":9,"key":"Sundial"},{"floor":10,"key":"Gremlin Horn"},{"floor":12,"key":"Mummified Hand"},{"floor":24,"key":"Happy Flower"},{"floor":26,"key":"Art of War"},{"floor":31,"key":"Bronze Scales"},{"floor":45,"key":"Nunchaku"},{"floor":54,"key":"Blood Vial"}],"event_choices":[{"cards_removed":["Strike_R"],"damage_healed":0,"gold_gain":0,"player_choice":"Card Removal","damage_taken":0,"max_hp_gain":0,"max_hp_loss":0,"event_name":"The Cleric","floor":2,"gold_loss":50},{"damage_healed":0,"gold_gain":0,"player_choice":"0 cards matched","damage_taken":0,"max_hp_gain":0,"max_hp_loss":0,"event_name":"Match and Keep!","floor":4,"gold_loss":0,"cards_obtained":[]},{"damage_healed":0,"gold_gain":0,"player_choice":"Shed Blood","damage_taken":20,"max_hp_gain":5,"max_hp_loss":0,"event_name":"Forgotten Altar","floor":20,"gold_loss":0},{"damage_healed":0,"gold_gain":0,"player_choice":"Read","damage_taken":0,"max_hp_gain":0,"max_hp_loss":0,"event_name":"The Library","floor":27,"gold_loss":0,"cards_obtained":["Reaper"]},{"damage_healed":0,"gold_gain":0,"player_choice":"Stole Relic","damage_taken":0,"relics_obtained":["Smiling Mask"],"max_hp_gain":0,"max_hp_loss":0,"event_name":"Addict","floor":28,"gold_loss":0,"cards_obtained":["Shame"]},{"damage_healed":0,"gold_gain":0,"player_choice":"Ignored","damage_taken":0,"max_hp_gain":0,"max_hp_loss":0,"event_name":"Tomb of Lord Red Mask","floor":36,"gold_loss":0},{"cards_removed":["Defend_R"],"damage_healed":0,"gold_gain":0,"player_choice":"Removed Skill","damage_taken":0,"max_hp_gain":0,"max_hp_loss":0,"event_name":"Falling","floor":39,"gold_loss":0},{"damage_healed":0,"gold_gain":0,"player_choice":"Trade","damage_taken":0,"relics_obtained":["CultistMask"],"max_hp_gain":0,"max_hp_loss":0,"event_name":"FaceTrader","floor":42,"gold_loss":0}],"is_beta":false,"boss_relics":[{"not_picked":["White Beast Statue","Sozu"],"picked":"Fusion Hammer"},{"not_picked":["Orrery","Philosopher\u0027s Stone"],"picked":"Velvet Choker"}],"items_purged_floors":[19,38,44,53],"is_endless":false,"potions_floor_spawned":[1,8,12,13,16,18,22,29,30,33,35,46,48,54],"ascension_level":0}