{"gold_per_floor":[116,116,136,211,211,242,259,273,273,273,83,83,83,124,124,124],"floor_reached":16,"playtime":863,"items_purged":["Injury"],"score":266,"play_id":"ac70e6a5-94d4-4131-82f3-fe7db2c09b01","local_time":"20191028143449","is_ascension_mode":true,"campfire_choices":[{"floor":13,"key":"REST"},{"floor":15,"key":"REST"}],"neow_cost":"NONE","seed_source_timestamp":2200978458903688,"circlet_count":0,"master_deck":["AscendersBane","Defend_G","Defend_G","Defend_G","Defend_G","Defend_G","Strike_G","Strike_G","Strike_G","Strike_G","Survivor","Neutralize","Cloak And Dagger","Masterful Stab","PiercingWail","Flechettes","Deadly Poison","Deadly Poison","Footwork","Blur"],"relics":["Ring of the Snake","NeowsBlessing","Dodecahedron","Blue Candle","Meat on the Bone","Golden Idol","Bottled Tornado"],"potions_floor_usage":[14,16],"damage_taken":[{"damage":0,"enemies":"Small Slimes","floor":1,"turns":1},{"damage":0,"enemies":"2 Louse","floor":3,"turns":1},{"damage":0,"enemies":"Gremlin Nob","floor":6,"turns":1},{"damage":0,"enemies":"Jaw Worm","floor":7,"turns":5},{"damage":1,"enemies":"3 Louse","floor":8,"turns":4},{"damage":54,"enemies":"3 Sentries","floor":14,"turns":14},{"damage":35,"enemies":"Slime Boss","floor":16,"turns":9}],"seed_played":"-6611446443769261855","potions_obtained":[{"floor":3,"key":"GhostInAJar"},{"floor":8,"key":"PowerPotion"}],"is_trial":false,"path_per_floor":["M","?","M","?","?","E","M","M","T","?","$","?","R","E","R","B"],"character_chosen":"THE_SILENT","items_purchased":["Deadly Poison","Footwork"],"campfire_rested":2,"item_purchase_floors":[11,11],"current_hp_per_floor":[59,48,48,37,42,42,42,41,41,41,41,34,55,13,34,0],"gold":124,"neow_bonus":"THREE_ENEMY_KILL","is_prod":false,"is_daily":false,"chose_seed":false,"campfire_upgraded":0,"win_rate":0,"timestamp":1572287689,"path_taken":["M","?","M","?","?","E","M","?","T","?","$","?","R","E","R","BOSS"],"build_version":"2019-01-23","purchased_purges":1,"victory":false,"max_hp_per_floor":[66,66,66,66,71,71,71,71,71,71,71,71,71,71,71,71],"card_choices":[{"not_picked":["Bane","Dodge and Roll"],"picked":"Cloak And Dagger","floor":1},{"not_picked":["Sucker Punch","Flying Knee"],"picked":"Masterful Stab","floor":3},{"not_picked":["Expertise","Dash"],"picked":"PiercingWail","floor":6},{"not_picked":["Prepared","Outmaneuver"],"picked":"Flechettes","floor":7},{"not_picked":["Catalyst","Outmaneuver"],"picked":"Deadly Poison","floor":8},{"not_picked":["Storm of Steel","Endless Agony"],"picked":"Blur","floor":14}],"player_experience":3084928,"relics_obtained":[{"floor":6,"key":"Blue Candle"},{"floor":9,"key":"Meat on the Bone"},{"floor":14,"key":"Bottled Tornado"}],"event_choices":[{"damage_healed":0,"gold_gain":0,"player_choice":"Success","damage_taken":11,"relics_obtained":["Dodecahedron"],"max_hp_gain":0,"max_hp_loss":0,"event_name":"Scrap Ooze","floor":2,"gold_loss":0},{"damage_healed":0,"gold_gain":75,"player_choice":"Gather Gold","damage_taken":11,"max_hp_gain":0,"max_hp_loss":0,"event_name":"World of Goop","floor":4,"gold_loss":0},{"damage_healed":0,"gold_gain":0,"player_choice":"Donut","damage_taken":0,"max_hp_gain":5,"max_hp_loss":0,"event_name":"Big Fish","floor":5,"gold_loss":0},{"damage_healed":0,"gold_gain":0,"player_choice":"Take Wound","damage_taken":0,"relics_obtained":["Golden Idol"],"max_hp_gain":0,"max_hp_loss":0,"event_name":"Golden Idol","floor":10,"gold_loss":0,"cards_obtained":["Injury"]},{"cards_removed":["Strike_G"],"damage_healed":0,"gold_gain":0,"player_choice":"Card Removal","damage_taken":7,"max_hp_gain":0,"max_hp_loss":0,"event_name":"Golden Wing","floor":12,"gold_loss":0}],"is_beta":false,"boss_relics":[],"items_purged_floors":[11],"is_endless":false,"potions_floor_spawned":[3,8],"killed_by":"Slime Boss","ascension_level":20}