{"gold_per_floor":[17,34,34,51,15,15,41,41,41,54,54,70,70,110,110,110],"floor_reached":16,"playtime":1395,"items_purged":[],"score":171,"play_id":"117cc103-8f2b-4c82-a4bf-497742ea4eb0","local_time":"20181028021501","is_ascension_mode":true,"campfire_choices":[{"floor":6,"key":"REST"},{"data":"Cloak And Dagger","floor":8,"key":"SMITH"},{"floor":13,"key":"REST"},{"data":"Leg Sweep","floor":15,"key":"SMITH"}],"neow_cost":"NO_GOLD","seed_source_timestamp":263891161761817,"circlet_count":0,"master_deck":["Defend_G","Defend_G","Defend_G","Defend_G","Defend_G","Strike_G","Strike_G","Strike_G","Strike_G","Survivor","Neutralize","AscendersBane","Leg Sweep+1","Flying Knee","Cloak And Dagger+1","Accuracy","Skewer","All Out Attack","Slice","Glass Knife"],"relics":["Ring of the Snake","Calipers","Turnip","Letter Opener","Golden Idol","Bottled Lightning"],"potions_floor_usage":[7,14,16],"damage_taken":[{"damage":7,"enemies":"Jaw Worm","floor":1,"turns":6},{"damage":17,"enemies":"Cultist","floor":2,"turns":6},{"damage":0,"enemies":"Small Slimes","floor":4,"turns":4},{"damage":14,"enemies":"3 Sentries","floor":7,"turns":7},{"damage":1,"enemies":"Red Slaver","floor":10,"turns":6},{"damage":0,"enemies":"Blue Slaver","floor":12,"turns":6},{"damage":19,"enemies":"Gremlin Nob","floor":14,"turns":5},{"damage":46,"enemies":"Hexaghost","floor":16,"turns":14}],"seed_played":"2763915092230097596","potions_obtained":[{"floor":2,"key":"SkillPotion"},{"floor":4,"key":"GamblersBrew"},{"floor":12,"key":"Ancient Potion"}],"is_trial":false,"path_per_floor":["M","M","?","M","$","R","E","R","T","M","?","M","R","E","R"],"character_chosen":"THE_SILENT","items_purchased":["Accuracy"],"campfire_rested":2,"item_purchase_floors":[5],"current_hp_per_floor":[56,39,39,39,39,60,46,46,46,45,45,45,64,45,45,0],"gold":110,"neow_bonus":"ONE_RARE_RELIC","is_prod":false,"is_daily":false,"chose_seed":false,"campfire_upgraded":2,"win_rate":0,"timestamp":1540707301,"path_taken":["M","M","?","M","$","R","E","R","T","?","?","M","R","E","R","BOSS"],"build_version":"2018-10-25v2","purchased_purges":0,"victory":false,"max_hp_per_floor":[70,70,70,70,70,70,70,70,70,70,65,65,65,65,65,65],"card_choices":[{"not_picked":["PiercingWail","Terror"],"picked":"Leg Sweep","floor":1},{"not_picked":["Deflect","Leg Sweep"],"picked":"Flying Knee","floor":2},{"not_picked":["Outmaneuver","Deadly Poison"],"picked":"Cloak And Dagger","floor":4},{"not_picked":["Dodge and Roll","Dagger Spray"],"picked":"Skewer","floor":7},{"not_picked":["Backflip","Predator"],"picked":"All Out Attack","floor":10},{"not_picked":["Finisher","Cloak And Dagger"],"picked":"Slice","floor":12},{"not_picked":["Leg Sweep","Tactician"],"picked":"Glass Knife","floor":14}],"player_experience":1903400,"relics_obtained":[{"floor":7,"key":"Turnip"},{"floor":9,"key":"Letter Opener"},{"floor":14,"key":"Bottled Lightning"}],"event_choices":[{"cards_removed":["Strike_G"],"damage_healed":0,"gold_gain":0,"player_choice":"Offered Basic","damage_taken":0,"max_hp_gain":0,"max_hp_loss":0,"event_name":"Bonfire Elementals","floor":3,"gold_loss":0},{"damage_healed":0,"gold_gain":0,"player_choice":"Lose Max HP","damage_taken":0,"relics_obtained":["Golden Idol"],"max_hp_gain":0,"max_hp_loss":5,"event_name":"Golden Idol","floor":11,"gold_loss":0}],"is_beta":false,"boss_relics":[],"items_purged_floors":[],"is_endless":false,"potions_floor_spawned":[2,4,12],"killed_by":"Hexaghost","ascension_level":11}