{"gold_per_floor":[117,117,130,130,130,130,156,166,166,166,195,207,232,275,287,371,383,410,442,472,499,35,67,67,97,97,130,130,130,130,149,149,220,220,240,252,5,5,21,21,50,68,148,175,185,201,229,249,249,249,249],"floor_reached":51,"playtime":6536,"items_purged":["Strike_P"],"score":1734,"play_id":"742dd228-9bb4-49bd-9c19-f79eb8a5bf8e","local_time":"20190930225840","is_ascension_mode":true,"campfire_choices":[{"data":"SashWhip","floor":6.0,"key":"SMITH"},{"data":"CrushJoints","floor":10.0,"key":"SMITH"},{"data":"Meditate","floor":15.0,"key":"SMITH"},{"data":"Defend_P","floor":24.0,"key":"PURGE"},{"data":"Perseverance","floor":29.0,"key":"SMITH"},{"data":"Decay","floor":32.0,"key":"PURGE"},{"floor":49,"key":"RECALL"}],"neow_cost":"NONE","seed_source_timestamp":0,"circlet_count":0,"master_deck":["AscendersBane","Strike_P","Strike_P","Defend_P+1","Defend_P","Defend_P+1","Eruption+1","Vigilance","Protect","SashWhip+1","CrushJoints+1","Meditate+1","Vault","WaveOfTheHand+1","Wallop","Establishment","EmptyBody","Protect","Perseverance+1","SandsOfTime+1","Meditate","SashWhip+1","Crescendo","EmptyFist"],"special_seed":0,"relics":["PureWater","NeowsBlessing","Calipers","Peace Pipe","MawBank","Meat on the Bone","Busted Crown","Incense Burner","Centennial Puzzle","Potion Belt","Smiling Mask","Shuriken","Bird Faced Urn","MutagenicStrength","SacredBark","Gremlin Horn","GoldenEye","Boot"],"potions_floor_usage":[36,44,50,51,51],"damage_taken":[{"damage":0.0,"enemies":"Jaw Worm","floor":1.0,"turns":1.0},{"damage":0.0,"enemies":"Cultist","floor":3.0,"turns":1.0},{"damage":0.0,"enemies":"3 Sentries","floor":7.0,"turns":1.0},{"damage":0.0,"enemies":"2 Louse","floor":8.0,"turns":2.0},{"damage":1.0,"enemies":"Lagavulin","floor":11.0,"turns":5.0},{"damage":4.0,"enemies":"Looter","floor":13.0,"turns":4.0},{"damage":0.0,"enemies":"Gremlin Nob","floor":14.0,"turns":3.0},{"damage":15.0,"enemies":"The Guardian","floor":16.0,"turns":10.0},{"damage":33.0,"enemies":"3 Byrds","floor":18.0,"turns":7.0},{"damage":12.0,"enemies":"Spheric Guardian","floor":19.0,"turns":5.0},{"damage":0.0,"enemies":"3 Cultists","floor":20.0,"turns":5.0},{"damage":31.0,"enemies":"Shelled Parasite and Fungi","floor":21.0,"turns":6.0},{"damage":5.0,"enemies":"Book of Stabbing","floor":23.0,"turns":5.0},{"damage":9.0,"enemies":"Slavers","floor":25.0,"turns":5.0},{"damage":9.0,"enemies":"Book of Stabbing","floor":27.0,"turns":6.0},{"damage":2.0,"enemies":"Sentry and Sphere","floor":31.0,"turns":15.0},{"damage":9.0,"enemies":"Collector","floor":33.0,"turns":14.0},{"damage":3,"enemies":"Orb Walker","floor":35,"turns":2},{"damage":5,"enemies":"3 Darklings","floor":36,"turns":6},{"damage":2,"enemies":"4 Shapes","floor":39,"turns":11},{"damage":22,"enemies":"Nemesis","floor":41,"turns":9},{"damage":13,"enemies":"Jaw Worm Horde","floor":42,"turns":3},{"damage":0,"enemies":"Giant Head","floor":44,"turns":5},{"damage":0,"enemies":"Transient","floor":45,"turns":6},{"damage":1,"enemies":"Writhing Mass","floor":46,"turns":5},{"damage":18,"enemies":"Nemesis","floor":47,"turns":7},{"damage":0,"enemies":"Sphere and 2 Shapes","floor":48,"turns":8},{"damage":48,"enemies":"Donu and Deca","floor":50,"turns":15},{"damage":23,"enemies":"Awakened One","floor":51,"turns":5}],"seed_played":"-5046239386972916868","potions_obtained":[{"floor":1.0,"key":"SmokeBomb"},{"floor":11.0,"key":"FearPotion"},{"floor":13.0,"key":"Regen Potion"},{"floor":16.0,"key":"SteroidPotion"},{"floor":20.0,"key":"PowerPotion"},{"floor":23.0,"key":"Energy Potion"},{"floor":25.0,"key":"Fire Potion"},{"floor":35,"key":"SteroidPotion"},{"floor":39,"key":"SpeedPotion"},{"floor":44,"key":"Swift Potion"},{"floor":47,"key":"LiquidBronze"}],"is_trial":false,"path_per_floor":["M","?","M","?","?","R","E","M","T","R","E","?","M","E","R","B",null,"M","M","M","M","$","E","R","E","T","E","?","R","?","M","R","B",null,"M","M","$","?","M","?","E","M","T","E","M","M","E","M","R","B","B"],"character_chosen":"WATCHER","items_purchased":["Incense Burner","Centennial Puzzle","SandsOfTime","PowerPotion","PowerPotion"],"campfire_rested":0,"item_purchase_floors":[22,22,37,37,37],"current_hp_per_floor":[61,61,61,41,41,41,41,41,41,41,40,40,36,36,36,33,59,38,38,52,33,33,40,40,43,43,46,46,46,46,46,46,39,61,60,57,57,57,57,47,39,40,40,46,48,49,45,47,47,17,0],"gold":249,"neow_bonus":"THREE_ENEMY_KILL","is_prod":false,"is_daily":false,"chose_seed":false,"campfire_upgraded":4,"win_rate":0,"timestamp":1569837520,"path_taken":["M","?","?","?","?","R","E","M","T","R","E","?","?","E","R","BOSS","M","?","M","M","$","E","R","E","T","E","?","R","?","M","R","BOSS","M","?","$","?","?","?","E","M","T","E","M","M","E","M","R","BOSS","BOSS"],"build_version":"2019-09-27","purchased_purges":1,"victory":false,"max_hp_per_floor":[68,68,68,68,68,68,68,68,68,68,68,68,68,68,68,68,68,68,68,68,68,68,68,68,68,68,68,68,68,68,68,68,68,68,68,68,68,68,68,68,68,68,68,68,68,68,68,68,68,68,68],"card_choices":[{"not_picked":["SpiritShield","Weave"],"picked":"Protect","floor":1.0},{"not_picked":["Protect","WreathOfFlame"],"picked":"CrushJoints","floor":3.0},{"not_picked":["EmptyFist","CrushJoints"],"picked":"Meditate","floor":7.0},{"not_picked":["JustLucky","Devotion"],"picked":"Vault","floor":8.0},{"not_picked":["Worship","WreathOfFlame"],"picked":"WaveOfTheHand","floor":11.0},{"not_picked":["CarveReality","MentalFortress"],"picked":"Wallop","floor":13.0},{"not_picked":["JustLucky","ConjureBlade"],"picked":"Establishment","floor":14.0},{"not_picked":["JustLucky"],"picked":"SKIP","floor":18.0},{"not_picked":[],"picked":"EmptyBody","floor":19.0},{"not_picked":["Halt"],"picked":"SKIP","floor":20.0},{"not_picked":["EmptyBody"],"picked":"SKIP","floor":21.0},{"not_picked":[],"picked":"Protect","floor":23.0},{"not_picked":[],"picked":"Perseverance","floor":25.0},{"not_picked":["DevaForm"],"picked":"SKIP","floor":27.0},{"not_picked":["DevaForm"],"picked":"SKIP","floor":27.0},{"not_picked":["DevaForm"],"picked":"SKIP","floor":27.0},{"not_picked":["Halt"],"picked":"SKIP","floor":31.0},{"not_picked":["Halt"],"picked":"SKIP","floor":31.0},{"not_picked":["MasterReality"],"picked":"SKIP","floor":35},{"not_picked":["Scrawl"],"picked":"SKIP","floor":36},{"not_picked":[],"picked":"Meditate","floor":39},{"not_picked":["WaveOfTheHand+1"],"picked":"SKIP","floor":41},{"not_picked":["BowlingBash"],"picked":"SKIP","floor":42},{"not_picked":["BowlingBash"],"picked":"SKIP","floor":42},{"not_picked":[],"picked":"SashWhip+1","floor":44},{"not_picked":[],"picked":"Crescendo","floor":45},{"not_picked":["Indignation"],"picked":"SKIP","floor":46},{"not_picked":["CrushJoints+1"],"picked":"SKIP","floor":47},{"not_picked":[],"picked":"EmptyFist","floor":48}],"player_experience":1370211,"relics_obtained":[{"floor":7.0,"key":"Calipers"},{"floor":9.0,"key":"Peace Pipe"},{"floor":11.0,"key":"MawBank"},{"floor":14.0,"key":"Meat on the Bone"},{"floor":23.0,"key":"Potion Belt"},{"floor":25.0,"key":"Smiling Mask"},{"floor":26.0,"key":"Shuriken"},{"floor":27.0,"key":"Bird Faced Urn"},{"floor":41,"key":"Gremlin Horn"},{"floor":44,"key":"GoldenEye"},{"floor":47,"key":"Boot"}],"event_choices":[{"damage_healed":0.0,"max_hp_gain":0.0,"max_hp_loss":0.0,"gold_gain":0.0,"cards_transformed":["Strike_P"],"event_name":"Transmorgrifier","player_choice":"Transformed","floor":2.0,"gold_loss":0.0,"damage_taken":0.0,"cards_obtained":["SashWhip"]},{"damage_healed":0.0,"max_hp_gain":0.0,"max_hp_loss":0.0,"gold_gain":0.0,"event_name":"Shining Light","player_choice":"Entered Light","floor":4.0,"gold_loss":0.0,"damage_taken":20.0,"cards_upgraded":["Defend_P","Defend_P"]},{"damage_healed":0.0,"max_hp_gain":0.0,"max_hp_loss":0.0,"gold_gain":0.0,"event_name":"Living Wall","player_choice":"Grow","floor":5.0,"gold_loss":0.0,"damage_taken":0.0,"cards_upgraded":["Eruption"]},{"damage_healed":0.0,"max_hp_gain":0.0,"max_hp_loss":0.0,"gold_gain":0.0,"event_name":"Wheel of Change","player_choice":"Cursed","floor":12.0,"gold_loss":0.0,"damage_taken":0.0,"cards_obtained":["Decay"]},{"damage_healed":0.0,"max_hp_gain":0.0,"max_hp_loss":0.0,"gold_gain":0.0,"event_name":"Drug Dealer","player_choice":"Inject Mutagens","floor":28.0,"gold_loss":0.0,"damage_taken":0.0,"relics_obtained":["MutagenicStrength"]},{"damage_healed":0.0,"max_hp_gain":0.0,"max_hp_loss":0.0,"gold_gain":0.0,"event_name":"Accursed Blacksmith","player_choice":"Forge","floor":30.0,"gold_loss":0.0,"damage_taken":0.0,"cards_upgraded":["WaveOfTheHand"]},{"damage_healed":0,"gold_gain":0,"player_choice":"Upgraded","damage_taken":0,"max_hp_gain":0,"max_hp_loss":0,"event_name":"Upgrade Shrine","floor":38,"gold_loss":0,"cards_upgraded":["SandsOfTime"]},{"damage_healed":0,"gold_gain":0,"player_choice":"Memory 3","damage_taken":10,"max_hp_gain":0,"max_hp_loss":0,"event_name":"SensoryStone","floor":40,"gold_loss":0}],"is_beta":true,"boss_relics":[{"not_picked":["Tiny House","Runic Dome"],"picked":"Busted Crown"},{"not_picked":["Calling Bell","Philosopher\u0027s Stone"],"picked":"SacredBark"}],"items_purged_floors":[37],"is_endless":false,"potions_floor_spawned":[1,11,13,16,20,21,23,25,35,39,44,45,47,48],"killed_by":"Awakened One","ascension_level":20}