{"gold_per_floor":[16,16,32,32,48,86,86,119,119,139,139,158,172,5,5,5],"floor_reached":16,"playtime":616,"items_purged":[],"score":224,"play_id":"446922f0-fe07-419e-8647-d022c277b3e2","local_time":"20191013133438","is_ascension_mode":true,"campfire_choices":[{"data":"Eruption","floor":7,"key":"SMITH"},{"data":"Devotion","floor":15,"key":"SMITH"}],"neow_cost":"NO_GOLD","seed_source_timestamp":9856947521141,"circlet_count":0,"master_deck":["AscendersBane","Strike_P","Strike_P","Strike_P","Strike_P","Defend_P","Defend_P","Defend_P","Eruption+1","Vigilance","Devotion+1","Prostrate","BowlingBash","ReachHeaven","FearNoEvil","CutThroughFate","EmptyBody","Prostrate"],"relics":["PureWater","Golden Idol","Anchor","Mummified Hand","Blood Vial","Membership Card"],"potions_floor_usage":[6,16],"damage_taken":[{"damage":0,"enemies":"Small Slimes","floor":1,"turns":2},{"damage":3,"enemies":"2 Louse","floor":3,"turns":4},{"damage":7,"enemies":"Jaw Worm","floor":5,"turns":4},{"damage":15,"enemies":"3 Sentries","floor":6,"turns":6},{"damage":16,"enemies":"Lagavulin","floor":8,"turns":4},{"damage":1,"enemies":"Blue Slaver","floor":10,"turns":3},{"damage":0,"enemies":"Looter","floor":12,"turns":2},{"damage":2,"enemies":"Exordium Wildlife","floor":13,"turns":3},{"damage":27,"enemies":"Slime Boss","floor":16,"turns":4}],"seed_played":"1636011476184232819","potions_obtained":[{"floor":5,"key":"AttackPotion"},{"floor":10,"key":"GamblersBrew"},{"floor":12,"key":"Strength Potion"}],"is_trial":false,"path_per_floor":["M","?","M","?","M","E","R","E","T","M","?","M","M","$","R","B"],"character_chosen":"WATCHER","items_purchased":["Membership Card"],"campfire_rested":0,"item_purchase_floors":[14],"current_hp_per_floor":[61,61,58,51,44,29,29,13,13,14,14,16,16,16,16,0],"gold":5,"neow_bonus":"THREE_RARE_CARDS","is_prod":false,"is_daily":false,"chose_seed":false,"campfire_upgraded":2,"win_rate":0,"timestamp":1570926878,"path_taken":["M","?","M","?","M","E","R","E","T","M","?","?","M","$","R","BOSS"],"build_version":"2019-10-11","purchased_purges":0,"victory":false,"max_hp_per_floor":[68,62,62,62,62,62,62,62,62,62,62,62,62,62,62,62],"card_choices":[{"not_picked":["Alpha","DeusExMachina"],"picked":"Devotion","floor":0},{"not_picked":["ThirdEye","InnerPeace"],"picked":"Prostrate","floor":1},{"not_picked":["EmptyFist","Pray"],"picked":"BowlingBash","floor":3},{"not_picked":["WaveOfTheHand","PathToVictory"],"picked":"ReachHeaven","floor":5},{"not_picked":["ClearTheMind","Vengeance"],"picked":"FearNoEvil","floor":6},{"not_picked":["TalkToTheHand","Halt"],"picked":"CutThroughFate","floor":8},{"not_picked":["Sanctity","FearNoEvil"],"picked":"EmptyBody","floor":10},{"not_picked":["WreathOfFlame","JustLucky","FollowUp"],"picked":"SKIP","floor":12},{"not_picked":["WheelKick","FlyingSleeves"],"picked":"Prostrate","floor":13}],"player_experience":1528782,"relics_obtained":[{"floor":6,"key":"Anchor"},{"floor":8,"key":"Mummified Hand"},{"floor":9,"key":"Blood Vial"}],"event_choices":[{"damage_healed":0,"gold_gain":0,"player_choice":"Lose Max HP","damage_taken":0,"relics_obtained":["Golden Idol"],"max_hp_gain":0,"max_hp_loss":6,"event_name":"Golden Idol","floor":2,"gold_loss":0},{"cards_removed":["Defend_P"],"damage_healed":0,"gold_gain":0,"player_choice":"Card Removal","damage_taken":7,"max_hp_gain":0,"max_hp_loss":0,"event_name":"Golden Wing","floor":4,"gold_loss":0},{"damage_healed":0,"gold_gain":0,"player_choice":"Ignored","damage_taken":0,"max_hp_gain":0,"max_hp_loss":0,"event_name":"Liars Game","floor":11,"gold_loss":0}],"is_beta":true,"boss_relics":[],"items_purged_floors":[],"is_endless":false,"potions_floor_spawned":[5,10,12],"killed_by":"Slime Boss","ascension_level":20}