{"gold_per_floor":[113,125,35,55,55,55,87,106,106,120,148,148,164,177,177,275,325,342,354,354,364,379,379,379,396,396,412,445,104,104,117,117,215,215,228,246,257,275,291,306,306,338,363,363],"floor_reached":44,"playtime":3017,"items_purged":["Writhe"],"score":605,"play_id":"baaca77e-b798-474d-ab72-f09278de3765","local_time":"20190702215301","is_ascension_mode":false,"campfire_choices":[{"floor":6,"key":"REST"},{"floor":12,"key":"REST"},{"floor":15,"key":"REST"},{"floor":23,"key":"REST"},{"floor":30,"key":"REST"},{"floor":32,"key":"REST"},{"floor":41,"key":"REST"}],"neow_cost":"NONE","seed_source_timestamp":756958178396529,"circlet_count":0,"master_deck":["Strike_B","Strike_B+1","Strike_B","Strike_B","Defend_B+1","Defend_B","Defend_B","Defend_B","Zap","Dualcast","Streamline","Ball Lightning","Capacitor","Streamline+1","Streamline","Static Discharge","Cold Snap","Streamline","Auto Shields","Go for the Eyes","Conserve Battery","Electrodynamics","Ball Lightning","Go for the Eyes+1","Gash+1","Streamline","Defragment+1","Streamline+1","Rip and Tear+1","Sunder","Apotheosis","Leap","Barrage","Streamline+1","Echo Form","Leap","Redo+1","Melter","Leap+1","Aggregate","Defragment+1","Ball Lightning+1","Leap","Melter","Barrage+1","Undo","Auto Shields+1"],"relics":["Cracked Core","Smiling Mask","Gremlin Horn","Mummified Hand","Boot","Tiny House","Mercury Hourglass","Oddly Smooth Stone","Pocketwatch","Orrery","Kunai","Regal Pillow"],"potions_floor_usage":[11,11,11,16,22,22,25,28,33,37,40,40],"damage_taken":[{"damage":1,"enemies":"2 Louse","floor":1,"turns":3},{"damage":6,"enemies":"Jaw Worm","floor":2,"turns":3},{"damage":0,"enemies":"Small Slimes","floor":4,"turns":3},{"damage":31,"enemies":"3 Sentries","floor":7,"turns":6},{"damage":3,"enemies":"2 Fungi Beasts","floor":8,"turns":3},{"damage":8,"enemies":"Exordium Wildlife","floor":10,"turns":4},{"damage":0,"enemies":"Gremlin Nob","floor":11,"turns":2},{"damage":13,"enemies":"Large Slime","floor":13,"turns":5},{"damage":29,"enemies":"Exordium Thugs","floor":14,"turns":5},{"damage":26,"enemies":"The Guardian","floor":16,"turns":8},{"damage":9,"enemies":"3 Byrds","floor":18,"turns":3},{"damage":21,"enemies":"Shell Parasite","floor":19,"turns":6},{"damage":26,"enemies":"Centurion and Healer","floor":21,"turns":6},{"damage":21,"enemies":"Sentry and Sphere","floor":22,"turns":4},{"damage":5,"enemies":"3 Cultists","floor":25,"turns":3},{"damage":29,"enemies":"Centurion and Healer","floor":27,"turns":4},{"damage":0,"enemies":"Gremlin Leader","floor":28,"turns":5},{"damage":20,"enemies":"Snake Plant","floor":31,"turns":2},{"damage":43,"enemies":"Champ","floor":33,"turns":8},{"damage":9,"enemies":"Orb Walker","floor":35,"turns":4},{"damage":23,"enemies":"3 Shapes","floor":36,"turns":3},{"damage":30,"enemies":"Sphere and 2 Shapes","floor":37,"turns":4},{"damage":11,"enemies":"4 Shapes","floor":38,"turns":3},{"damage":18,"enemies":"Transient","floor":39,"turns":5},{"damage":0,"enemies":"Jaw Worm Horde","floor":40,"turns":2},{"damage":2,"enemies":"Nemesis","floor":42,"turns":9},{"damage":31,"enemies":"Spire Growth","floor":44,"turns":5}],"seed_played":"1474699458731936712","potions_obtained":[{"floor":2,"key":"FearPotion"},{"floor":4,"key":"Poison Potion"},{"floor":7,"key":"SkillPotion"},{"floor":14,"key":"FocusPotion"},{"floor":16,"key":"SpeedPotion"},{"floor":17,"key":"FairyPotion"},{"floor":19,"key":"Poison Potion"},{"floor":22,"key":"Fire Potion"},{"floor":27,"key":"Weak Potion"},{"floor":31,"key":"FocusPotion"},{"floor":36,"key":"SteroidPotion"},{"floor":38,"key":"FearPotion"},{"floor":39,"key":"AttackPotion"}],"is_trial":false,"path_per_floor":["M","M","$","M","?","R","E","M","T","M","E","R","M","M","R","B",null,"M","M","?","M","M","R","?","M","T","M","E","$","R","M","R","B",null,"M","M","M","M","M","M","R","E","T","M"],"character_chosen":"DEFECT","items_purchased":["Capacitor","Streamline","Apotheosis","Leap","Barrage"],"campfire_rested":7,"item_purchase_floors":[3,3,29,29,29],"current_hp_per_floor":[74,68,68,68,53,75,44,41,41,33,33,55,42,13,35,9,80,71,50,50,24,3,27,53,48,48,19,19,19,43,23,47,4,80,71,48,18,7,8,8,32,30,30,0],"gold":363,"neow_bonus":"RANDOM_COMMON_RELIC","is_prod":false,"is_daily":false,"chose_seed":false,"campfire_upgraded":0,"win_rate":0.0,"timestamp":1562115181,"path_taken":["M","M","$","M","?","R","E","M","T","M","E","R","M","M","R","BOSS","M","M","?","M","M","R","?","M","T","M","E","?","R","M","R","BOSS","M","M","M","M","M","M","R","E","T","M"],"build_version":"2019-07-01","purchased_purges":1,"victory":false,"max_hp_per_floor":[75,75,75,75,75,75,75,75,75,75,75,75,75,75,75,75,80,80,80,80,80,80,80,80,80,80,80,80,80,80,80,80,80,80,80,80,80,80,80,80,80,80,80,80],"card_choices":[{"not_picked":["Hologram","Rip and Tear"],"picked":"Streamline","floor":1},{"not_picked":["Cold Snap","Compile Driver"],"picked":"Ball Lightning","floor":2},{"not_picked":["Cold Snap","Scrape"],"picked":"Streamline","floor":4},{"not_picked":["Beam Cell","Gash"],"picked":"Static Discharge","floor":7},{"not_picked":["Force Field","Reboot"],"picked":"Cold Snap","floor":8},{"not_picked":["Sweeping Beam","Barrage"],"picked":"Streamline","floor":10},{"not_picked":["Beam Cell","Hello World"],"picked":"Auto Shields","floor":11},{"not_picked":["Heatsinks","Barrage"],"picked":"Go for the Eyes","floor":13},{"not_picked":["Double Energy","Gash"],"picked":"Conserve Battery","floor":14},{"not_picked":["Seek","Core Surge"],"picked":"Electrodynamics","floor":16},{"not_picked":["Gash","Turbo"],"picked":"Ball Lightning","floor":17},{"not_picked":["Hologram","Chill"],"picked":"Go for the Eyes+1","floor":18},{"not_picked":["Aggregate","Force Field"],"picked":"Gash+1","floor":19},{"not_picked":["Compile Driver","Cold Snap+1"],"picked":"Streamline","floor":21},{"not_picked":["Cold Snap","Go for the Eyes"],"picked":"Defragment+1","floor":22},{"not_picked":["Leap","Steam Power+1"],"picked":"Streamline+1","floor":25},{"not_picked":["Beam Cell","Force Field"],"picked":"Rip and Tear+1","floor":27},{"not_picked":["Biased Cognition","Steam"],"picked":"Sunder","floor":28},{"not_picked":["Barrage+1","Compile Driver"],"picked":"Streamline+1","floor":31},{"not_picked":["Rainbow","Multi-Cast"],"picked":"Echo Form","floor":33},{"not_picked":["Double Energy","Go for the Eyes"],"picked":"Leap","floor":34},{"not_picked":["Coolheaded","Heatsinks+1"],"picked":"Redo+1","floor":34},{"not_picked":["Cold Snap","Heatsinks"],"picked":"Melter","floor":34},{"not_picked":["Lockon+1","Steam"],"picked":"Leap+1","floor":34},{"not_picked":["Consume","Steam Power"],"picked":"Aggregate","floor":34},{"not_picked":["Reprogram","Hologram+1"],"picked":"Defragment+1","floor":35},{"not_picked":["Rebound+1","Streamline+1"],"picked":"Ball Lightning+1","floor":36},{"not_picked":["Darkness+1","Go for the Eyes"],"picked":"Leap","floor":37},{"not_picked":["Compile Driver+1","Reboot"],"picked":"Melter","floor":38},{"not_picked":["Steam Power+1","Darkness+1"],"picked":"Barrage+1","floor":39},{"not_picked":["Blizzard+1","Cold Snap"],"picked":"Undo","floor":40},{"not_picked":["Buffer","Cold Snap+1"],"picked":"Auto Shields+1","floor":42}],"player_experience":58864,"relics_obtained":[{"floor":7,"key":"Gremlin Horn"},{"floor":9,"key":"Mummified Hand"},{"floor":11,"key":"Boot"},{"floor":26,"key":"Oddly Smooth Stone"},{"floor":28,"key":"Pocketwatch"},{"floor":42,"key":"Kunai"},{"floor":43,"key":"Regal Pillow"}],"event_choices":[{"damage_healed":0,"gold_gain":0,"player_choice":"Entered Light","damage_taken":15,"max_hp_gain":0,"max_hp_loss":0,"event_name":"Shining Light","floor":5,"gold_loss":0,"cards_upgraded":["Strike_B","Defend_B"]},{"damage_healed":0,"gold_gain":0,"player_choice":"Opened","damage_taken":0,"relics_obtained":["Mercury Hourglass"],"max_hp_gain":0,"max_hp_loss":0,"event_name":"The Mausoleum","floor":20,"gold_loss":0,"cards_obtained":["Writhe"]},{"damage_healed":26,"gold_gain":0,"player_choice":"Heal","damage_taken":0,"max_hp_gain":0,"max_hp_loss":0,"event_name":"The Library","floor":24,"gold_loss":0}],"is_beta":false,"boss_relics":[{"not_picked":["Snecko Eye","Empty Cage"],"picked":"Tiny House"},{"not_picked":["Black Star","Nuclear Battery"],"picked":"Orrery"}],"items_purged_floors":[29],"is_endless":false,"potions_floor_spawned":[2,4,7,8,14,16,19,22,27,31,36,38,39],"killed_by":"Spire Growth","ascension_level":0}