{"gold_per_floor":[217,231,231,12,26,26,51,51,51,51,80,17,33,44,44,121,121,141,159,144,144,37,37,48,48,72,72,88,88,123,123,123,194,194,207,42,342,355,370,370,398,398,398,412,178,197,230,248,248,248,248,248,248,22,49,49],"floor_reached":56,"playtime":8991,"items_purged":["Defend_P","Conclude","Strike_P+1"],"score":2049,"play_id":"4e5486bc-56b0-4d03-9e95-78be9fcb16ce","local_time":"20191023200732","is_ascension_mode":true,"campfire_choices":[{"data":"Eruption","floor":6.0,"key":"SMITH"},{"data":"Tantrum","floor":8.0,"key":"SMITH"},{"data":"WreathOfFlame","floor":10.0,"key":"SMITH"},{"data":"Halt","floor":15.0,"key":"SMITH"},{"data":"Blasphemy","floor":23.0,"key":"SMITH"},{"data":"Scrawl","floor":25.0,"key":"SMITH"},{"data":"EmptyMind","floor":29.0,"key":"SMITH"},{"floor":32.0,"key":"REST"},{"floor":40.0,"key":"RECALL"},{"data":"TalkToTheHand","floor":49.0,"key":"SMITH"},{"floor":53.0,"key":"REST"}],"neow_cost":"NONE","seed_source_timestamp":0,"circlet_count":0,"master_deck":["AscendersBane","Strike_P+1","Defend_P","Defend_P","Eruption+1","Vigilance","Tantrum+1","Protect","WreathOfFlame+1","Indignation","Scrawl+1","Swivel","LikeWater","Halt+1","Blasphemy+1","ClearTheMind+1","Halt","EmptyMind+1","Sanctity","Wireheading","BowlingBash","Evaluate+1","Ragnarok","SashWhip+1","Prostrate+1","WaveOfTheHand+1","SashWhip+1","Scrawl","Meditate+1","Evaluate+1","TalkToTheHand+1","Establishment","Tantrum","ThirdEye","SpiritShield+1","CutThroughFate+1","Sanctity+1"],"special_seed":0,"relics":["PureWater","Membership Card","Dodecahedron","Pear","Anchor","Philosopher\u0027s Stone","MealTicket","MutagenicStrength","HornCleat","Astrolabe","ClockworkSouvenir","Blue Candle","Bird Faced Urn","Bag of Preparation","Bag of Marbles"],"potions_floor_usage":[55,56],"damage_taken":[{"damage":0.0,"enemies":"2 Louse","floor":1.0,"turns":3.0},{"damage":8.0,"enemies":"Jaw Worm","floor":2.0,"turns":6.0},{"damage":4.0,"enemies":"Small Slimes","floor":5.0,"turns":3.0},{"damage":0.0,"enemies":"Gremlin Nob","floor":7.0,"turns":2.0},{"damage":0.0,"enemies":"Lagavulin","floor":11.0,"turns":2.0},{"damage":2.0,"enemies":"Exordium Thugs","floor":13.0,"turns":4.0},{"damage":0.0,"enemies":"2 Fungi Beasts","floor":14.0,"turns":1.0},{"damage":23.0,"enemies":"The Guardian","floor":16.0,"turns":10.0},{"damage":0.0,"enemies":"Chosen","floor":18.0,"turns":2.0},{"damage":4.0,"enemies":"Shell Parasite","floor":19.0,"turns":2.0},{"damage":0.0,"enemies":"Centurion and Healer","floor":24.0,"turns":4.0},{"damage":12.0,"enemies":"Snake Plant","floor":28.0,"turns":3.0},{"damage":0.0,"enemies":"Slavers","floor":30.0,"turns":3.0},{"damage":9.0,"enemies":"Automaton","floor":33.0,"turns":5.0},{"damage":0.0,"enemies":"Orb Walker","floor":35.0,"turns":2.0},{"damage":0.0,"enemies":"3 Darklings","floor":38.0,"turns":2.0},{"damage":0.0,"enemies":"Jaw Worm Horde","floor":39.0,"turns":2.0},{"damage":10.0,"enemies":"Giant Head","floor":41.0,"turns":4.0},{"damage":8.0,"enemies":"Maw","floor":42.0,"turns":5.0},{"damage":0.0,"enemies":"3 Darklings","floor":44.0,"turns":1.0},{"damage":10.0,"enemies":"Sphere and 2 Shapes","floor":46.0,"turns":4.0},{"damage":0.0,"enemies":"Nemesis","floor":47.0,"turns":3.0},{"damage":4.0,"enemies":"Writhing Mass","floor":48.0,"turns":5.0},{"damage":58.0,"enemies":"Time Eater","floor":50.0,"turns":10.0},{"damage":5.0,"enemies":"Donu and Deca","floor":51.0,"turns":7.0},{"damage":62,"enemies":"Shield and Spear","floor":55,"turns":5},{"damage":52,"enemies":"The Heart","floor":56,"turns":3}],"seed_played":"4727853525602136445","potions_obtained":[{"floor":5.0,"key":"GamblersBrew"},{"floor":7.0,"key":"Weak Potion"},{"floor":11.0,"key":"AttackPotion"},{"floor":18.0,"key":"Ancient Potion"},{"floor":24.0,"key":"AttackPotion"},{"floor":38.0,"key":"SmokeBomb"},{"floor":44.0,"key":"DistilledChaos"},{"floor":46.0,"key":"Strength Potion"}],"is_trial":false,"path_per_floor":["M","M","?","$","M","R","E","R","T","R","E","$","M","M","R","B",null,"M","M","$","?","$","R","M","R","T","?","M","R","E","?","R","B",null,"M","$","?","M","M","R","E","M","T","M","$","M","E","M","R","B","B",null,"R","$","E","B"],"character_chosen":"WATCHER","items_purchased":["Membership Card","Tantrum","Protect","Swivel","LikeWater","Halt","EmptyMind","Sanctity","Wireheading","Scrawl","ClockworkSouvenir","Establishment","CultistPotion","Tantrum","ThirdEye","Bag of Preparation","Regen Potion","GamblersBrew"],"campfire_rested":2,"item_purchase_floors":[4,4,4,12,12,20,22,22,22,36,36,45,45,45,45,54,54,54],"current_hp_per_floor":[61,53,33,33,29,29,29,29,39,39,39,39,37,37,37,14,62,62,58,58,58,58,58,58,58,58,58,46,46,46,46,69,60,74,74,78,78,78,78,78,68,60,60,60,75,65,65,65,65,11,10,61,78,78,18,0],"gold":49,"neow_bonus":"HUNDRED_GOLD","is_prod":false,"is_daily":false,"chose_seed":false,"campfire_upgraded":8,"win_rate":0,"timestamp":1571814452,"path_taken":["M","M","?","$","M","R","E","R","T","R","E","$","M","M","R","BOSS","M","M","$","?","$","R","M","R","T","?","M","R","E","?","R","BOSS","M","$","?","M","M","R","E","M","T","?","$","M","E","M","R","BOSS","BOSS","R","$","E","BOSS"],"build_version":"2019-10-22","purchased_purges":3,"victory":false,"max_hp_per_floor":[68,68,68,68,68,68,68,68,78,78,78,78,78,78,78,78,78,78,78,78,78,78,78,78,78,78,78,78,78,78,78,78,78,78,78,78,78,78,78,78,78,78,78,78,78,78,78,78,78,78,78,78,78,78,78,78],"card_choices":[{"not_picked":["Halt","JustLucky","PathToVictory"],"picked":"SKIP","floor":1.0},{"not_picked":["EmptyBody","Fasting2"],"picked":"Conclude","floor":2.0},{"not_picked":["Adaptation","Conclude"],"picked":"WreathOfFlame","floor":5.0},{"not_picked":["PathToVictory","Wireheading"],"picked":"Indignation","floor":7.0},{"not_picked":["SashWhip","Tantrum"],"picked":"Scrawl","floor":11.0},{"not_picked":["Consecrate","SignatureMove","CrushJoints"],"picked":"SKIP","floor":13.0},{"not_picked":["Adaptation","Weave"],"picked":"Halt","floor":14.0},{"not_picked":["Vault","DeusExMachina"],"picked":"Blasphemy","floor":16.0},{"not_picked":["Study","InnerPeace"],"picked":"ClearTheMind+1","floor":18.0},{"not_picked":["ForeignInfluence","SashWhip","Crescendo"],"picked":"SKIP","floor":19.0},{"not_picked":["Halt","Crescendo"],"picked":"BowlingBash","floor":24.0},{"not_picked":["Consecrate","EmptyFist"],"picked":"Evaluate+1","floor":28.0},{"not_picked":["Prostrate","Consecrate","Pray"],"picked":"SKIP","floor":30.0},{"not_picked":["DevaForm","Vault"],"picked":"Ragnarok","floor":33.0},{"not_picked":["FlyingSleeves","Collect"],"picked":"SashWhip+1","floor":35.0},{"not_picked":["Evaluate","FollowUp"],"picked":"Meditate+1","floor":38.0},{"not_picked":["ClearTheMind","BowlingBash","FlyingSleeves"],"picked":"SKIP","floor":39.0},{"not_picked":["Study","Protect"],"picked":"Evaluate+1","floor":41.0},{"not_picked":["InnerPeace+1","SashWhip"],"picked":"TalkToTheHand","floor":44.0},{"not_picked":["Halt","Protect"],"picked":"SpiritShield+1","floor":46.0},{"not_picked":["WindmillStrike+1","ThirdEye","Alpha"],"picked":"SKIP","floor":47.0},{"not_picked":["ClearTheMind+1","SashWhip+1"],"picked":"CutThroughFate+1","floor":48.0},{"not_picked":["Fasting2","Tantrum+1"],"picked":"Sanctity+1","floor":55}],"player_experience":1722094,"relics_obtained":[{"floor":7.0,"key":"Dodecahedron"},{"floor":9.0,"key":"Pear"},{"floor":11.0,"key":"Anchor"},{"floor":26.0,"key":"MealTicket"},{"floor":30.0,"key":"HornCleat"},{"floor":41.0,"key":"Blue Candle"},{"floor":47.0,"key":"Bird Faced Urn"},{"floor":55,"key":"Bag of Marbles"}],"event_choices":[{"damage_healed":0.0,"max_hp_gain":0.0,"max_hp_loss":0.0,"gold_gain":0.0,"event_name":"Shining Light","player_choice":"Entered Light","floor":3.0,"gold_loss":0.0,"damage_taken":20.0,"cards_upgraded":["Strike_P","Strike_P"]},{"damage_healed":0.0,"max_hp_gain":0.0,"max_hp_loss":0.0,"gold_gain":0.0,"event_name":"Vampires","player_choice":"Ignored","floor":21.0,"gold_loss":0.0,"damage_taken":0.0},{"damage_healed":0.0,"max_hp_gain":0.0,"max_hp_loss":0.0,"gold_gain":0.0,"event_name":"Drug Dealer","player_choice":"Inject Mutagens","floor":27.0,"gold_loss":0.0,"damage_taken":0.0,"relics_obtained":["MutagenicStrength"]},{"damage_healed":0.0,"max_hp_gain":0.0,"max_hp_loss":0.0,"gold_gain":0.0,"event_name":"Ghosts","player_choice":"Ignored","floor":31.0,"gold_loss":0.0,"damage_taken":0.0},{"damage_healed":0.0,"max_hp_gain":0.0,"max_hp_loss":0.0,"gold_gain":300.0,"event_name":"Wheel of Change","player_choice":"Gold","floor":37.0,"gold_loss":0.0,"damage_taken":0.0}],"is_beta":true,"boss_relics":[{"not_picked":["Fusion Hammer","SlaversCollar"],"picked":"Philosopher\u0027s Stone"},{"not_picked":["Snecko Eye","Runic Dome"],"picked":"Astrolabe"}],"items_purged_floors":[36,45,54],"is_endless":false,"potions_floor_spawned":[5,7,11,14,18,24,28,38,44,46],"killed_by":"The Heart","ascension_level":20}