{"gold_per_floor":[116,126,141,316,316,347,362,395,395,410,461,129,129,129,129,233,233,252,265,364,364,364,398,398,408,435,462,462,462,462,473,473,571,571,591,607,226,326,336,368,368,368,392,392,34,66,79,79],"floor_reached":48,"playtime":2252,"items_purged":["Doubt","Writhe"],"score":667,"play_id":"3bdbf80f-69fb-4bb7-8115-e421da1e0c48","local_time":"20191005234823","is_ascension_mode":true,"campfire_choices":[{"floor":15,"key":"REST"},{"floor":24,"key":"REST"},{"floor":32,"key":"REST"},{"floor":41,"key":"DIG"}],"neow_cost":"NONE","seed_source_timestamp":534735781565299,"circlet_count":0,"master_deck":["Strike_G+1","Strike_G+1","Strike_G+1","Strike_G+1","Strike_G+1","Defend_G+1","Defend_G+1","Defend_G+1","Defend_G+1","Defend_G+1","Survivor+1","Neutralize","Outmaneuver","Predator","Poisoned Stab+1","Crippling Poison+1","Blur","Flying Knee","Underhanded Strike","Adrenaline","Deadly Poison","Noxious Fumes","Bouncing Flask+1","Well Laid Plans+1","Burst","Deadly Poison","Corpse Explosion","Outmaneuver","Catalyst+1","Poisoned Stab","Backflip+1","Underhanded Strike","Flying Knee","Transmutation","Mayhem+1","Infinite Blades+1","PiercingWail+1","Deadly Poison+1"],"relics":["Ring of the Serpent","NeowsBlessing","War Paint","Snake Skull","Lantern","Juzu Bracelet","Fusion Hammer","Frozen Egg 2","Shovel","Potion Belt","Enchiridion","Membership Card","Vajra","Orichalcum","The Specimen","Bronze Scales","Bag of Marbles","Smiling Mask","Kunai","Omamori","Art of War"],"potions_floor_usage":[8,16,23,27,27,33,33,33,33,33,33,47,48,48],"damage_taken":[{"damage":0,"enemies":"Small Slimes","floor":1,"turns":1},{"damage":0,"enemies":"Jaw Worm","floor":2,"turns":1},{"damage":0,"enemies":"2 Louse","floor":3,"turns":1},{"damage":26,"enemies":"Lagavulin","floor":6,"turns":6},{"damage":0,"enemies":"2 Fungi Beasts","floor":7,"turns":4},{"damage":27,"enemies":"3 Sentries","floor":8,"turns":9},{"damage":2,"enemies":"3 Louse","floor":10,"turns":4},{"damage":26,"enemies":"The Guardian","floor":16,"turns":11},{"damage":8,"enemies":"Shell Parasite","floor":18,"turns":4},{"damage":0,"enemies":"Chosen","floor":19,"turns":4},{"damage":30,"enemies":"Book of Stabbing","floor":23,"turns":6},{"damage":5,"enemies":"Snake Plant","floor":25,"turns":4},{"damage":8,"enemies":"Slavers","floor":27,"turns":3},{"damage":1,"enemies":"Centurion and Healer","floor":31,"turns":4},{"damage":39,"enemies":"Collector","floor":33,"turns":7},{"damage":18,"enemies":"3 Shapes","floor":35,"turns":3},{"damage":9,"enemies":"3 Darklings","floor":36,"turns":3},{"damage":3,"enemies":"Mind Bloom Boss Battle","floor":38,"turns":4},{"damage":3,"enemies":"4 Shapes","floor":39,"turns":3},{"damage":3,"enemies":"Giant Head","floor":40,"turns":5},{"damage":44,"enemies":"Reptomancer","floor":46,"turns":5},{"damage":0,"enemies":"Sphere and 2 Shapes","floor":47,"turns":4},{"damage":27,"enemies":"Transient","floor":48,"turns":3}],"seed_played":"8048441710359674945","potions_obtained":[{"floor":3,"key":"FairyPotion"},{"floor":7,"key":"PowerPotion"},{"floor":10,"key":"Strength Potion"},{"floor":19,"key":"Regen Potion"},{"floor":23,"key":"SteroidPotion"},{"floor":25,"key":"SteroidPotion"},{"floor":36,"key":"GhostInAJar"},{"floor":38,"key":"Ancient Potion"},{"floor":39,"key":"Strength Potion"}],"is_trial":false,"path_per_floor":["M","M","M","?","?","E","M","E","T","M","?","$","?","?","R","B",null,"M","M","?","?","?","E","R","M","T","E","T","?","?","M","R","B",null,"M","M","$","?","M","E","R","?","T","?","$","E","M","M"],"character_chosen":"THE_SILENT","items_purchased":["EntropicBrew","Juzu Bracelet","Membership Card","Vajra","Poisoned Stab","Orichalcum","Kunai","Omamori","Mayhem+1","Infinite Blades+1"],"campfire_rested":3,"item_purchase_floors":[12,12,37,37,37,37,45,45,45,45],"current_hp_per_floor":[70,70,70,70,56,30,30,3,3,1,1,1,1,1,22,7,70,62,62,62,49,49,34,56,51,51,43,43,27,27,26,48,9,75,57,48,48,45,42,39,39,39,39,58,58,14,14,0],"gold":79,"neow_bonus":"THREE_ENEMY_KILL","is_prod":false,"is_daily":false,"chose_seed":false,"campfire_upgraded":0,"win_rate":0,"timestamp":1570312103,"path_taken":["M","M","M","?","?","E","M","E","T","M","?","$","?","?","R","BOSS","M","M","?","?","?","E","R","M","T","E","?","?","?","M","R","BOSS","M","M","$","?","M","E","R","?","T","?","$","E","M","M"],"build_version":"2019-07-17","purchased_purges":2,"victory":false,"max_hp_per_floor":[70,70,70,70,70,70,70,70,70,70,70,70,70,70,70,70,70,70,70,70,75,75,75,75,75,75,75,75,75,75,75,75,75,75,75,75,75,75,75,75,75,75,75,75,75,75,75,75],"card_choices":[{"not_picked":["Blade Dance","Flechettes"],"picked":"Outmaneuver","floor":1},{"not_picked":["Expertise","Slice"],"picked":"Predator","floor":2},{"not_picked":["Bane","Prepared"],"picked":"Poisoned Stab","floor":3},{"not_picked":["PiercingWail","Flechettes"],"picked":"Crippling Poison","floor":6},{"not_picked":["Glass Knife","Bane"],"picked":"Blur","floor":7},{"not_picked":["Sucker Punch","Tools of the Trade"],"picked":"Flying Knee","floor":8},{"not_picked":["Slice","Blade Dance"],"picked":"Underhanded Strike","floor":10},{"not_picked":["Phantasmal Killer","Glass Knife"],"picked":"Adrenaline","floor":16},{"not_picked":["Distraction","Sucker Punch+1"],"picked":"Deadly Poison","floor":18},{"not_picked":["Skewer","Backflip"],"picked":"Noxious Fumes","floor":19},{"not_picked":["PiercingWail","Accuracy"],"picked":"Bouncing Flask+1","floor":23},{"not_picked":["Expertise+1","Slice"],"picked":"Well Laid Plans+1","floor":25},{"not_picked":["Blade Dance","Eviscerate"],"picked":"Burst","floor":27},{"not_picked":["Dodge and Roll","Blade Dance"],"picked":"Deadly Poison","floor":31},{"not_picked":["A Thousand Cuts+1","Tools of the Trade+1"],"picked":"Corpse Explosion","floor":33},{"not_picked":["Eviscerate","Slice+1"],"picked":"Outmaneuver","floor":35},{"not_picked":["All Out Attack","Dodge and Roll+1"],"picked":"Catalyst+1","floor":36},{"not_picked":["Flechettes","Accuracy+1"],"picked":"Backflip+1","floor":38},{"not_picked":["Dodge and Roll+1","Cloak And Dagger"],"picked":"Underhanded Strike","floor":39},{"not_picked":["Outmaneuver","PiercingWail+1"],"picked":"Flying Knee","floor":40},{"not_picked":["Jack Of All Trades","Trip"],"picked":"Transmutation","floor":42},{"not_picked":["All Out Attack","Blade Dance+1"],"picked":"PiercingWail+1","floor":46},{"not_picked":["Acrobatics","Backflip"],"picked":"Deadly Poison+1","floor":47}],"player_experience":75612,"relics_obtained":[{"floor":6,"key":"War Paint"},{"floor":8,"key":"Snake Skull"},{"floor":9,"key":"Lantern"},{"floor":23,"key":"Frozen Egg 2"},{"floor":27,"key":"Shovel"},{"floor":28,"key":"Potion Belt"},{"floor":29,"key":"Enchiridion"},{"floor":38,"key":"The Specimen"},{"floor":40,"key":"Bronze Scales"},{"floor":41,"key":"Bag of Marbles"},{"floor":43,"key":"Smiling Mask"},{"floor":46,"key":"Art of War"}],"event_choices":[{"damage_healed":0,"gold_gain":175,"player_choice":"AGREE","damage_taken":0,"max_hp_gain":0,"max_hp_loss":0,"event_name":"Liars Game","floor":4,"gold_loss":0,"cards_obtained":["Doubt"]},{"damage_healed":0,"gold_gain":0,"player_choice":"Entered Light","damage_taken":14,"max_hp_gain":0,"max_hp_loss":0,"event_name":"Shining Light","floor":5,"gold_loss":0,"cards_upgraded":["Defend_G","Poisoned Stab"]},{"damage_healed":0,"gold_gain":51,"player_choice":"Gained Gold","damage_taken":0,"max_hp_gain":0,"max_hp_loss":0,"event_name":"Golden Wing","floor":11,"gold_loss":0},{"damage_healed":0,"gold_gain":0,"player_choice":"Fled","damage_taken":0,"max_hp_gain":0,"max_hp_loss":0,"event_name":"Scrap Ooze","floor":13,"gold_loss":0},{"damage_healed":0,"gold_gain":0,"player_choice":"Grow","damage_taken":0,"max_hp_gain":0,"max_hp_loss":0,"event_name":"Living Wall","floor":14,"gold_loss":0,"cards_upgraded":["Crippling Poison"]},{"damage_healed":0,"gold_gain":99,"player_choice":"Stole From Cult","damage_taken":0,"max_hp_gain":0,"max_hp_loss":0,"event_name":"Nest","floor":20,"gold_loss":0},{"damage_healed":0,"gold_gain":0,"player_choice":"Shed Blood","damage_taken":18,"max_hp_gain":5,"max_hp_loss":0,"event_name":"Forgotten Altar","floor":21,"gold_loss":0},{"damage_healed":0,"gold_gain":0,"player_choice":"Simplicity","damage_taken":0,"max_hp_gain":0,"max_hp_loss":0,"event_name":"Back to Basics","floor":22,"gold_loss":0,"cards_upgraded":["Strike_G","Strike_G","Strike_G","Strike_G","Strike_G","Defend_G","Defend_G","Defend_G"]},{"damage_healed":0,"gold_gain":0,"player_choice":"Obtained Book","damage_taken":16,"max_hp_gain":0,"max_hp_loss":0,"event_name":"Cursed Tome","floor":29,"gold_loss":0},{"damage_healed":0,"gold_gain":0,"player_choice":"Ignored","damage_taken":0,"max_hp_gain":0,"max_hp_loss":0,"event_name":"Ghosts","floor":30,"gold_loss":0},{"damage_healed":0,"gold_gain":0,"player_choice":"Fight","damage_taken":0,"max_hp_gain":0,"max_hp_loss":0,"event_name":"MindBloom","floor":38,"gold_loss":0},{"damage_healed":0,"gold_gain":0,"player_choice":"Memory 1","damage_taken":0,"max_hp_gain":0,"max_hp_loss":0,"event_name":"SensoryStone","floor":42,"gold_loss":0},{"damage_healed":19,"gold_gain":0,"player_choice":"Writhe","damage_taken":0,"max_hp_gain":0,"max_hp_loss":0,"event_name":"Winding Halls","floor":44,"gold_loss":0,"cards_obtained":["Writhe"]}],"is_beta":false,"boss_relics":[{"not_picked":["Runic Dome","Sozu"],"picked":"Fusion Hammer"},{"not_picked":["White Beast Statue","Black Star"],"picked":"Ring of the Serpent"}],"items_purged_floors":[12,45],"is_endless":false,"potions_floor_spawned":[3,7,10,19,23,25,36,38,39],"killed_by":"Transient","ascension_level":2}