{"gold_per_floor":[113,133,145,145,155,187,207,226,226,301,301,301],"floor_reached":12,"playtime":529,"items_purged":[],"score":82,"play_id":"774038df-3776-4fc1-afc3-5b2cc874dc3c","local_time":"20190916100802","is_ascension_mode":false,"campfire_choices":[{"floor":11,"key":"REST"}],"neow_cost":"NONE","seed_source_timestamp":261231385958408,"circlet_count":0,"master_deck":["Strike_P","Strike_P","Strike_P","Strike_P","Defend_P","Defend_P","Defend_P","Defend_P","Eruption","Vigilance","Conclude","EmptyMind","BowlingBash","Regret","ClearTheMind","InnerPeace","Alpha","Protect"],"relics":["PureWater","Pantograph","Potion Belt","Molten Egg 2"],"potions_floor_usage":[6,6,6,7,8],"damage_taken":[{"damage":0,"enemies":"2 Louse","floor":1,"turns":3},{"damage":0,"enemies":"Jaw Worm","floor":2,"turns":4},{"damage":0,"enemies":"Small Slimes","floor":3,"turns":2},{"damage":8,"enemies":"Looter","floor":5,"turns":4},{"damage":14,"enemies":"Gremlin Nob","floor":6,"turns":3},{"damage":18,"enemies":"Exordium Thugs","floor":7,"turns":6},{"damage":13,"enemies":"Red Slaver","floor":8,"turns":5},{"damage":24,"enemies":"Lots of Slimes","floor":12,"turns":3}],"seed_played":"-2225655978043205217","potions_obtained":[{"floor":0,"key":"EssenceOfSteel"},{"floor":0,"key":"Strength Potion"},{"floor":0,"key":"LiquidBronze"},{"floor":6,"key":"SteroidPotion"},{"floor":7,"key":"PowerPotion"}],"is_trial":false,"path_per_floor":["M","M","M","?","M","E","M","M","T","?","R","M"],"character_chosen":"WATCHER","items_purchased":[],"campfire_rested":1,"item_purchase_floors":[],"current_hp_per_floor":[65,65,65,65,57,43,25,12,12,1,20,0],"gold":301,"neow_bonus":"THREE_SMALL_POTIONS","is_prod":false,"is_daily":false,"chose_seed":false,"campfire_upgraded":0,"win_rate":0.0,"timestamp":1568639282,"path_taken":["M","M","M","?","M","E","M","M","T","?","R","M"],"build_version":"2019-09-12","purchased_purges":0,"victory":false,"max_hp_per_floor":[65,65,65,65,65,65,65,65,65,65,65,65],"card_choices":[{"not_picked":["DeceiveReality","EmptyMind"],"picked":"Conclude","floor":1},{"not_picked":["Vengeance","Prostrate"],"picked":"EmptyMind","floor":2},{"not_picked":["Establishment","CrushJoints"],"picked":"BowlingBash","floor":3},{"not_picked":["Crescendo","Weave"],"picked":"ClearTheMind","floor":5},{"not_picked":["Tantrum","TalkToTheHand"],"picked":"InnerPeace","floor":6},{"not_picked":["FollowUp","StepAndStrike"],"picked":"Alpha","floor":7},{"not_picked":["CutThroughFate","FlyingSleeves"],"picked":"Protect","floor":8}],"player_experience":423078,"relics_obtained":[{"floor":6,"key":"Potion Belt"},{"floor":9,"key":"Molten Egg 2"}],"event_choices":[{"damage_healed":0,"gold_gain":0,"player_choice":"Box","damage_taken":0,"relics_obtained":["Pantograph"],"max_hp_gain":0,"max_hp_loss":0,"event_name":"Big Fish","floor":4,"gold_loss":0,"cards_obtained":["Regret"]},{"damage_healed":0,"gold_gain":75,"player_choice":"Gather Gold","damage_taken":11,"max_hp_gain":0,"max_hp_loss":0,"event_name":"World of Goop","floor":10,"gold_loss":0}],"is_beta":true,"boss_relics":[],"items_purged_floors":[],"is_endless":false,"potions_floor_spawned":[1,6,7],"killed_by":"Lots of Slimes","ascension_level":0}