{"gold_per_floor":[114,124,140,158,158,158,189,206,256,274,274,294,294,294,294,365,365,384,400,53,53,69,69,89,89,119,44,78,78,78,78,78,155,155,170,188,9,9,0,0,26,26,26,74,119,178,178,178,178,178,178],"floor_reached":51,"playtime":3284,"items_purged":["Strike_R"],"score":1346,"play_id":"d1d3a9e6-4c61-45a8-bde6-42eac4467b9c","local_time":"20190825144556","is_ascension_mode":true,"campfire_choices":[{"data":"Armaments","floor":6.0,"key":"SMITH"},{"floor":11.0,"key":"REST"},{"data":"True Grit","floor":13.0,"key":"SMITH"},{"data":"Clothesline","floor":15.0,"key":"SMITH"},{"floor":23.0,"key":"REST"},{"data":"Impervious","floor":25.0,"key":"SMITH"},{"data":"Combust","floor":29.0,"key":"SMITH"},{"floor":32.0,"key":"REST"},{"data":"HandOfGreed","floor":40,"key":"SMITH"},{"data":"Spot Weakness","floor":42,"key":"SMITH"},{"floor":47,"key":"REST"},{"floor":49,"key":"REST"}],"neow_cost":"NONE","seed_source_timestamp":769499144607010,"circlet_count":0,"master_deck":["AscendersBane","Strike_R","Strike_R","Strike_R","Strike_R","Defend_R","Defend_R","Defend_R","Bash","Bludgeon+1","Armaments+1","Thunderclap","Clothesline+1","Combust+1","Iron Wave","True Grit+1","Impervious+1","Shrug It Off","Blood for Blood","The Bomb","Combust+1","Necronomicurse","Reaper","Pommel Strike+1","HandOfGreed+1","Spot Weakness+1","Armaments+1","Iron Wave+1","Evolve+1"],"special_seed":0,"relics":["Burning Blood","Calipers","Juzu Bracelet","Snecko Eye","Ancient Tea Set","Tiny Chest","Self Forming Clay","Necronomicon","Mark of Pain","Red Mask","Bag of Marbles","Letter Opener","Champion Belt","Sundial","Happy Flower"],"potions_floor_usage":[41,46,50,51],"damage_taken":[{"damage":6.0,"enemies":"2 Louse","floor":1.0,"turns":3.0},{"damage":12.0,"enemies":"Jaw Worm","floor":2.0,"turns":2.0},{"damage":12.0,"enemies":"Small Slimes","floor":3.0,"turns":2.0},{"damage":12.0,"enemies":"Looter","floor":4.0,"turns":4.0},{"damage":26.0,"enemies":"Gremlin Nob","floor":7.0,"turns":4.0},{"damage":12.0,"enemies":"Lots of Slimes","floor":8.0,"turns":3.0},{"damage":4.0,"enemies":"Exordium Wildlife","floor":10.0,"turns":3.0},{"damage":4.0,"enemies":"Looter","floor":12.0,"turns":4.0},{"damage":37.0,"enemies":"The Guardian","floor":16.0,"turns":11.0},{"damage":32.0,"enemies":"3 Byrds","floor":18.0,"turns":5.0},{"damage":3.0,"enemies":"Shell Parasite","floor":19.0,"turns":5.0},{"damage":18.0,"enemies":"Snecko","floor":22.0,"turns":4.0},{"damage":1.0,"enemies":"Centurion and Healer","floor":24.0,"turns":4.0},{"damage":10.0,"enemies":"Book of Stabbing","floor":28.0,"turns":4.0},{"damage":58,"enemies":"Automaton","floor":33,"turns":7},{"damage":0,"enemies":"3 Darklings","floor":35,"turns":5},{"damage":11,"enemies":"3 Shapes","floor":36,"turns":6},{"damage":22,"enemies":"Nemesis","floor":41,"turns":5},{"damage":5,"enemies":"2 Orb Walkers","floor":44,"turns":2},{"damage":0,"enemies":"Writhing Mass","floor":45,"turns":2},{"damage":57,"enemies":"Giant Head","floor":46,"turns":7},{"damage":44,"enemies":"Donu and Deca","floor":50,"turns":7},{"damage":52,"enemies":"Awakened One","floor":51,"turns":8}],"seed_played":"8984232188736815656","potions_obtained":[{"floor":2.0,"key":"Ancient Potion"},{"floor":4.0,"key":"SkillPotion"},{"floor":10.0,"key":"SpeedPotion"},{"floor":12.0,"key":"Block Potion"},{"floor":16.0,"key":"Dexterity Potion"},{"floor":19.0,"key":"Weak Potion"},{"floor":21.0,"key":"Regen Potion"},{"floor":28.0,"key":"Ancient Potion"},{"floor":44,"key":"Fire Potion"},{"floor":45,"key":"PowerPotion"},{"floor":46,"key":"LiquidBronze"}],"is_trial":false,"path_per_floor":["M","M","M","M","?","R","E","M","T","M","R","M","R","?","R","B",null,"M","M","$","?","M","R","M","R","T","$","E","R","?","?","R","B",null,"M","M","$","?","?","R","E","R","T","?","M","E","R","T","R","B","B"],"character_chosen":"IRONCLAD","items_purchased":["Ancient Tea Set","The Bomb","HandOfGreed"],"campfire_rested":5,"item_purchase_floors":[20,20,37],"current_hp_per_floor":[68,62,56,50,50,50,30,24,24,26,48,50,50,50,50,19,61,35,38,38,38,26,48,65,65,65,65,61,61,40,40,62,10,59,71,66,66,66,66,66,56,56,56,75,75,27,49,49,71,46,0],"gold":178,"neow_bonus":"ONE_RANDOM_RARE_CARD","is_prod":false,"is_daily":false,"chose_seed":false,"campfire_upgraded":7,"win_rate":0,"timestamp":1566758756,"path_taken":["M","M","M","M","?","R","E","M","T","M","R","M","R","?","R","BOSS","M","M","$","?","M","R","M","R","T","$","E","R","?","?","R","BOSS","M","M","$","?","?","R","E","R","T","?","M","E","R","?","R","BOSS","BOSS"],"build_version":"2019-01-23","purchased_purges":1,"victory":false,"max_hp_per_floor":[75,75,75,75,75,75,75,75,75,75,75,75,75,75,75,75,75,75,75,75,75,75,75,75,75,75,75,75,75,75,75,75,75,75,75,75,75,75,75,75,75,75,75,75,75,75,75,75,75,75,75],"card_choices":[{"not_picked":["True Grit","Flame Barrier"],"picked":"Armaments","floor":1.0},{"not_picked":["Body Slam","Headbutt"],"picked":"Thunderclap","floor":2.0},{"not_picked":["Reckless Charge","Flex"],"picked":"Clothesline","floor":3.0},{"not_picked":["Body Slam","Havoc"],"picked":"Combust","floor":4.0},{"not_picked":["Havoc","Thunderclap","Infernal Blade"],"picked":"SKIP","floor":7.0},{"not_picked":["Havoc","Heavy Blade","Second Wind"],"picked":"SKIP","floor":8.0},{"not_picked":["Cleave","Thunderclap"],"picked":"Iron Wave","floor":10.0},{"not_picked":["Sword Boomerang","Corruption"],"picked":"True Grit","floor":12.0},{"not_picked":["Exhume","Bludgeon"],"picked":"Impervious","floor":16.0},{"not_picked":["Cleave","Flex"],"picked":"Shrug It Off","floor":18.0},{"not_picked":["Body Slam","Metallicize"],"picked":"Blood for Blood","floor":19.0},{"not_picked":["Cleave","Infernal Blade"],"picked":"Combust","floor":22.0},{"not_picked":["Battle Trance","Headbutt","Searing Blow"],"picked":"SKIP","floor":24.0},{"not_picked":["Limit Break","Warcry","Feel No Pain"],"picked":"SKIP","floor":28.0},{"not_picked":["Fiend Fire","Juggernaut"],"picked":"Reaper","floor":33},{"not_picked":["Clash","Cleave"],"picked":"Pommel Strike+1","floor":35},{"not_picked":["Anger","Thunderclap+1","True Grit"],"picked":"SKIP","floor":36},{"not_picked":["Clash","Seeing Red+1"],"picked":"Spot Weakness","floor":41},{"not_picked":["Clash","Perfected Strike"],"picked":"Armaments+1","floor":44},{"not_picked":["Burning Pact","Infernal Blade"],"picked":"Iron Wave+1","floor":45},{"not_picked":["Shockwave","Hemokinesis"],"picked":"Evolve+1","floor":46}],"player_experience":2845979,"relics_obtained":[{"floor":7.0,"key":"Calipers"},{"floor":9.0,"key":"Juzu Bracelet"},{"floor":26.0,"key":"Tiny Chest"},{"floor":28.0,"key":"Self Forming Clay"},{"floor":30.0,"key":"Necronomicon"},{"floor":41,"key":"Bag of Marbles"},{"floor":43,"key":"Letter Opener"},{"floor":44,"key":"Champion Belt"},{"floor":46,"key":"Sundial"},{"floor":48,"key":"Happy Flower"}],"event_choices":[{"damage_healed":0.0,"max_hp_gain":0.0,"max_hp_loss":0.0,"gold_gain":0.0,"event_name":"Liars Game","player_choice":"Ignored","floor":5.0,"gold_loss":0.0,"damage_taken":0.0},{"damage_healed":0.0,"max_hp_gain":0.0,"max_hp_loss":0.0,"gold_gain":0.0,"event_name":"Living Wall","player_choice":"Grow","floor":14.0,"gold_loss":0.0,"damage_taken":0.0,"cards_upgraded":["Bludgeon"]},{"damage_healed":0.0,"max_hp_gain":0.0,"max_hp_loss":0.0,"gold_gain":0.0,"event_name":"Lab","player_choice":"Got Potions","floor":21.0,"gold_loss":0.0,"damage_taken":0.0},{"damage_healed":0.0,"max_hp_gain":0.0,"max_hp_loss":0.0,"gold_gain":0.0,"event_name":"Cursed Tome","player_choice":"Obtained Book","floor":30.0,"gold_loss":0.0,"damage_taken":21.0},{"damage_healed":0.0,"max_hp_gain":0.0,"max_hp_loss":0.0,"gold_gain":0.0,"event_name":"Accursed Blacksmith","player_choice":"Forge","floor":31.0,"gold_loss":0.0,"damage_taken":0.0,"cards_upgraded":["Combust"]},{"cards_removed":["Defend_R"],"damage_healed":0,"gold_gain":0,"player_choice":"Removed Skill","damage_taken":0,"max_hp_gain":0,"max_hp_loss":0,"event_name":"Falling","floor":38,"gold_loss":0},{"damage_healed":0,"gold_gain":0,"player_choice":"Paid","damage_taken":0,"relics_obtained":["Red Mask"],"max_hp_gain":0,"max_hp_loss":0,"event_name":"Tomb of Lord Red Mask","floor":39,"gold_loss":9},{"damage_healed":0,"gold_gain":0,"player_choice":"Fight","damage_taken":0,"max_hp_gain":0,"max_hp_loss":0,"event_name":"Mysterious Sphere","floor":44,"gold_loss":0}],"is_beta":false,"boss_relics":[{"not_picked":["Pandora\u0027s Box","Philosopher\u0027s Stone"],"picked":"Snecko Eye"},{"not_picked":["White Beast Statue","Empty Cage"],"picked":"Mark of Pain"}],"items_purged_floors":[27],"is_endless":false,"potions_floor_spawned":[2,4,10,12,16,19,28,44,45,46],"killed_by":"Awakened One","ascension_level":20}