{"gold_per_floor":[361,110,35,55,74,74,87,112,112,131,50,77,77,47,47,123,123,134,144,144,144,144,170,170,183,183,218,11,30,30,44,44,116,116,135,146,163,179,179,179,204,218,269,303,6,6,22,73,73,73,73,73,73,10,36,36],"floor_reached":56,"playtime":7504,"items_purged":["Strike_P","Doubt","Strike_P"],"score":2164,"play_id":"3a075bd5-791d-4cb3-b9f5-bb37578e4268","local_time":"20190928163339","is_ascension_mode":true,"campfire_choices":[{"data":"Apotheosis","floor":6.0,"key":"SMITH"},{"data":"ThirdEye","floor":13.0,"key":"SMITH"},{"data":"Eruption","floor":15.0,"key":"SMITH"},{"floor":24.0,"key":"REST"},{"floor":30.0,"key":"REST"},{"floor":32.0,"key":"REST"},{"floor":40.0,"key":"RECALL"},{"floor":46.0,"key":"REST"},{"floor":49.0,"key":"REST"},{"floor":53,"key":"REST"}],"neow_cost":"PERCENT_DAMAGE","seed_source_timestamp":0,"circlet_count":0,"master_deck":["AscendersBane","Strike_P","Defend_P","Defend_P","Defend_P","Defend_P","Eruption+1","Vigilance+1","SashWhip+1","Apotheosis+1","Wallop","Consecrate+1","Sanctity","ThirdEye+1","Tantrum","EmptyFist","Omniscience","CrushJoints","TalkToTheHand","ThirdEye+1","Alpha+1","DeceiveReality","ClearTheMind","Meditate","Vault","ThirdEye","Weave","TalkToTheHand+1","EmptyMind"],"special_seed":0,"relics":["PureWater","InkBottle","Whetstone","Kunai","Cursed Key","Juzu Bracelet","Strawberry","Fusion Hammer","Art of War","War Paint","Membership Card","Oddly Smooth Stone","Nunchaku","Toy Ornithopter"],"potions_floor_usage":[51,56],"damage_taken":[{"damage":4.0,"enemies":"Small Slimes","floor":1.0,"turns":6.0},{"damage":0.0,"enemies":"2 Louse","floor":4.0,"turns":3.0},{"damage":0.0,"enemies":"Cultist","floor":5.0,"turns":3.0},{"damage":0.0,"enemies":"Exordium Wildlife","floor":7.0,"turns":3.0},{"damage":0.0,"enemies":"Lagavulin","floor":8.0,"turns":4.0},{"damage":0.0,"enemies":"Looter","floor":10.0,"turns":3.0},{"damage":4.0,"enemies":"3 Sentries","floor":12.0,"turns":4.0},{"damage":0.0,"enemies":"Slime Boss","floor":16.0,"turns":5.0},{"damage":0.0,"enemies":"Spheric Guardian","floor":18.0,"turns":3.0},{"damage":0.0,"enemies":"Chosen","floor":19.0,"turns":3.0},{"damage":3.0,"enemies":"Gremlin Leader","floor":23.0,"turns":4.0},{"damage":0.0,"enemies":"3 Cultists","floor":25.0,"turns":3.0},{"damage":32.0,"enemies":"Slavers","floor":27.0,"turns":6.0},{"damage":9.0,"enemies":"Centurion and Healer","floor":29.0,"turns":6.0},{"damage":16.0,"enemies":"Sentry and Sphere","floor":31.0,"turns":4.0},{"damage":0.0,"enemies":"Champ","floor":33.0,"turns":5.0},{"damage":1.0,"enemies":"Orb Walker","floor":35.0,"turns":3.0},{"damage":6.0,"enemies":"3 Shapes","floor":36.0,"turns":5.0},{"damage":5.0,"enemies":"Jaw Worm Horde","floor":37.0,"turns":4.0},{"damage":8.0,"enemies":"Sphere and 2 Shapes","floor":38.0,"turns":6.0},{"damage":1.0,"enemies":"Nemesis","floor":41.0,"turns":9.0},{"damage":0.0,"enemies":"3 Darklings","floor":42.0,"turns":4.0},{"damage":10.0,"enemies":"Giant Head","floor":44.0,"turns":6.0},{"damage":0.0,"enemies":"Maw","floor":47.0,"turns":6.0},{"damage":41.0,"enemies":"2 Orb Walkers","floor":48.0,"turns":4.0},{"damage":30.0,"enemies":"Awakened One","floor":50.0,"turns":8.0},{"damage":16,"enemies":"Time Eater","floor":51,"turns":12},{"damage":71,"enemies":"Shield and Spear","floor":55,"turns":5},{"damage":15,"enemies":"The Heart","floor":56,"turns":2}],"seed_played":"-4311506956998470783","potions_obtained":[{"floor":1.0,"key":"FearPotion"},{"floor":5.0,"key":"Fire Potion"},{"floor":14.0,"key":"StancePotion"},{"floor":14.0,"key":"EntropicBrew"},{"floor":16.0,"key":"SteroidPotion"},{"floor":23.0,"key":"LiquidBronze"},{"floor":25.0,"key":"Block Potion"},{"floor":29.0,"key":"AttackPotion"},{"floor":33.0,"key":"Dexterity Potion"},{"floor":41.0,"key":"Block Potion"},{"floor":48.0,"key":"AttackPotion"},{"floor":55,"key":"SkillPotion"}],"is_trial":false,"path_per_floor":["M","$","?","M","M","R","M","E","T","M","$","E","R","?","R","B",null,"M","M","?","?","?","E","R","M","T","E","$","M","R","M","R","B",null,"M","M","M","M","?","R","E","M","T","E","$","R","M","?","R","B","B",null,"R","$","E","B"],"character_chosen":"WATCHER","items_purchased":["Apotheosis","Wallop","Tantrum","DeceiveReality","SteroidPotion","Membership Card","Oddly Smooth Stone"],"campfire_rested":6,"item_purchase_floors":[2,2,11,28,28,45,45],"current_hp_per_floor":[39,39,39,39,39,39,39,39,39,39,39,35,35,35,35,35,60,60,60,60,41,41,38,59,59,59,34,34,25,49,33,57,57,74,73,67,62,54,54,54,53,53,53,43,43,67,67,26,50,20,4,61,80,80,9,0],"gold":36,"neow_bonus":"TWO_FIFTY_GOLD","is_prod":false,"is_daily":false,"chose_seed":false,"campfire_upgraded":3,"win_rate":0,"timestamp":1569645219,"path_taken":["M","$","?","M","M","R","M","E","T","M","$","E","R","?","R","BOSS","M","M","?","?","?","E","R","M","T","E","$","M","R","M","R","BOSS","M","M","M","M","?","R","E","M","T","E","$","R","M","?","R","BOSS","BOSS","R","$","E","BOSS"],"build_version":"2019-09-27","purchased_purges":3,"victory":false,"max_hp_per_floor":[68,68,68,68,68,68,68,68,68,68,68,68,68,68,68,68,68,68,68,68,73,73,73,73,73,73,80,80,80,80,80,80,80,80,80,80,80,80,80,80,80,80,80,80,80,80,80,80,80,80,80,80,80,80,80,80],"card_choices":[{"not_picked":["PathToVictory","Perseverance"],"picked":"SashWhip","floor":1.0},{"not_picked":["MasterReality","Swivel"],"picked":"Consecrate","floor":4.0},{"not_picked":["PathToVictory","FlyingSleeves"],"picked":"Sanctity","floor":5.0},{"not_picked":["Sanctity","InnerPeace","Collect"],"picked":"SKIP","floor":7.0},{"not_picked":["DeceiveReality","FollowUp"],"picked":"ThirdEye","floor":8.0},{"not_picked":["Consecrate","Halt","JustLucky"],"picked":"SKIP","floor":10.0},{"not_picked":["Unraveling","FollowUp"],"picked":"EmptyFist","floor":12.0},{"not_picked":["ReachHeaven","LessonLearned"],"picked":"Omniscience","floor":16.0},{"not_picked":["Weave","FlyingSleeves+1","Tantrum"],"picked":"SKIP","floor":18.0},{"not_picked":["Consecrate","BattleHymn"],"picked":"CrushJoints","floor":19.0},{"not_picked":["JustLucky","EmptyFist"],"picked":"TalkToTheHand","floor":23.0},{"not_picked":["Crescendo","Indignation"],"picked":"ThirdEye+1","floor":25.0},{"not_picked":["Blasphemy","CrushJoints"],"picked":"Alpha","floor":27.0},{"not_picked":["JustLucky","EmptyBody"],"picked":"ClearTheMind","floor":29.0},{"not_picked":["Prostrate+1","Tantrum"],"picked":"Meditate","floor":31.0},{"not_picked":["DeusExMachina","Alpha"],"picked":"Vault","floor":33.0},{"not_picked":["Tantrum","MasterReality"],"picked":"ThirdEye","floor":35.0},{"not_picked":["Consecrate","Wireheading+1","JustLucky"],"picked":"SKIP","floor":36.0},{"not_picked":["JustLucky+1","Consecrate","SashWhip"],"picked":"SKIP","floor":37.0},{"not_picked":["FlurryOfBlows+1","MentalFortress"],"picked":"Weave","floor":38.0},{"not_picked":["EmptyFist","CrushJoints"],"picked":"TalkToTheHand+1","floor":41.0},{"not_picked":["CutThroughFate","Indignation","SpiritShield+1"],"picked":"SKIP","floor":42.0},{"not_picked":["JustLucky","Indignation","PathToVictory+1"],"picked":"SKIP","floor":44.0},{"not_picked":["Crescendo","FlyingSleeves+1","FearNoEvil"],"picked":"SKIP","floor":47.0},{"not_picked":["MentalFortress","InnerPeace"],"picked":"EmptyMind","floor":48.0},{"not_picked":["SandsOfTime","WreathOfFlame","TalkToTheHand+1"],"picked":"SKIP","floor":55}],"player_experience":1285244,"relics_obtained":[{"floor":8.0,"key":"InkBottle"},{"floor":9.0,"key":"Whetstone"},{"floor":12.0,"key":"Kunai"},{"floor":23.0,"key":"Juzu Bracelet"},{"floor":27.0,"key":"Strawberry"},{"floor":41.0,"key":"Art of War"},{"floor":44.0,"key":"War Paint"},{"floor":48.0,"key":"Nunchaku"},{"floor":55,"key":"Toy Ornithopter"}],"event_choices":[{"cards_removed":["Strike_P"],"damage_healed":0.0,"max_hp_gain":0.0,"max_hp_loss":0.0,"gold_gain":0.0,"event_name":"The Cleric","player_choice":"Card Removal","floor":3.0,"gold_loss":75.0,"damage_taken":0.0},{"damage_healed":0.0,"max_hp_gain":0.0,"max_hp_loss":0.0,"gold_gain":0.0,"event_name":"The Woman in Blue","player_choice":"Bought 2 Potions","floor":14.0,"gold_loss":0.0,"damage_taken":0.0},{"damage_healed":0.0,"max_hp_gain":0.0,"max_hp_loss":0.0,"gold_gain":0.0,"event_name":"Vampires","player_choice":"Ignored","floor":20.0,"gold_loss":0.0,"damage_taken":0.0},{"damage_healed":0.0,"max_hp_gain":5.0,"max_hp_loss":0.0,"gold_gain":0.0,"event_name":"Forgotten Altar","player_choice":"Shed Blood","floor":21.0,"gold_loss":0.0,"damage_taken":24.0},{"damage_healed":0.0,"max_hp_gain":0.0,"max_hp_loss":0.0,"gold_gain":0.0,"event_name":"The Mausoleum","player_choice":"Ignored","floor":22.0,"gold_loss":0.0,"damage_taken":0.0},{"damage_healed":0.0,"max_hp_gain":0.0,"max_hp_loss":0.0,"gold_gain":0.0,"event_name":"Tomb of Lord Red Mask","player_choice":"Ignored","floor":39.0,"gold_loss":0.0,"damage_taken":0.0},{"damage_healed":0.0,"max_hp_gain":0.0,"max_hp_loss":0.0,"gold_gain":0.0,"event_name":"Mysterious Sphere","player_choice":"Fight","floor":48.0,"gold_loss":0.0,"damage_taken":0.0}],"is_beta":true,"boss_relics":[{"not_picked":["Tiny House","Busted Crown"],"picked":"Cursed Key"},{"not_picked":["Runic Dome","Coffee Dripper"],"picked":"Fusion Hammer"}],"items_purged_floors":[28,45,54],"is_endless":false,"potions_floor_spawned":[1,5,16,23,25,29,33,36,38,41,48,55],"killed_by":"The Heart","ascension_level":20}