{"gold_per_floor":[113,113,163,177,19,44,44,78,78,97,113,125,145,155,155,230,230,241,241,83,83,100,126,126,146,172,172,172,202,202,215,215,215],"floor_reached":33,"playtime":3402,"items_purged":["Strike_G"],"score":694,"play_id":"8cd8afba-892f-4aea-9c9a-4ed61e2849ac","local_time":"20190926182641","is_ascension_mode":true,"campfire_choices":[{"data":"Neutralize","floor":7.0,"key":"SMITH"},{"floor":15.0,"key":"REST"},{"data":"Footwork","floor":27,"key":"SMITH"},{"floor":30,"key":"REST"},{"floor":32,"key":"REST"}],"neow_cost":"NONE","seed_source_timestamp":0,"circlet_count":0,"master_deck":["AscendersBane","Defend_G","Defend_G","Defend_G","Defend_G","Strike_G","Strike_G","Strike_G","Survivor","Neutralize+1","Dagger Spray","Dash","PiercingWail","Footwork+1","Deadly Poison+1","Dodge and Roll+1","Poisoned Stab","Bane","Bullet Time+1","Bouncing Flask+1","Venomology+1","Heel Hook","Catalyst+1","Acrobatics+1","Blur+1","Backstab","Bane"],"special_seed":0,"relics":["Ring of the Snake","NeowsBlessing","Vajra","Bronze Scales","Toxic Egg 2","Frozen Egg 2","Velvet Choker","Bag of Preparation","Bag of Marbles","Meat on the Bone"],"potions_floor_usage":[29,29,29,31,31,33],"damage_taken":[{"damage":0.0,"enemies":"Cultist","floor":1.0,"turns":1.0},{"damage":0.0,"enemies":"Jaw Worm","floor":4.0,"turns":1.0},{"damage":0.0,"enemies":"Gremlin Nob","floor":6.0,"turns":1.0},{"damage":14.0,"enemies":"3 Sentries","floor":8.0,"turns":8.0},{"damage":3.0,"enemies":"2 Louse","floor":10.0,"turns":1.0},{"damage":1.0,"enemies":"Looter","floor":11.0,"turns":3.0},{"damage":9.0,"enemies":"Large Slime","floor":12.0,"turns":7.0},{"damage":0.0,"enemies":"2 Fungi Beasts","floor":13.0,"turns":3.0},{"damage":12.0,"enemies":"Lots of Slimes","floor":14.0,"turns":4.0},{"damage":8.0,"enemies":"Hexaghost","floor":16.0,"turns":9.0},{"damage":12.0,"enemies":"Chosen","floor":18.0,"turns":5.0},{"damage":3.0,"enemies":"Shell Parasite","floor":22.0,"turns":5.0},{"damage":6.0,"enemies":"Gremlin Leader","floor":23.0,"turns":5.0},{"damage":0,"enemies":"Snecko","floor":25,"turns":5},{"damage":14,"enemies":"Colosseum Slavers","floor":28,"turns":5},{"damage":0,"enemies":"Book of Stabbing","floor":29,"turns":5},{"damage":5,"enemies":"Centurion and Healer","floor":31,"turns":4},{"damage":78,"enemies":"Champ","floor":33,"turns":13}],"seed_played":"-3125210520795631674","potions_obtained":[{"floor":4.0,"key":"GhostInAJar"},{"floor":10.0,"key":"FearPotion"},{"floor":11.0,"key":"SteroidPotion"},{"floor":18.0,"key":"SneckoOil"},{"floor":23.0,"key":"Strength Potion"},{"floor":29,"key":"Poison Potion"},{"floor":31,"key":"Energy Potion"}],"is_trial":false,"path_per_floor":["M","?","?","M","$","E","R","E","T","M","M","M","M","M","R","B",null,"M","?","$","?","M","E","?","M","T","R","?","E","R","M","R","B"],"character_chosen":"THE_SILENT","items_purchased":["Vajra","Catalyst+1"],"campfire_rested":3,"item_purchase_floors":[5,20],"current_hp_per_floor":[59,64,57,57,57,57,57,43,43,40,39,30,30,18,39,31,61,49,49,49,49,46,40,40,40,40,40,26,26,47,42,63,0],"gold":215,"neow_bonus":"THREE_ENEMY_KILL","is_prod":false,"is_daily":false,"chose_seed":false,"campfire_upgraded":2,"win_rate":0,"timestamp":1569536801,"path_taken":["M","?","?","M","$","E","R","E","T","?","M","M","M","M","R","BOSS","M","?","$","?","M","E","?","M","T","R","?","E","R","M","R","BOSS"],"build_version":"2019-01-23","purchased_purges":1,"victory":false,"max_hp_per_floor":[66,71,71,71,71,71,71,71,71,71,71,71,71,71,71,71,71,71,71,71,71,71,71,71,71,71,71,71,71,71,71,71,71],"card_choices":[{"not_picked":["Bane","Dagger Throw"],"picked":"Dagger Spray","floor":1.0},{"not_picked":["Acrobatics","Dagger Throw"],"picked":"Dash","floor":4.0},{"not_picked":["Reflex","Dodge and Roll"],"picked":"PiercingWail","floor":6.0},{"not_picked":["Finisher","Bane"],"picked":"Footwork","floor":8.0},{"not_picked":["Calculated Gamble+1","Dagger Throw"],"picked":"Deadly Poison+1","floor":10.0},{"not_picked":["Finisher","Infinite Blades+1","Prepared+1"],"picked":"SKIP","floor":11.0},{"not_picked":["Phantasmal Killer+1","Acrobatics+1"],"picked":"Dodge and Roll+1","floor":12.0},{"not_picked":["Calculated Gamble+1","Well Laid Plans+1"],"picked":"Poisoned Stab","floor":13.0},{"not_picked":["Slice","Flying Knee"],"picked":"Bane","floor":14.0},{"not_picked":["Die Die Die","Storm of Steel+1"],"picked":"Bullet Time+1","floor":16.0},{"not_picked":["PiercingWail+1","Slice+1"],"picked":"Bouncing Flask+1","floor":18.0},{"not_picked":["Concentrate+1","Blade Dance+1"],"picked":"Acrobatics+1","floor":22.0},{"not_picked":["Grand Finale","PiercingWail+1"],"picked":"Blur+1","floor":23.0},{"not_picked":["Flying Knee","Underhanded Strike+1","Blade Dance+1"],"picked":"SKIP","floor":25},{"not_picked":["Outmaneuver+1","Acrobatics+1"],"picked":"Backstab","floor":29},{"not_picked":["Flying Knee","Heel Hook"],"picked":"Bane","floor":31}],"player_experience":2986085,"relics_obtained":[{"floor":6.0,"key":"Bronze Scales"},{"floor":8.0,"key":"Toxic Egg 2"},{"floor":9.0,"key":"Frozen Egg 2"},{"floor":23.0,"key":"Bag of Preparation"},{"floor":26,"key":"Bag of Marbles"},{"floor":29,"key":"Meat on the Bone"}],"event_choices":[{"damage_healed":0.0,"max_hp_gain":5.0,"max_hp_loss":0.0,"gold_gain":0.0,"event_name":"Big Fish","player_choice":"Donut","floor":2.0,"gold_loss":0.0,"damage_taken":0.0},{"damage_healed":0.0,"max_hp_gain":0.0,"max_hp_loss":0.0,"gold_gain":50.0,"event_name":"FaceTrader","player_choice":"Touch","floor":3.0,"gold_loss":0.0,"damage_taken":7.0},{"damage_healed":0.0,"max_hp_gain":0.0,"max_hp_loss":0.0,"gold_gain":0.0,"cards_transformed":["Defend_G","Strike_G"],"event_name":"Drug Dealer","player_choice":"Became Test Subject","floor":19.0,"gold_loss":0.0,"damage_taken":0.0,"cards_obtained":["Venomology","Heel Hook"]},{"damage_healed":0.0,"max_hp_gain":0.0,"max_hp_loss":0.0,"gold_gain":0.0,"event_name":"Vampires","player_choice":"Ignored","floor":21.0,"gold_loss":0.0,"damage_taken":0.0},{"damage_healed":0.0,"max_hp_gain":0.0,"max_hp_loss":0.0,"gold_gain":0.0,"event_name":"Ghosts","player_choice":"Ignored","floor":24.0,"gold_loss":0.0,"damage_taken":0.0},{"damage_healed":0,"gold_gain":0,"player_choice":"Fight","damage_taken":0,"max_hp_gain":0,"max_hp_loss":0,"event_name":"Colosseum","floor":28,"gold_loss":0},{"damage_healed":0,"gold_gain":0,"player_choice":"Fled From Nobs","damage_taken":0,"max_hp_gain":0,"max_hp_loss":0,"event_name":"Colosseum","floor":28,"gold_loss":0}],"is_beta":false,"boss_relics":[{"not_picked":["Ectoplasm","Snecko Eye"],"picked":"Velvet Choker"}],"items_purged_floors":[20],"is_endless":false,"potions_floor_spawned":[4,10,11,12,13,14,18,23,29,31],"killed_by":"Champ","ascension_level":20}