{"gold_per_floor":[118,133,133,152,164,164,199,199,222,222],"floor_reached":10,"playtime":799,"items_purged":[],"score":122,"play_id":"8afd0969-7862-4ade-ab18-b651063b49e5","local_time":"20190413223213","is_ascension_mode":true,"campfire_choices":[{"data":"Coolheaded","floor":6,"key":"SMITH"},{"floor":8,"key":"REST"}],"neow_cost":"NONE","seed_source_timestamp":110362600344331,"circlet_count":0,"master_deck":["AscendersBane","Strike_B","Strike_B","Strike_B","Strike_B","Defend_B","Defend_B","Defend_B","Defend_B","Zap+1","Dualcast+1","Undo","Coolheaded+1","Leap","Scrape","Rebound"],"relics":["Cracked Core","Centennial Puzzle","Pen Nib"],"potions_floor_usage":[5],"damage_taken":[{"damage":2,"enemies":"Jaw Worm","floor":1,"turns":3},{"damage":0,"enemies":"Cultist","floor":2,"turns":3},{"damage":6,"enemies":"2 Louse","floor":4,"turns":3},{"damage":14,"enemies":"Large Slime","floor":5,"turns":6},{"damage":27,"enemies":"3 Sentries","floor":7,"turns":10},{"damage":39,"enemies":"Gremlin Gang","floor":10,"turns":3}],"seed_played":"-2441898461020997223","potions_obtained":[{"floor":4,"key":"Explosive Potion"},{"floor":5,"key":"Weak Potion"}],"is_trial":false,"path_per_floor":["M","M","?","M","M","R","E","R","T","M"],"character_chosen":"DEFECT","items_purchased":[],"campfire_rested":1,"item_purchase_floors":[],"current_hp_per_floor":[62,62,62,56,42,42,15,36,36,0],"gold":222,"neow_bonus":"UPGRADE_CARD","is_prod":false,"is_daily":false,"chose_seed":false,"campfire_upgraded":1,"win_rate":0,"timestamp":1555209133,"path_taken":["M","M","?","M","M","R","E","R","T","M"],"build_version":"2019-01-23","purchased_purges":0,"victory":false,"max_hp_per_floor":[71,71,71,71,71,71,71,71,71,71],"card_choices":[{"not_picked":["Coolheaded","Rip and Tear"],"picked":"Undo","floor":1},{"not_picked":["Stack","Chaos"],"picked":"Coolheaded","floor":2},{"not_picked":["Heatsinks","Stack"],"picked":"Leap","floor":4},{"not_picked":["Static Discharge","Coolheaded"],"picked":"Scrape","floor":5},{"not_picked":["Lockon","White Noise"],"picked":"Rebound","floor":7}],"player_experience":2487816,"relics_obtained":[{"floor":7,"key":"Centennial Puzzle"},{"floor":9,"key":"Pen Nib"}],"event_choices":[{"damage_healed":0,"gold_gain":0,"player_choice":"Upgraded","damage_taken":0,"max_hp_gain":0,"max_hp_loss":0,"event_name":"Upgrade Shrine","floor":3,"gold_loss":0,"cards_upgraded":["Dualcast"]}],"is_beta":false,"boss_relics":[],"items_purged_floors":[],"is_endless":false,"potions_floor_spawned":[4,5],"killed_by":"Gremlin Gang","ascension_level":16}