{"gold_per_floor":[115,133,50,69,83,83,110,110,110,110,56,56],"floor_reached":12,"playtime":632,"items_purged":[],"score":152,"play_id":"0bcd3a99-045b-48c9-8193-e5349263cc2d","local_time":"20190703084255","is_ascension_mode":true,"campfire_choices":[{"data":"Neutralize","floor":6.0,"key":"SMITH"},{"floor":8,"key":"REST"}],"neow_cost":"NONE","seed_source_timestamp":43616428602395,"circlet_count":0,"master_deck":["AscendersBane","Defend_G","Defend_G","Defend_G","Defend_G","Defend_G","Strike_G","Strike_G","Strike_G","Strike_G","Strike_G","Survivor","Neutralize+1","Deflect","Backflip","Die Die Die","Crippling Poison+1","Dagger Spray"],"special_seed":0,"relics":["Ring of the Snake","Anchor","Art of War","Ancient Tea Set"],"potions_floor_usage":[7],"damage_taken":[{"damage":0.0,"enemies":"Cultist","floor":1.0,"turns":4.0},{"damage":0.0,"enemies":"2 Louse","floor":2.0,"turns":3.0},{"damage":2.0,"enemies":"Jaw Worm","floor":4.0,"turns":5.0},{"damage":4.0,"enemies":"Red Slaver","floor":5.0,"turns":5.0},{"damage":29,"enemies":"Gremlin Nob","floor":7,"turns":4},{"damage":50,"enemies":"Lagavulin","floor":12,"turns":8}],"seed_played":"-5327167988586738213","potions_obtained":[{"floor":2.0,"key":"SteroidPotion"}],"is_trial":false,"path_per_floor":["M","M","$","M","M","R","E","R","T","?","$","E"],"character_chosen":"THE_SILENT","items_purchased":["Die Die Die","Dagger Spray"],"campfire_rested":1,"item_purchase_floors":[3,11],"current_hp_per_floor":[59,59,59,57,53,53,24,43,43,43,43,0],"gold":56,"neow_bonus":"RANDOM_COMMON_RELIC","is_prod":false,"is_daily":false,"chose_seed":false,"campfire_upgraded":1,"win_rate":0,"timestamp":1562157775,"path_taken":["M","M","?","M","M","R","E","R","T","?","$","E"],"build_version":"2019-01-23","purchased_purges":0,"victory":false,"max_hp_per_floor":[66,66,66,66,66,66,66,66,66,66,66,66],"card_choices":[{"not_picked":["Expertise","Acrobatics"],"picked":"Deflect","floor":1.0},{"not_picked":["Infinite Blades","Bane"],"picked":"Backflip","floor":2.0},{"not_picked":["Sucker Punch","Outmaneuver"],"picked":"Crippling Poison","floor":4.0},{"not_picked":["Flechettes","Reflex","Predator"],"picked":"SKIP","floor":5.0},{"not_picked":["Prepared","Catalyst","Eviscerate"],"picked":"SKIP","floor":7}],"player_experience":2666851,"relics_obtained":[{"floor":7,"key":"Art of War"},{"floor":9,"key":"Ancient Tea Set"}],"event_choices":[{"damage_healed":0,"gold_gain":0,"player_choice":"Upgraded","damage_taken":0,"max_hp_gain":0,"max_hp_loss":0,"event_name":"Upgrade Shrine","floor":10,"gold_loss":0,"cards_upgraded":["Crippling Poison"]}],"is_beta":false,"boss_relics":[],"items_purged_floors":[],"is_endless":false,"potions_floor_spawned":[2],"killed_by":"Lagavulin","ascension_level":19}