{"gold_per_floor":[113,126,136,153,165,165,181,181,207,15,50,69,69],"floor_reached":13,"playtime":1487,"items_purged":[],"score":89,"play_id":"c246867b-27cd-4e8b-8262-a3a29f83d596","local_time":"20190703150431","is_ascension_mode":false,"campfire_choices":[{"floor":6,"key":"REST"},{"floor":8,"key":"REST"}],"neow_cost":"NONE","seed_source_timestamp":782748044197470,"circlet_count":0,"master_deck":["Strike_B","Strike_B","Strike_B","Strike_B","Defend_B","Defend_B","Defend_B","Defend_B","Zap","Dualcast","Multi-Cast","Sweeping Beam","Rebound","Streamline","Auto Shields","Genetic Algorithm","Turbo","Meteor Strike","Steam","Steam","Glacier"],"relics":["Cracked Core","Bronze Scales","Ancient Tea Set"],"potions_floor_usage":[],"damage_taken":[{"damage":7,"enemies":"Small Slimes","floor":1,"turns":3},{"damage":8,"enemies":"Jaw Worm","floor":2,"turns":3},{"damage":1,"enemies":"Cultist","floor":3,"turns":3},{"damage":18,"enemies":"Gremlin Gang","floor":4,"turns":4},{"damage":20,"enemies":"Lots of Slimes","floor":5,"turns":3},{"damage":0,"enemies":"Large Slime","floor":7,"turns":5},{"damage":9,"enemies":"Gremlin Nob","floor":11,"turns":4},{"damage":10,"enemies":"Looter","floor":12,"turns":2},{"damage":53,"enemies":"Lagavulin","floor":13,"turns":6}],"seed_played":"-2194990341524335880","potions_obtained":[{"floor":3,"key":"SpeedPotion"},{"floor":4,"key":"Strength Potion"},{"floor":11,"key":"SteroidPotion"}],"is_trial":false,"path_per_floor":["M","M","M","M","M","R","M","R","T","$","E","M","E"],"character_chosen":"DEFECT","items_purchased":["Meteor Strike","Steam"],"campfire_rested":2,"item_purchase_floors":[10,10],"current_hp_per_floor":[68,60,59,41,21,43,43,65,65,65,56,46,0],"gold":69,"neow_bonus":"ONE_RANDOM_RARE_CARD","is_prod":false,"is_daily":false,"chose_seed":false,"campfire_upgraded":0,"win_rate":0.0,"timestamp":1562177071,"path_taken":["M","M","M","M","M","R","M","R","T","$","E","M","E"],"build_version":"2019-07-01","purchased_purges":0,"victory":false,"max_hp_per_floor":[75,75,75,75,75,75,75,75,75,75,75,75,75],"card_choices":[{"not_picked":["Skim","Force Field"],"picked":"Sweeping Beam","floor":1},{"not_picked":["Conserve Battery","Redo"],"picked":"Rebound","floor":2},{"not_picked":["Chaos","Conserve Battery"],"picked":"Streamline","floor":3},{"not_picked":["Darkness","Rip and Tear"],"picked":"Auto Shields","floor":4},{"not_picked":["Storm","Chaos"],"picked":"Genetic Algorithm","floor":5},{"not_picked":["Skim","Redo"],"picked":"Turbo","floor":7},{"not_picked":["Go for the Eyes","Tempest"],"picked":"Steam","floor":11},{"not_picked":["Go for the Eyes","Creative AI"],"picked":"Glacier","floor":12}],"player_experience":73840,"relics_obtained":[{"floor":9,"key":"Bronze Scales"},{"floor":11,"key":"Ancient Tea Set"}],"event_choices":[],"is_beta":false,"boss_relics":[],"items_purged_floors":[],"is_endless":false,"potions_floor_spawned":[3,4,11],"killed_by":"Lagavulin","ascension_level":0}