{"gold_per_floor":[118,83,83,94,113,113,124,135,135,149,149],"floor_reached":11,"playtime":486,"items_purged":[],"score":101,"play_id":"e1d045eb-2e15-466b-baee-3ac752594f78","local_time":"20180926214708","is_ascension_mode":true,"campfire_choices":[{"floor":6,"key":"REST"}],"neow_cost":"","seed_source_timestamp":287369247319234,"circlet_count":0,"master_deck":["Defend_G","Defend_G","Defend_G","Defend_G","Defend_G","Strike_G","Strike_G","Strike_G","Strike_G","Survivor","Neutralize","AscendersBane","Quick Slash","Riddle With Holes","Blade Dance","Blade Dance","Dagger Throw","Poisoned Stab"],"relics":["Ring of the Snake","Darkstone Periapt"],"potions_floor_usage":[7],"damage_taken":[{"damage":5,"enemies":"Small Slimes","floor":1,"turns":4},{"damage":10,"enemies":"Jaw Worm","floor":4,"turns":5},{"damage":2,"enemies":"2 Louse","floor":5,"turns":3},{"damage":15,"enemies":"2 Fungi Beasts","floor":7,"turns":3},{"damage":0,"enemies":"Exordium Wildlife","floor":8,"turns":2},{"damage":23,"enemies":"Exordium Thugs","floor":10,"turns":6},{"damage":42,"enemies":"Lagavulin","floor":11,"turns":6}],"seed_played":"-464283348951188282","potions_obtained":[{"floor":5,"key":"FearPotion"},{"floor":7,"key":"FairyPotion"}],"is_trial":false,"path_per_floor":["M","?","?","M","M","R","M","M","T","M"],"character_chosen":"THE_SILENT","items_purchased":[],"campfire_rested":1,"item_purchase_floors":[],"current_hp_per_floor":[58,58,51,41,39,60,45,45,45,22,0],"gold":149,"neow_bonus":"","is_prod":false,"is_daily":false,"chose_seed":false,"campfire_upgraded":0,"win_rate":0,"timestamp":1538012828,"path_taken":["M","?","?","?","M","R","M","M","T","M","E"],"build_version":"2018-08-23v2","purchased_purges":0,"victory":false,"max_hp_per_floor":[70,70,70,70,70,70,70,70,70,70,70],"card_choices":[{"not_picked":["PiercingWail","Deadly Poison"],"picked":"Quick Slash","floor":1},{"not_picked":["Prepared","Backflip"],"picked":"Riddle With Holes","floor":4},{"not_picked":["Dodge and Roll","Outmaneuver"],"picked":"Blade Dance","floor":5},{"not_picked":["Deadly Poison","Bane"],"picked":"Blade Dance","floor":7},{"not_picked":["Dodge and Roll","Poisoned Stab"],"picked":"Dagger Throw","floor":8},{"not_picked":["Wraith Form v2","Quick Slash"],"picked":"Poisoned Stab","floor":10}],"player_experience":1773703,"relics_obtained":[{"floor":9,"key":"Darkstone Periapt"}],"event_choices":[{"event_name":"World of Goop","player_choice":"Left","floor":2,"damage_taken":0},{"event_name":"Golden Wing","player_choice":"Card Removal","floor":3,"damage_taken":0}],"is_beta":false,"boss_relics":[],"items_purged_floors":[],"is_endless":false,"potions_floor_spawned":[5,7],"killed_by":"Lagavulin","ascension_level":10}