{"gold_per_floor":[15,28,38,38,57,57,83,101,101,101,114,39,73,85,85,157,157,171,171,7,21,35,35,67,67,142,142,142,172,183,194,194,266,266,276,276,78,78,78,78,92,124,147,147,164,164,194,228,228,228],"floor_reached":51,"playtime":6067,"items_purged":["Decay"],"score":1492,"play_id":"457b0bd7-8d5a-42a5-89a6-145889c2c0fc","local_time":"20190516001136","is_ascension_mode":true,"campfire_choices":[{"data":"Offering","floor":6.0,"key":"SMITH"},{"floor":10.0,"key":"REST"},{"data":"Disarm","floor":15.0,"key":"SMITH"},{"data":"Shockwave","floor":23.0,"key":"SMITH"},{"data":"Feel No Pain","floor":25.0,"key":"SMITH"},{"floor":27.0,"key":"REST"},{"floor":32.0,"key":"REST"},{"floor":40.0,"key":"REST"},{"data":"Metallicize","floor":44.0,"key":"SMITH"},{"data":"Dual Wield","floor":46.0,"key":"SMITH"},{"floor":49,"key":"REST"}],"neow_cost":"NO_GOLD","seed_source_timestamp":76886838226703,"circlet_count":0,"master_deck":["AscendersBane","Strike_R","Strike_R","Strike_R","Defend_R","Defend_R","Defend_R","Bash","Metallicize+1","Thunderclap","Shockwave+1","Offering+1","Fiend Fire","Reckless Charge","Headbutt","Power Through","Spot Weakness","Disarm+1","Reaper","Second Wind","Feel No Pain+1","Juggernaut","RitualDagger","Evolve+1","Fiend Fire","Warcry","Dual Wield+1"],"special_seed":0,"relics":["Burning Blood","Strawberry","WingedGreaves","Kunai","Sozu","Dead Branch","Bottled Flame","Pocketwatch","Busted Crown","Pen Nib","Omamori","Red Skull","Regal Pillow","Vajra"],"potions_floor_usage":[],"damage_taken":[{"damage":7.0,"enemies":"2 Louse","floor":1.0,"turns":5.0},{"damage":6.0,"enemies":"Cultist","floor":2.0,"turns":5.0},{"damage":2.0,"enemies":"Jaw Worm","floor":3.0,"turns":5.0},{"damage":9.0,"enemies":"Looter","floor":5.0,"turns":4.0},{"damage":32.0,"enemies":"Lagavulin","floor":7.0,"turns":8.0},{"damage":12.0,"enemies":"2 Fungi Beasts","floor":8.0,"turns":3.0},{"damage":11.0,"enemies":"Large Slime","floor":11.0,"turns":4.0},{"damage":31.0,"enemies":"3 Sentries","floor":13.0,"turns":6.0},{"damage":12.0,"enemies":"Blue Slaver","floor":14.0,"turns":2.0},{"damage":22.0,"enemies":"The Guardian","floor":16.0,"turns":13.0},{"damage":14.0,"enemies":"3 Byrds","floor":18.0,"turns":6.0},{"damage":14.0,"enemies":"2 Thieves","floor":21.0,"turns":5.0},{"damage":37.0,"enemies":"Centurion and Healer","floor":22.0,"turns":10.0},{"damage":39.0,"enemies":"Gremlin Leader","floor":24.0,"turns":7.0},{"damage":7.0,"enemies":"Book of Stabbing","floor":29.0,"turns":4.0},{"damage":25.0,"enemies":"Chosen and Byrds","floor":30.0,"turns":4.0},{"damage":9.0,"enemies":"Snecko","floor":31.0,"turns":4.0},{"damage":28.0,"enemies":"Automaton","floor":33.0,"turns":9.0},{"damage":20.0,"enemies":"3 Shapes","floor":35.0,"turns":4.0},{"damage":12.0,"enemies":"Orb Walker","floor":41.0,"turns":2.0},{"damage":6.0,"enemies":"Nemesis","floor":42.0,"turns":3.0},{"damage":9.0,"enemies":"Spire Growth","floor":45.0,"turns":3.0},{"damage":24.0,"enemies":"Giant Head","floor":47.0,"turns":7.0},{"damage":45,"enemies":"Reptomancer","floor":48,"turns":4},{"damage":84,"enemies":"Awakened One","floor":50,"turns":13}],"seed_played":"1603413632688264020","potions_obtained":[{"floor":2.0,"key":"Weak Potion"},{"floor":3.0,"key":"Explosive Potion"},{"floor":7.0,"key":"SpeedPotion"},{"floor":8.0,"key":"Explosive Potion"}],"is_trial":false,"path_per_floor":["M","M","M","?","M","R","E","M","T","R","M","?","E","M","R","B",null,"M","?","$","M","M","R","E","R","T","R","?","E","M","M","R","B",null,"M","?","$","?","?","R","M","E","T","R","M","R","E","E","R","B",null],"character_chosen":"IRONCLAD","items_purchased":["Feel No Pain","Pen Nib","Warcry"],"campfire_rested":5,"item_purchase_floors":[20,37,37],"current_hp_per_floor":[67,67,71,71,68,68,49,43,43,67,62,62,37,31,31,15,65,66,66,66,65,54,54,42,42,42,66,60,68,52,49,73,51,74,60,60,60,60,55,79,76,76,76,76,79,79,65,47,82,81],"gold":228,"neow_bonus":"REMOVE_TWO","is_prod":false,"is_daily":false,"chose_seed":false,"campfire_upgraded":6,"win_rate":0,"timestamp":1557979896,"path_taken":["M","M","M","?","M","R","E","M","T","R","?","?","E","M","R","BOSS","M","?","$","M","M","R","E","R","T","R","?","E","M","M","R","BOSS","M","?","$","?","?","R","?","E","T","R","M","R","E","E","R","BOSS"],"build_version":"2019-01-23","purchased_purges":1,"victory":true,"max_hp_per_floor":[75,75,75,75,75,75,82,82,82,82,82,82,82,82,82,82,82,82,82,82,82,82,82,82,82,82,82,82,82,82,82,82,82,82,82,82,82,82,82,82,82,82,82,82,82,82,82,82,82,82],"card_choices":[{"not_picked":["Flex","Perfected Strike"],"picked":"Metallicize","floor":1.0},{"not_picked":["Evolve","Intimidate"],"picked":"Thunderclap","floor":2.0},{"not_picked":["Thunderclap","Shrug It Off"],"picked":"Shockwave","floor":3.0},{"not_picked":["Headbutt","Inflame"],"picked":"Fiend Fire","floor":5.0},{"not_picked":["Intimidate","Anger"],"picked":"Reckless Charge","floor":7.0},{"not_picked":["Sever Soul","Havoc"],"picked":"Headbutt","floor":8.0},{"not_picked":["Iron Wave","Inflame"],"picked":"Power Through","floor":11.0},{"not_picked":["Ghostly Armor","Clash"],"picked":"Spot Weakness","floor":13.0},{"not_picked":["Impervious","Clash"],"picked":"Disarm","floor":14.0},{"not_picked":["Impervious","Bludgeon"],"picked":"Reaper","floor":16.0},{"not_picked":["Clothesline+1","Cleave"],"picked":"Second Wind","floor":18.0},{"not_picked":["Flex+1","Entrench","Perfected Strike"],"picked":"SKIP","floor":21.0},{"not_picked":["Heavy Blade","Thunderclap","Headbutt"],"picked":"SKIP","floor":22.0},{"not_picked":["Clash","Uppercut"],"picked":"Juggernaut","floor":24.0},{"not_picked":["Clash","Second Wind","Blood for Blood"],"picked":"SKIP","floor":29.0},{"not_picked":["True Grit","Clash"],"picked":"Evolve","floor":30.0},{"not_picked":["Seeing Red","Perfected Strike"],"picked":"Evolve+1","floor":31.0},{"not_picked":["Limit Break","Double Tap"],"picked":"Fiend Fire","floor":33.0},{"not_picked":["Twin Strike"],"picked":"SKIP","floor":35.0},{"not_picked":["Cleave"],"picked":"SKIP","floor":41.0},{"not_picked":["Cleave"],"picked":"SKIP","floor":41.0},{"not_picked":["Cleave"],"picked":"SKIP","floor":41.0},{"not_picked":["Uppercut+1"],"picked":"SKIP","floor":42.0},{"not_picked":[],"picked":"Dual Wield","floor":45.0},{"not_picked":["Clash+1"],"picked":"SKIP","floor":47.0},{"not_picked":["Combust"],"picked":"SKIP","floor":48}],"player_experience":2594706,"relics_obtained":[{"floor":7.0,"key":"Strawberry"},{"floor":9.0,"key":"WingedGreaves"},{"floor":13.0,"key":"Kunai"},{"floor":24.0,"key":"Dead Branch"},{"floor":26.0,"key":"Bottled Flame"},{"floor":29.0,"key":"Pocketwatch"},{"floor":42.0,"key":"Omamori"},{"floor":43.0,"key":"Red Skull"},{"floor":47.0,"key":"Regal Pillow"},{"floor":48,"key":"Vajra"}],"event_choices":[{"damage_healed":0.0,"max_hp_gain":0.0,"max_hp_loss":0.0,"gold_gain":0.0,"event_name":"Match and Keep!","player_choice":"1 cards matched","floor":4.0,"gold_loss":0.0,"damage_taken":0.0,"cards_obtained":["Offering"]},{"cards_removed":["Strike_R"],"damage_healed":0.0,"max_hp_gain":0.0,"max_hp_loss":0.0,"gold_gain":0.0,"event_name":"The Cleric","player_choice":"Card Removal","floor":12.0,"gold_loss":75.0,"damage_taken":0.0},{"damage_healed":0.0,"max_hp_gain":0.0,"max_hp_loss":0.0,"gold_gain":0.0,"event_name":"Forgotten Altar","player_choice":"Smashed Altar","floor":19.0,"gold_loss":0.0,"damage_taken":0.0,"cards_obtained":["Decay"]},{"damage_healed":0.0,"max_hp_gain":0.0,"max_hp_loss":0.0,"gold_gain":0.0,"event_name":"Nest","player_choice":"Joined the Cult","floor":28.0,"gold_loss":0.0,"damage_taken":6.0,"cards_obtained":["RitualDagger"]},{"damage_healed":0.0,"max_hp_gain":0.0,"max_hp_loss":0.0,"gold_gain":0.0,"event_name":"Tomb of Lord Red Mask","player_choice":"Ignored","floor":36.0,"gold_loss":0.0,"damage_taken":0.0},{"cards_removed":["Evolve"],"damage_healed":0.0,"max_hp_gain":0.0,"max_hp_loss":0.0,"gold_gain":0.0,"event_name":"Falling","player_choice":"Removed Power","floor":38.0,"gold_loss":0.0,"damage_taken":0.0},{"damage_healed":0.0,"max_hp_gain":0.0,"max_hp_loss":0.0,"gold_gain":0.0,"event_name":"SensoryStone","player_choice":"Memory 2","floor":39.0,"gold_loss":0.0,"damage_taken":5.0}],"is_beta":false,"boss_relics":[{"not_picked":["Astrolabe","Eternal Feather"],"picked":"Sozu"},{"not_picked":["Velvet Choker","Coffee Dripper"],"picked":"Busted Crown"}],"items_purged_floors":[20],"is_endless":false,"potions_floor_spawned":[2,3,7,8,21,29,31,33,35,45],"ascension_level":18}