{"gold_per_floor":[117,137,137,137,153,178,178,193,217,217,245,262,262,275,275,373,373,384,414,414,395,395],"floor_reached":22,"playtime":1099,"items_purged":[],"score":216,"play_id":"acd85747-e2f1-42e8-a87a-6fc811cc75f8","local_time":"20191029215617","is_ascension_mode":true,"campfire_choices":[{"data":"White Noise","floor":7,"key":"SMITH"},{"data":"Consume","floor":10,"key":"SMITH"},{"floor":13,"key":"REST"},{"data":"Capacitor","floor":15,"key":"SMITH"}],"neow_cost":"NONE","seed_source_timestamp":87304920055000,"circlet_count":0,"master_deck":["Strike_B","Strike_B","Defend_B","Defend_B","Defend_B","Defend_B","Zap","Dualcast","Streamline","White Noise+1","Capacitor+1","Consume+1","Darkness","Conserve Battery","Conserve Battery","Seek","Hologram","Coolheaded"],"relics":["Cracked Core","NlothsMask","Oddly Smooth Stone","Omamori","Inserter","Red Mask"],"potions_floor_usage":[11,12,18,18,19],"damage_taken":[{"damage":4,"enemies":"Jaw Worm","floor":1,"turns":4},{"damage":0,"enemies":"Small Slimes","floor":2,"turns":2},{"damage":0,"enemies":"Cultist","floor":5,"turns":2},{"damage":16,"enemies":"Lagavulin","floor":6,"turns":6},{"damage":11,"enemies":"Looter","floor":8,"turns":3},{"damage":18,"enemies":"3 Sentries","floor":11,"turns":5},{"damage":39,"enemies":"Gremlin Gang","floor":12,"turns":4},{"damage":4,"enemies":"Exordium Thugs","floor":14,"turns":5},{"damage":10,"enemies":"The Guardian","floor":16,"turns":10},{"damage":4,"enemies":"Chosen","floor":18,"turns":6},{"damage":65,"enemies":"Masked Bandits","floor":19,"turns":6},{"damage":10,"enemies":"2 Thieves","floor":21,"turns":4},{"damage":4,"enemies":"Snake Plant","floor":22,"turns":2}],"seed_played":"-3601244488195382133","potions_obtained":[{"floor":1,"key":"Ancient Potion"},{"floor":5,"key":"Regen Potion"},{"floor":8,"key":"PowerPotion"},{"floor":12,"key":"Block Potion"},{"floor":16,"key":"SteroidPotion"},{"floor":18,"key":"SteroidPotion"}],"is_trial":false,"path_per_floor":["M","M","?","?","M","E","R","M","T","R","E","M","R","M","R","B",null,"M","?","?","M","M"],"character_chosen":"DEFECT","items_purchased":[],"campfire_rested":1,"item_purchase_floors":[],"current_hp_per_floor":[78,78,78,78,78,62,62,51,51,51,33,3,27,23,23,13,82,78,13,13,3,0],"gold":395,"neow_bonus":"TEN_PERCENT_HP_BONUS","is_prod":false,"is_daily":false,"chose_seed":false,"campfire_upgraded":3,"win_rate":0,"timestamp":1572357377,"path_taken":["M","M","?","?","M","E","R","?","T","R","E","M","R","M","R","BOSS","M","?","?","M","M"],"build_version":"2019-07-17","purchased_purges":0,"victory":false,"max_hp_per_floor":[82,82,82,82,82,82,82,82,82,82,82,82,82,82,82,82,82,82,82,82,82,82],"card_choices":[{"not_picked":["Tempest","Rebound"],"picked":"Streamline","floor":1},{"not_picked":["Hologram","Streamline"],"picked":"White Noise","floor":2},{"not_picked":["Compile Driver","Blizzard","Recycle"],"picked":"SKIP","floor":5},{"not_picked":["Darkness","Redo"],"picked":"Capacitor","floor":6},{"not_picked":["Hello World","Tempest"],"picked":"Consume","floor":8},{"not_picked":["All For One","Barrage"],"picked":"Darkness","floor":11},{"not_picked":["Barrage","Streamline"],"picked":"Conserve Battery","floor":12},{"not_picked":["Recycle","Ball Lightning"],"picked":"Conserve Battery","floor":14},{"not_picked":["Machine Learning","Thunder Strike"],"picked":"Seek","floor":16},{"not_picked":["FTL","Heatsinks"],"picked":"Hologram","floor":18},{"not_picked":["Go for the Eyes","Genetic Algorithm"],"picked":"Coolheaded","floor":19},{"not_picked":["Gash","Sweeping Beam+1","Streamline"],"picked":"SKIP","floor":21}],"player_experience":244127,"relics_obtained":[{"floor":6,"key":"Oddly Smooth Stone"},{"floor":11,"key":"Omamori"},{"floor":19,"key":"Red Mask"}],"event_choices":[{"cards_removed":["Strike_B"],"damage_healed":0,"gold_gain":0,"player_choice":"Forget","damage_taken":0,"max_hp_gain":0,"max_hp_loss":0,"event_name":"Living Wall","floor":3,"gold_loss":0},{"damage_healed":0,"gold_gain":0,"player_choice":"Trade","damage_taken":0,"relics_obtained":["NlothsMask"],"max_hp_gain":0,"max_hp_loss":0,"event_name":"FaceTrader","floor":4,"gold_loss":0},{"damage_healed":0,"gold_gain":0,"player_choice":"Fought Bandits","damage_taken":0,"max_hp_gain":0,"max_hp_loss":0,"event_name":"Masked Bandits","floor":19,"gold_loss":0},{"cards_removed":["Strike_B"],"damage_healed":0,"gold_gain":0,"player_choice":"Purged","damage_taken":0,"max_hp_gain":0,"max_hp_loss":0,"event_name":"Purifier","floor":20,"gold_loss":0}],"is_beta":false,"boss_relics":[{"not_picked":["FrozenCore","Snecko Eye"],"picked":"Inserter"}],"items_purged_floors":[],"is_endless":false,"potions_floor_spawned":[1,5,8,12,16,18],"killed_by":"Snake Plant","ascension_level":2}