{"gold_per_floor":[118,134,151,74,86,86,102,120,120,130,130,3,31,44,44,122,122,141,176,189,189,73,73,73],"floor_reached":24,"playtime":1924,"items_purged":["Strike_G"],"score":390,"play_id":"01275a4b-63ac-4359-9ccb-d7dd654aea88","local_time":"20190628222541","is_ascension_mode":true,"campfire_choices":[{"data":"Phantasmal Killer","floor":6.0,"key":"SMITH"},{"floor":15.0,"key":"REST"},{"floor":23.0,"key":"REST"}],"neow_cost":"TEN_PERCENT_HP_LOSS","seed_source_timestamp":0,"circlet_count":0,"master_deck":["AscendersBane","Defend_G","Defend_G","Defend_G","Defend_G","Strike_G","Strike_G","Strike_G","Survivor","Neutralize","PiercingWail","Sucker Punch","Dagger Spray","Leg Sweep","Bouncing Flask","Well Laid Plans","Phantasmal Killer+1","Skewer","Catalyst","Bane","Endless Agony","Bane","Burst","Glass Knife","Deflect","PiercingWail","PiercingWail+1","Footwork","Poisoned Stab"],"special_seed":0,"relics":["Ring of the Snake","Thread and Needle","Blue Candle","Velvet Choker","Red Mask","CultistMask"],"potions_floor_usage":[24],"damage_taken":[{"damage":1.0,"enemies":"2 Louse","floor":1.0,"turns":4.0},{"damage":4.0,"enemies":"Cultist","floor":2.0,"turns":4.0},{"damage":0.0,"enemies":"Jaw Worm","floor":3.0,"turns":7.0},{"damage":1.0,"enemies":"Lots of Slimes","floor":5.0,"turns":4.0},{"damage":6.0,"enemies":"Red Slaver","floor":7.0,"turns":5.0},{"damage":9.0,"enemies":"2 Fungi Beasts","floor":8.0,"turns":5.0},{"damage":1.0,"enemies":"Gremlin Gang","floor":10.0,"turns":6.0},{"damage":3.0,"enemies":"3 Sentries","floor":13.0,"turns":6.0},{"damage":0.0,"enemies":"Large Slime","floor":14.0,"turns":4.0},{"damage":8.0,"enemies":"The Guardian","floor":16.0,"turns":8.0},{"damage":13.0,"enemies":"3 Byrds","floor":18.0,"turns":7.0},{"damage":3.0,"enemies":"Masked Bandits","floor":19.0,"turns":4.0},{"damage":11.0,"enemies":"Spheric Guardian","floor":20.0,"turns":4.0},{"damage":48,"enemies":"Gremlin Leader","floor":24,"turns":5}],"seed_played":"-6144657945727386479","potions_obtained":[{"floor":3.0,"key":"Dexterity Potion"},{"floor":7.0,"key":"Strength Potion"},{"floor":10.0,"key":"Poison Potion"},{"floor":13.0,"key":"PowerPotion"},{"floor":18.0,"key":"Explosive Potion"}],"is_trial":false,"path_per_floor":["M","M","M","$","M","R","M","M","T","M","?","$","E","M","R","B",null,"M","?","M","?","$","R","E"],"character_chosen":"THE_SILENT","items_purchased":["Well Laid Plans","Bane","Footwork","Poisoned Stab"],"campfire_rested":2,"item_purchase_floors":[4,12,22,22],"current_hp_per_floor":[58,54,54,54,53,53,47,38,38,37,37,37,34,34,52,44,56,43,40,29,29,29,47,0],"gold":73,"neow_bonus":"TRANSFORM_TWO_CARDS","is_prod":false,"is_daily":false,"chose_seed":false,"campfire_upgraded":1,"win_rate":0,"timestamp":1561775141,"path_taken":["M","M","M","$","M","R","M","M","T","M","?","?","E","M","R","BOSS","M","?","M","?","$","R","E"],"build_version":"2019-01-23","purchased_purges":1,"victory":false,"max_hp_per_floor":[60,60,60,60,60,60,60,60,60,60,60,60,60,60,60,60,60,60,60,60,60,60,60,60],"card_choices":[{"not_picked":["Flying Knee","Catalyst"],"picked":"Dagger Spray","floor":1.0},{"not_picked":["Dagger Throw","Finisher"],"picked":"Leg Sweep","floor":2.0},{"not_picked":["Slice","PiercingWail"],"picked":"Bouncing Flask","floor":3.0},{"not_picked":["Sucker Punch","Prepared"],"picked":"Phantasmal Killer","floor":5.0},{"not_picked":["Dagger Spray","Underhanded Strike"],"picked":"Skewer","floor":7.0},{"not_picked":["Concentrate","Finisher"],"picked":"Catalyst","floor":8.0},{"not_picked":["Blade Dance","Eviscerate"],"picked":"Bane","floor":10.0},{"not_picked":["Slice","Deadly Poison"],"picked":"Burst","floor":13.0},{"not_picked":["Backflip","Flying Knee","Dagger Throw"],"picked":"SKIP","floor":14.0},{"not_picked":["Wraith Form v2","A Thousand Cuts"],"picked":"Glass Knife","floor":16.0},{"not_picked":["All Out Attack","Acrobatics"],"picked":"Deflect","floor":18.0},{"not_picked":["Poisoned Stab","Backstab"],"picked":"PiercingWail","floor":19.0},{"not_picked":["Calculated Gamble","Underhanded Strike+1"],"picked":"PiercingWail+1","floor":20.0}],"player_experience":2650178,"relics_obtained":[{"floor":9.0,"key":"Thread and Needle"},{"floor":13.0,"key":"Blue Candle"},{"floor":19.0,"key":"Red Mask"}],"event_choices":[{"damage_healed":0.0,"max_hp_gain":0.0,"max_hp_loss":0.0,"gold_gain":0.0,"event_name":"Match and Keep!","player_choice":"1 cards matched","floor":11.0,"gold_loss":0.0,"damage_taken":0.0,"cards_obtained":["Endless Agony"]},{"damage_healed":0.0,"max_hp_gain":0.0,"max_hp_loss":0.0,"gold_gain":0.0,"event_name":"Masked Bandits","player_choice":"Fought Bandits","floor":19.0,"gold_loss":0.0,"damage_taken":0.0},{"damage_healed":0.0,"max_hp_gain":0.0,"max_hp_loss":0.0,"gold_gain":0.0,"event_name":"FaceTrader","player_choice":"Trade","floor":21.0,"gold_loss":0.0,"damage_taken":0.0,"relics_obtained":["CultistMask"]}],"is_beta":false,"boss_relics":[{"not_picked":["Cursed Key","WristBlade"],"picked":"Velvet Choker"}],"items_purged_floors":[12],"is_endless":false,"potions_floor_spawned":[3,7,10,13,18],"killed_by":"Gremlin Leader","ascension_level":19}