{"gold_per_floor":[211,211,231,241,252,252,286,286,286,38,65,65,85,104,104,178,178,188,205,205,130,51,51,51,62,87,115,115,30,30,46,46,117,117,129,177,177,197,208,208,308,321,347,359,390,400,120,140,140,140],"floor_reached":51,"playtime":7088,"items_purged":["Consecrate"],"score":1248,"play_id":"cdc2621e-92f6-426b-baef-4ad9b4f8d4c8","local_time":"20190915230450","is_ascension_mode":true,"campfire_choices":[{"data":"FlyingSleeves","floor":6,"key":"SMITH"},{"data":"BowlingBash","floor":15,"key":"SMITH"},{"data":"SignatureMove","floor":23,"key":"SMITH"},{"data":"MentalFortress","floor":28,"key":"SMITH"},{"floor":32,"key":"REST"},{"data":"Adaptation","floor":40,"key":"SMITH"},{"data":"MentalFortress","floor":49,"key":"SMITH"}],"neow_cost":"NONE","seed_source_timestamp":30525832516172,"circlet_count":0,"master_deck":["AscendersBane","Eruption","Vigilance+1","EmptyBody","FlyingSleeves+1","MentalFortress+1","FearNoEvil","BowlingBash+1","SignatureMove+1","Sanctity+1","MasterReality","FlurryOfBlows","Establishment","Protect+1","Wish+1","Crescendo+1","Adaptation+1","MentalFortress+1","CarveReality","TalkToTheHand","ForeignInfluence+1","FearNoEvil","Protect+1","Crescendo+1","EmptyBody+1","WreathOfFlame+1","EmptyMind+1","EmptyBody+1","MentalFortress","Blind+1","SandsOfTime"],"relics":["PureWater","Orichalcum","Pear","Oddly Smooth Stone","Toxic Egg 2","Thread and Needle","Sozu","Pen Nib","Art of War","Mummified Hand","Pantograph","Pandora\u0027s Box","FossilizedHelix","Akabeko","Ancient Tea Set"],"potions_floor_usage":[7,11,16,33],"damage_taken":[{"damage":0,"enemies":"Cultist","floor":1,"turns":4},{"damage":4,"enemies":"Small Slimes","floor":3,"turns":5},{"damage":0,"enemies":"2 Louse","floor":4,"turns":2},{"damage":4,"enemies":"Looter","floor":5,"turns":3},{"damage":17,"enemies":"3 Sentries","floor":7,"turns":8},{"damage":0,"enemies":"Gremlin Nob","floor":11,"turns":2},{"damage":0,"enemies":"Blue Slaver","floor":13,"turns":5},{"damage":4,"enemies":"Exordium Wildlife","floor":14,"turns":5},{"damage":6,"enemies":"Slime Boss","floor":16,"turns":10},{"damage":4,"enemies":"Shell Parasite","floor":18,"turns":2},{"damage":2,"enemies":"Chosen","floor":19,"turns":3},{"damage":14,"enemies":"Snake Plant","floor":25,"turns":5},{"damage":27,"enemies":"Slavers","floor":27,"turns":5},{"damage":2,"enemies":"Cultist and Chosen","floor":31,"turns":4},{"damage":31,"enemies":"Automaton","floor":33,"turns":9},{"damage":4,"enemies":"3 Shapes","floor":35,"turns":2},{"damage":5,"enemies":"2 Orb Walkers","floor":36,"turns":4},{"damage":0,"enemies":"Orb Walker","floor":38,"turns":2},{"damage":0,"enemies":"3 Darklings","floor":39,"turns":4},{"damage":0,"enemies":"Jaw Worm Horde","floor":42,"turns":3},{"damage":0,"enemies":"Maw","floor":44,"turns":4},{"damage":0,"enemies":"Giant Head","floor":45,"turns":5},{"damage":1,"enemies":"Writhing Mass","floor":46,"turns":7},{"damage":0,"enemies":"Transient","floor":48,"turns":5},{"damage":49,"enemies":"Time Eater","floor":50,"turns":9}],"seed_played":"-4866399583953921973","potions_obtained":[{"floor":1,"key":"AttackPotion"},{"floor":2,"key":"FearPotion"},{"floor":7,"key":"SkillPotion"},{"floor":13,"key":"Energy Potion"},{"floor":14,"key":"Weak Potion"}],"is_trial":false,"path_per_floor":["M","?","M","M","M","R","E","?","T","$","E","?","M","M","R","B",null,"M","M","?","?","$","R","T","M","T","E","R","?","$","M","R","B",null,"M","?","?","M","M","R","?","M","T","M","E","M","$","M","R","B",null],"character_chosen":"WATCHER","items_purchased":["Toxic Egg 2","MasterReality","EmptyBody+1","MentalFortress","Blind+1"],"campfire_rested":1,"item_purchase_floors":[10,22,47,47,47],"current_hp_per_floor":[55,55,51,51,47,47,30,37,37,37,37,23,23,19,19,13,57,53,51,51,51,51,51,51,37,37,10,10,10,10,8,29,23,59,55,50,50,50,50,50,50,50,50,50,50,49,49,49,49,22],"gold":140,"neow_bonus":"HUNDRED_GOLD","is_prod":false,"is_daily":false,"chose_seed":false,"campfire_upgraded":6,"win_rate":0,"timestamp":1568545490,"path_taken":["M","?","M","?","M","R","E","?","T","$","E","?","M","M","R","BOSS","M","M","?","?","$","R","?","?","T","E","R","?","$","M","R","BOSS","M","?","?","M","M","R","?","M","T","M","E","?","$","M","R","BOSS"],"build_version":"2019-09-12","purchased_purges":1,"victory":true,"max_hp_per_floor":[61,61,61,61,61,61,61,71,71,71,71,71,71,71,71,71,71,71,71,71,71,71,71,71,71,71,71,71,71,71,71,71,71,71,71,71,71,71,71,71,71,71,71,71,71,71,71,71,71,71],"card_choices":[{"not_picked":["CarveReality","Weave"],"picked":"EmptyBody","floor":1},{"not_picked":["Protect","EmptyBody"],"picked":"FlyingSleeves","floor":3},{"not_picked":["Prostrate","Perseverance","Sanctity"],"picked":"SKIP","floor":4},{"not_picked":["EmptyBody","StepAndStrike","Evaluate"],"picked":"SKIP","floor":5},{"not_picked":["Sanctity","Pray"],"picked":"MentalFortress","floor":7},{"not_picked":["SpiritShield+1","DeceiveReality+1"],"picked":"FearNoEvil","floor":11},{"not_picked":["EmptyBody+1","ThirdEye+1"],"picked":"BowlingBash","floor":13},{"not_picked":["FollowUp","Establishment"],"picked":"Consecrate","floor":14},{"not_picked":["Wallop","Brilliance+1"],"picked":"SignatureMove","floor":16},{"not_picked":["Halt+1","SandsOfTime+1"],"picked":"Sanctity+1","floor":18},{"not_picked":["ThirdEye+1","EmptyFist","Prostrate+1"],"picked":"SKIP","floor":19},{"not_picked":["TalkToTheHand","Halt+1","FlurryOfBlows"],"picked":"SKIP","floor":25},{"not_picked":["TalkToTheHand","Halt+1"],"picked":"FlurryOfBlows","floor":25},{"not_picked":["ThirdEye+1","Protect+1"],"picked":"Establishment","floor":27},{"not_picked":["Wireheading","JustLucky"],"picked":"Protect+1","floor":31},{"not_picked":["ReachHeaven","MasterReality"],"picked":"Wish+1","floor":33},{"not_picked":["TalkToTheHand","Evaluate+1","FlyingSleeves"],"picked":"SKIP","floor":35},{"not_picked":["JustLucky","Sanctity+1"],"picked":"FearNoEvil","floor":36},{"not_picked":["FearNoEvil","Consecrate+1"],"picked":"Protect+1","floor":38},{"not_picked":["Weave","ClearTheMind+1"],"picked":"Crescendo+1","floor":39},{"not_picked":["JustLucky","Consecrate"],"picked":"EmptyBody+1","floor":42},{"not_picked":["CrushJoints","Vengeance+1","CarveReality"],"picked":"SKIP","floor":44},{"not_picked":["StepAndStrike+1","Omniscience+1"],"picked":"WreathOfFlame+1","floor":45},{"not_picked":["Prostrate+1","Consecrate"],"picked":"EmptyMind+1","floor":46},{"not_picked":["FlyingSleeves","JustLucky+1"],"picked":"SandsOfTime","floor":48}],"player_experience":1099928,"relics_obtained":[{"floor":7,"key":"Orichalcum"},{"floor":9,"key":"Oddly Smooth Stone"},{"floor":11,"key":"Thread and Needle"},{"floor":24,"key":"Pen Nib"},{"floor":26,"key":"Art of War"},{"floor":27,"key":"Mummified Hand"},{"floor":36,"key":"FossilizedHelix"},{"floor":43,"key":"Akabeko"},{"floor":45,"key":"Ancient Tea Set"}],"event_choices":[{"damage_healed":0,"gold_gain":0,"player_choice":"Got Potions","damage_taken":0,"max_hp_gain":0,"max_hp_loss":0,"event_name":"Lab","floor":2,"gold_loss":0},{"damage_healed":0,"gold_gain":0,"player_choice":"Success","damage_taken":3,"relics_obtained":["Pear"],"max_hp_gain":0,"max_hp_loss":0,"event_name":"Scrap Ooze","floor":8,"gold_loss":0},{"damage_healed":0,"gold_gain":0,"player_choice":"Entered Light","damage_taken":14,"max_hp_gain":0,"max_hp_loss":0,"event_name":"Shining Light","floor":12,"gold_loss":0,"cards_upgraded":["Vigilance","Strike_P"]},{"damage_healed":0,"gold_gain":0,"player_choice":"Ignored","damage_taken":0,"max_hp_gain":0,"max_hp_loss":0,"event_name":"Ghosts","floor":20,"gold_loss":0},{"cards_removed":["Strike_P"],"damage_healed":0,"gold_gain":0,"player_choice":"Gave Gold","damage_taken":0,"max_hp_gain":0,"max_hp_loss":0,"event_name":"Beggar","floor":21,"gold_loss":75},{"damage_healed":0,"gold_gain":0,"player_choice":"Obtained Relic","damage_taken":0,"relics_obtained":["Pantograph"],"max_hp_gain":0,"max_hp_loss":0,"event_name":"Addict","floor":29,"gold_loss":85},{"damage_healed":0,"gold_gain":0,"player_choice":"Fight","damage_taken":0,"max_hp_gain":0,"max_hp_loss":0,"event_name":"Mysterious Sphere","floor":36,"gold_loss":0},{"cards_removed":["Tantrum"],"damage_healed":0,"gold_gain":0,"player_choice":"Removed Attack","damage_taken":0,"max_hp_gain":0,"max_hp_loss":0,"event_name":"Falling","floor":37,"gold_loss":0},{"damage_healed":0,"gold_gain":100,"player_choice":"Pray","damage_taken":0,"max_hp_gain":0,"max_hp_loss":0,"event_name":"Golden Shrine","floor":41,"gold_loss":0}],"is_beta":true,"boss_relics":[{"not_picked":["Calling Bell","Velvet Choker"],"picked":"Sozu"},{"not_picked":["Philosopher\u0027s Stone","Busted Crown"],"picked":"Pandora\u0027s Box"}],"items_purged_floors":[47],"is_endless":false,"potions_floor_spawned":[1,7,13,14,19,25,31,33,35,45,46,48],"ascension_level":14}