{"gold_per_floor":[116,127,140,25,44,44,76,76,101,116,116,9,36,53,53,53],"floor_reached":16,"playtime":1315,"items_purged":[],"score":202,"play_id":"d969846c-4d9c-43d3-9d80-38fd072f1274","local_time":"20190404201213","is_ascension_mode":true,"campfire_choices":[{"data":"Uppercut","floor":8,"key":"SMITH"},{"floor":11,"key":"REST"},{"data":"True Grit","floor":15,"key":"SMITH"}],"neow_cost":"NONE","seed_source_timestamp":2009482204465176,"circlet_count":0,"master_deck":["AscendersBane","Strike_R","Strike_R","Strike_R","Strike_R","Defend_R","Defend_R","Defend_R","Defend_R","Bash","Uppercut+1","Iron Wave","Flex","Spot Weakness","Headbutt","Disarm","Power Through","Disarm","Pommel Strike","Rage","Clash","True Grit+1","Rage"],"relics":["Burning Blood","Happy Flower","Dream Catcher","Orichalcum"],"potions_floor_usage":[7,16,16],"damage_taken":[{"damage":1,"enemies":"2 Louse","floor":1,"turns":3},{"damage":8,"enemies":"Small Slimes","floor":2,"turns":5},{"damage":5,"enemies":"Cultist","floor":3,"turns":4},{"damage":12,"enemies":"3 Louse","floor":5,"turns":3},{"damage":39,"enemies":"Lagavulin","floor":7,"turns":8},{"damage":8,"enemies":"Large Slime","floor":10,"turns":4},{"damage":25,"enemies":"Gremlin Nob","floor":13,"turns":4},{"damage":0,"enemies":"2 Fungi Beasts","floor":14,"turns":4},{"damage":40,"enemies":"Slime Boss","floor":16,"turns":11}],"seed_played":"-2800143501348171953","potions_obtained":[{"floor":1,"key":"PowerPotion"},{"floor":7,"key":"Explosive Potion"},{"floor":13,"key":"BloodPotion"},{"floor":14,"key":"Weak Potion"}],"is_trial":false,"path_per_floor":["M","M","M","$","M","?","E","R","T","M","R","$","E","M","R","B"],"character_chosen":"IRONCLAD","items_purchased":["Spot Weakness","Headbutt","Rage","Clash"],"campfire_rested":1,"item_purchase_floors":[4,4,12,12],"current_hp_per_floor":[73,71,72,72,66,66,33,33,33,31,53,53,34,40,40,0],"gold":53,"neow_bonus":"REMOVE_CARD","is_prod":false,"is_daily":false,"chose_seed":false,"campfire_upgraded":2,"win_rate":0,"timestamp":1554423133,"path_taken":["M","M","M","$","M","?","E","R","T","M","R","$","E","M","R","BOSS"],"build_version":"2019-01-23","purchased_purges":0,"victory":false,"max_hp_per_floor":[75,75,75,75,75,75,75,75,75,75,75,75,75,75,75,75],"card_choices":[{"not_picked":["Burning Pact","Power Through"],"picked":"Uppercut","floor":1},{"not_picked":["Heavy Blade","Body Slam"],"picked":"Iron Wave","floor":2},{"not_picked":["Twin Strike","Evolve"],"picked":"Flex","floor":3},{"not_picked":["Entrench","Clash"],"picked":"Disarm","floor":5},{"not_picked":["Fire Breathing","Dual Wield"],"picked":"Power Through","floor":7},{"not_picked":["Havoc","Evolve"],"picked":"Disarm","floor":10},{"not_picked":["Perfected Strike","Inflame"],"picked":"Pommel Strike","floor":11},{"not_picked":["Juggernaut","Clothesline"],"picked":"True Grit","floor":13},{"not_picked":["Anger","Iron Wave"],"picked":"Rage","floor":14}],"player_experience":2451250,"relics_obtained":[{"floor":7,"key":"Happy Flower"},{"floor":9,"key":"Dream Catcher"},{"floor":13,"key":"Orichalcum"}],"event_choices":[{"damage_healed":0,"gold_gain":0,"player_choice":"Ignored","damage_taken":0,"max_hp_gain":0,"max_hp_loss":0,"event_name":"Liars Game","floor":6,"gold_loss":0}],"is_beta":false,"boss_relics":[],"items_purged_floors":[],"is_endless":false,"potions_floor_spawned":[1,7,13,14],"killed_by":"Slime Boss","ascension_level":16}