{"gold_per_floor":[11,11,11,11,31,61,61,91,170,188,198,198,229,179,179,284,284,296,312,235,261,261,292,174,174,174,2,22,41,41,41,41,138,138,154,201,39,50,60,94,94,114,137,137,169,169,169,189,189,189],"floor_reached":51,"playtime":5132,"items_purged":["Strike_G","Defend_G","Strike_G"],"score":795,"play_id":"82f500ad-aebd-42a8-b0be-d744f90f31db","local_time":"20180723010632","is_ascension_mode":true,"campfire_choices":[{"floor":7,"key":"REST"},{"floor":12,"key":"REST"},{"floor":15,"key":"REST"},{"floor":25,"key":"REST"},{"floor":30,"key":"REST"},{"data":"Noxious Fumes","floor":32,"key":"SMITH"},{"floor":41,"key":"REST"},{"floor":47,"key":"REST"},{"floor":49,"key":"REST"}],"neow_cost":"NO_GOLD","seed_source_timestamp":2000422826951069,"circlet_count":0,"master_deck":["Defend_G+1","Strike_G+1","Survivor+1","Neutralize","Backflip","Bouncing Flask+1","Crippling Poison","Poisoned Stab","Calculated Gamble","Poisoned Stab","Envenom","Slice+1","PiercingWail","J.A.X.","Venomology","Noxious Fumes+1","Noxious Fumes","Dash","Deflect","Skewer","Malaise","Blur+1","Infinite Blades","Heel Hook+1","Dodge and Roll+1","Predator+1","Riddle With Holes+1","Writhe","Corpse Explosion"],"relics":["Ring of the Snake","War Paint","Letter Opener","The Courier","Juzu Bracelet","Busted Crown","Red Mask","Happy Flower","Meat on the Bone","Velvet Choker","The Specimen","Mango","Snake Skull","Unceasing Top"],"potions_floor_usage":[16,16,29,33,33,36,36,39,39,40,40,40,42,45,50,50,50,50,50,50],"damage_taken":[{"damage":0,"enemies":"Small Slimes","floor":1,"turns":3},{"damage":2,"enemies":"Jaw Worm","floor":5,"turns":5},{"damage":17,"enemies":"3 Sentries","floor":6,"turns":11},{"damage":8,"enemies":"Gremlin Nob","floor":8,"turns":4},{"damage":0,"enemies":"Cultist","floor":10,"turns":3},{"damage":3,"enemies":"3 Louse","floor":11,"turns":3},{"damage":10,"enemies":"3 Sentries","floor":13,"turns":8},{"damage":25,"enemies":"Hexaghost","floor":16,"turns":7},{"damage":0,"enemies":"Chosen","floor":18,"turns":3},{"damage":9,"enemies":"3 Byrds","floor":19,"turns":4},{"damage":25,"floor":21,"turns":5},{"damage":18,"enemies":"Slavers","floor":23,"turns":5},{"damage":3,"enemies":"Snake Plant","floor":28,"turns":3},{"damage":4,"enemies":"Sentry and Sphere","floor":29,"turns":4},{"damage":36,"enemies":"Automaton","floor":33,"turns":8},{"damage":18,"enemies":"3 Darklings","floor":35,"turns":5},{"damage":9,"floor":36,"turns":5},{"damage":0,"enemies":"3 Shapes","floor":38,"turns":4},{"damage":2,"enemies":"Sphere and 2 Shapes","floor":39,"turns":4},{"damage":28,"enemies":"Nemesis","floor":40,"turns":7},{"damage":28,"enemies":"Maw","floor":42,"turns":7},{"damage":37,"enemies":"2 Orb Walkers","floor":45,"turns":5},{"damage":27,"enemies":"Spire Growth","floor":48,"turns":5},{"damage":78,"enemies":"Awakened One","floor":50,"turns":12}],"seed_played":"3089655095404921683","potions_obtained":[{"floor":5,"key":"Weak Potion"},{"floor":8,"key":"SkillPotion"},{"floor":13,"key":"Ancient Potion"},{"floor":16,"key":"SpeedPotion"},{"floor":19,"key":"AttackPotion"},{"floor":38,"key":"AttackPotion"},{"floor":39,"key":"FearPotion"},{"floor":40,"key":"FearPotion"}],"is_trial":false,"path_per_floor":["M","?","?","?","M","E","R","E","T","M","M","R","E","?","R","B",null,"M","M","?","?","?","E","$","R","T","$","M","M","R","?","R","B",null,"M","?","$","M","M","E","R","M","T","?","E","?","R","M","R","B"],"character_chosen":"THE_SILENT","items_purchased":["Noxious Fumes","Noxious Fumes","Dash","Infinite Blades"],"campfire_rested":8,"item_purchase_floors":[24,27,27,37],"current_hp_per_floor":[70,70,56,56,54,37,58,50,50,50,47,68,58,58,70,45,70,70,61,61,36,36,18,18,39,39,39,36,44,65,65,65,41,70,52,43,43,43,41,39,64,48,48,69,44,44,69,54,79,13],"gold":189,"neow_bonus":"REMOVE_TWO","is_prod":false,"is_daily":false,"chose_seed":false,"campfire_upgraded":1,"win_rate":0,"timestamp":1532322392,"path_taken":["M","?","?","?","M","E","R","E","T","M","M","R","E","?","R","BOSS","M","M","?","?","?","E","$","R","T","$","M","M","R","?","R","BOSS","M","?","$","M","M","E","R","M","T","?","E","?","R","M","R","BOSS"],"build_version":"2018-07-19v2","purchased_purges":3,"victory":true,"max_hp_per_floor":[70,70,70,70,70,70,70,70,70,70,70,70,70,70,70,70,70,70,70,70,70,70,70,70,70,70,70,70,70,70,70,70,70,70,70,70,70,70,70,84,84,84,84,84,84,84,84,84,84,84],"card_choices":[{"not_picked":["Accuracy","Quick Slash"],"picked":"Backflip","floor":1},{"not_picked":["Bane","PiercingWail"],"picked":"Bouncing Flask","floor":5},{"not_picked":["Footwork","Blade Dance"],"picked":"Crippling Poison","floor":6},{"not_picked":["Blade Dance","Dodge and Roll","Dagger Throw"],"picked":"SKIP","floor":8},{"not_picked":["Dagger Throw","Leg Sweep"],"picked":"Poisoned Stab","floor":10},{"not_picked":["Crippling Poison","Flying Knee"],"picked":"Calculated Gamble","floor":11},{"not_picked":["Leg Sweep","Distraction"],"picked":"Poisoned Stab","floor":13},{"not_picked":["Venomology","Tools of the Trade"],"picked":"Envenom","floor":16},{"not_picked":[],"picked":"Slice+1","floor":18},{"not_picked":[],"picked":"PiercingWail","floor":19},{"not_picked":[],"picked":"Venomology","floor":23},{"not_picked":[],"picked":"Deflect","floor":28},{"not_picked":[],"picked":"Skewer","floor":29},{"not_picked":[],"picked":"Malaise","floor":33},{"not_picked":["Sucker Punch+1"],"picked":"SKIP","floor":35},{"not_picked":[],"picked":"Blur+1","floor":36},{"not_picked":[],"picked":"Heel Hook+1","floor":38},{"not_picked":[],"picked":"Dodge and Roll+1","floor":39},{"not_picked":[],"picked":"Predator+1","floor":40},{"not_picked":[],"picked":"Riddle With Holes+1","floor":42},{"not_picked":[],"picked":"Corpse Explosion","floor":45},{"not_picked":["Blade Dance"],"picked":"SKIP","floor":48}],"player_experience":1322780,"relics_obtained":[{"floor":6,"key":"War Paint"},{"floor":8,"key":"Letter Opener"},{"floor":9,"key":"The Courier"},{"floor":13,"key":"Juzu Bracelet"},{"floor":21,"key":"Red Mask"},{"floor":23,"key":"Happy Flower"},{"floor":26,"key":"Meat on the Bone"},{"floor":36,"key":"The Specimen"},{"floor":40,"key":"Mango"},{"floor":43,"key":"Snake Skull"},{"floor":45,"key":"Unceasing Top"}],"event_choices":[{"event_name":"Living Wall","player_choice":"Forget","floor":2,"damage_taken":0},{"event_name":"Shining Light","player_choice":"Entered Light","floor":3,"damage_taken":0},{"event_name":"Liars Game","player_choice":"disagreed","floor":4,"damage_taken":0},{"event_name":"The Cleric","player_choice":"Card Removal","floor":14,"damage_taken":0},{"event_name":"Drug Dealer","player_choice":"Got JAXXED","floor":20,"damage_taken":0},{"event_name":"Masked Bandits","player_choice":"Fought over 235 gold","floor":21,"damage_taken":0},{"event_name":"Vampires","player_choice":"Ignored","floor":22,"damage_taken":0},{"event_name":"Ghosts","player_choice":"Ignored","floor":31,"damage_taken":0},{"event_name":"Mysterious Sphere","player_choice":"Fight","floor":36,"damage_taken":0},{"event_name":"Winding Halls","player_choice":"Writhe","floor":44,"damage_taken":0},{"event_name":"Purifier","player_choice":"One Purge","floor":46,"damage_taken":0}],"is_beta":false,"boss_relics":[{"not_picked":["Eternal Feather","Ectoplasm"],"picked":"Busted Crown"},{"not_picked":["Calling Bell","Tiny House"],"picked":"Velvet Choker"}],"items_purged_floors":[24,27,37],"is_endless":false,"potions_floor_spawned":[5,8,13,16,19,28,38,39,40],"ascension_level":3}