{"gold_per_floor":[210,138,152,152,165,165,90,90,90,107,107,133,143,160,160,259,259,279,299,299,319,219,31,31,31],"floor_reached":25,"playtime":2339,"items_purged":["Strike_R","Strike_R"],"score":203,"play_id":"18d610cb-8010-4970-8696-72f38a93c89d","local_time":"20190926233637","is_ascension_mode":false,"campfire_choices":[{"data":"Pommel Strike","floor":6,"key":"SMITH"},{"data":"Seeing Red","floor":8,"key":"SMITH"},{"data":"Iron Wave","floor":11,"key":"SMITH"},{"data":"Armaments","floor":15,"key":"SMITH"}],"neow_cost":"NONE","seed_source_timestamp":788329251931800,"circlet_count":0,"master_deck":["Strike_R","Strike_R","Strike_R","Defend_R","Defend_R","Defend_R","Defend_R","Bash","Seeing Red+1","Flex","Twin Strike","Armaments+1","Pommel Strike+1","Iron Wave+1","Dual Wield","Armaments+1","Twin Strike","Demon Form","Anger","Sword Boomerang+1","Reaper","Burning Pact","Apotheosis","Shame"],"relics":["Burning Blood","Darkstone Periapt","Blood Vial","Sozu","Self Forming Clay"],"potions_floor_usage":[],"damage_taken":[{"damage":6,"enemies":"Small Slimes","floor":1,"turns":5},{"damage":5,"enemies":"Cultist","floor":3,"turns":4},{"damage":1,"enemies":"Jaw Worm","floor":5,"turns":2},{"damage":11,"enemies":"Gremlin Gang","floor":10,"turns":6},{"damage":24,"enemies":"3 Sentries","floor":12,"turns":11},{"damage":1,"enemies":"Red Slaver","floor":13,"turns":3},{"damage":6,"enemies":"3 Louse","floor":14,"turns":4},{"damage":64,"enemies":"The Guardian","floor":16,"turns":13},{"damage":7,"enemies":"Chosen","floor":18,"turns":5},{"damage":10,"enemies":"3 Byrds","floor":19,"turns":5},{"damage":42,"enemies":"Centurion and Healer","floor":21,"turns":6},{"damage":51,"enemies":"Slavers","floor":25,"turns":5}],"seed_played":"-3227395733876066822","potions_obtained":[{"floor":1,"key":"Ancient Potion"},{"floor":14,"key":"Block Potion"},{"floor":16,"key":"SteroidPotion"}],"is_trial":false,"path_per_floor":["M","$","M","?","M","R","$","R","T","M","R","E","M","M","R","B",null,"M","M","?","M","$","$","?","E"],"character_chosen":"IRONCLAD","items_purchased":["Flex","Twin Strike","Apotheosis"],"campfire_rested":0,"item_purchase_floors":[2,2,23],"current_hp_per_floor":[80,80,80,80,80,80,80,80,80,75,75,57,64,66,66,10,80,79,76,76,42,42,42,48,0],"gold":31,"neow_bonus":"HUNDRED_GOLD","is_prod":false,"is_daily":false,"chose_seed":false,"campfire_upgraded":4,"win_rate":0.0,"timestamp":1569512197,"path_taken":["M","$","M","?","M","R","$","R","T","M","R","E","M","?","R","BOSS","M","M","?","?","?","$","?","E"],"build_version":"2019-07-17","purchased_purges":2,"victory":false,"max_hp_per_floor":[80,80,80,80,80,80,80,80,80,80,80,80,80,80,80,80,80,80,80,80,80,80,80,86,86],"card_choices":[{"not_picked":["Whirlwind","True Grit"],"picked":"Seeing Red","floor":1},{"not_picked":["Pommel Strike","Shrug It Off"],"picked":"Armaments","floor":3},{"not_picked":["Armaments","Inflame"],"picked":"Pommel Strike","floor":5},{"not_picked":["Warcry","Armaments"],"picked":"Iron Wave","floor":10},{"not_picked":["Warcry","Sword Boomerang"],"picked":"Dual Wield","floor":12},{"not_picked":["Second Wind","Warcry"],"picked":"Armaments","floor":13},{"not_picked":["Power Through","Clash"],"picked":"Twin Strike","floor":14},{"not_picked":["Bludgeon","Impervious"],"picked":"Demon Form","floor":16},{"not_picked":["Reckless Charge+1","Rupture"],"picked":"Anger","floor":18},{"not_picked":["Perfected Strike","Ghostly Armor"],"picked":"Sword Boomerang+1","floor":19},{"not_picked":["Flame Barrier","Reckless Charge"],"picked":"Burning Pact","floor":21}],"player_experience":14357,"relics_obtained":[{"floor":9,"key":"Darkstone Periapt"},{"floor":12,"key":"Blood Vial"}],"event_choices":[{"damage_healed":0,"gold_gain":0,"player_choice":"Upgraded","damage_taken":0,"max_hp_gain":0,"max_hp_loss":0,"event_name":"Upgrade Shrine","floor":4,"gold_loss":0,"cards_upgraded":["Armaments"]},{"damage_healed":0,"gold_gain":0,"player_choice":"1 cards matched","damage_taken":0,"max_hp_gain":0,"max_hp_loss":0,"event_name":"Match and Keep!","floor":20,"gold_loss":0,"cards_obtained":["Reaper"]},{"damage_healed":0,"gold_gain":0,"player_choice":"Stole Relic","damage_taken":0,"relics_obtained":["Self Forming Clay"],"max_hp_gain":0,"max_hp_loss":0,"event_name":"Addict","floor":24,"gold_loss":0,"cards_obtained":["Shame"]}],"is_beta":false,"boss_relics":[{"not_picked":["Orrery","Philosopher\u0027s Stone"],"picked":"Sozu"}],"items_purged_floors":[7,22],"is_endless":false,"potions_floor_spawned":[1,14,16,19,21],"killed_by":"Slavers","ascension_level":0}