{"gold_per_floor":[118,118,44,44,61,89,89,102,171,183,183,193,153,164,164,263,263,282,298,298],"floor_reached":20,"playtime":720,"items_purged":[],"score":194,"play_id":"abf52d00-db1a-4ece-bcef-310cf575a348","local_time":"20190814081216","is_ascension_mode":true,"campfire_choices":[{"floor":7,"key":"REST"},{"floor":15,"key":"REST"}],"neow_cost":"NONE","seed_source_timestamp":201440324578320,"circlet_count":0,"master_deck":["Strike_B","Strike_B","Strike_B","Strike_B","Defend_B","Defend_B","Defend_B","Defend_B","Zap+1","Dualcast","Conserve Battery","Sunder","Static Discharge","Cold Snap","Sweeping Beam","Sunder","Rainbow","Turbo","White Noise","Hyperbeam","Auto Shields","Ball Lightning","Melter","Doom and Gloom","Beam Cell","Streamline","FTL"],"relics":["Cracked Core","Art of War","Boot","Bottled Tornado","Orrery"],"potions_floor_usage":[12,14,16,16,18],"damage_taken":[{"damage":0,"enemies":"Small Slimes","floor":1,"turns":3},{"damage":0,"enemies":"Jaw Worm","floor":5,"turns":3},{"damage":28,"enemies":"Gremlin Nob","floor":6,"turns":4},{"damage":0,"enemies":"Cultist","floor":8,"turns":2},{"damage":4,"enemies":"Looter","floor":10,"turns":2},{"damage":8,"enemies":"Gremlin Gang","floor":12,"turns":2},{"damage":12,"enemies":"Large Slime","floor":14,"turns":4},{"damage":19,"enemies":"Slime Boss","floor":16,"turns":11},{"damage":35,"enemies":"3 Byrds","floor":18,"turns":4},{"damage":12,"enemies":"Chosen","floor":19,"turns":3},{"damage":35,"enemies":"Shelled Parasite and Fungi","floor":20,"turns":4}],"seed_played":"-275641690041543690","potions_obtained":[{"floor":6,"key":"Energy Potion"},{"floor":10,"key":"SkillPotion"},{"floor":12,"key":"FocusPotion"},{"floor":13,"key":"SkillPotion"},{"floor":13,"key":"SneckoOil"},{"floor":13,"key":"Poison Potion"},{"floor":16,"key":"Block Potion"}],"is_trial":false,"path_per_floor":["M","?","$","?","M","E","R","M","T","M","?","M","?","M","R","B",null,"M","M","M"],"character_chosen":"DEFECT","items_purchased":["Sunder"],"campfire_rested":2,"item_purchase_floors":[3],"current_hp_per_floor":[75,75,75,75,75,47,69,69,69,65,65,57,57,45,67,48,75,40,28,0],"gold":298,"neow_bonus":"RANDOM_COMMON_RELIC","is_prod":false,"is_daily":false,"chose_seed":false,"campfire_upgraded":0,"win_rate":0,"timestamp":1565781136,"path_taken":["M","?","$","?","?","E","R","M","T","M","?","?","?","M","R","BOSS","M","?","M"],"build_version":"2019-07-17","purchased_purges":0,"victory":false,"max_hp_per_floor":[75,75,75,75,75,75,75,75,75,75,75,75,75,75,75,75,75,75,75,75],"card_choices":[{"not_picked":["Redo","Beam Cell"],"picked":"Conserve Battery","floor":1},{"not_picked":["Compile Driver","Hello World"],"picked":"Static Discharge","floor":5},{"not_picked":["Coolheaded","Stack"],"picked":"Cold Snap","floor":6},{"not_picked":["Beam Cell","Consume"],"picked":"Sweeping Beam","floor":8},{"not_picked":["Melter","Gash"],"picked":"Sunder","floor":10},{"not_picked":["Compile Driver","Rainbow"],"picked":"Turbo","floor":12},{"not_picked":["BootSequence","Leap"],"picked":"White Noise","floor":14},{"not_picked":["Amplify","Rainbow"],"picked":"Hyperbeam","floor":16},{"not_picked":["Force Field","Barrage"],"picked":"Auto Shields","floor":17},{"not_picked":["Stack","Leap"],"picked":"Ball Lightning","floor":17},{"not_picked":["Steam","Rebound"],"picked":"Melter","floor":17},{"not_picked":["Machine Learning","Recycle"],"picked":"Doom and Gloom","floor":17},{"not_picked":["Redo","Blizzard"],"picked":"Beam Cell","floor":17},{"not_picked":["Auto Shields","Redo"],"picked":"Streamline","floor":18},{"not_picked":["Leap","Beam Cell"],"picked":"FTL","floor":19}],"player_experience":307449,"relics_obtained":[{"floor":6,"key":"Boot"},{"floor":9,"key":"Bottled Tornado"}],"event_choices":[{"damage_healed":0,"gold_gain":0,"player_choice":"Grow","damage_taken":0,"max_hp_gain":0,"max_hp_loss":0,"event_name":"Living Wall","floor":2,"gold_loss":0,"cards_upgraded":["Zap"]},{"damage_healed":0,"gold_gain":0,"player_choice":"Ignored","damage_taken":0,"max_hp_gain":0,"max_hp_loss":0,"event_name":"Purifier","floor":4,"gold_loss":0},{"damage_healed":0,"gold_gain":0,"player_choice":"1 cards matched","damage_taken":0,"max_hp_gain":0,"max_hp_loss":0,"event_name":"Match and Keep!","floor":11,"gold_loss":0,"cards_obtained":["Rainbow"]},{"damage_healed":0,"gold_gain":0,"player_choice":"Bought 3 Potions","damage_taken":0,"max_hp_gain":0,"max_hp_loss":0,"event_name":"The Woman in Blue","floor":13,"gold_loss":0}],"is_beta":false,"boss_relics":[{"not_picked":["Astrolabe","Snecko Eye"],"picked":"Orrery"}],"items_purged_floors":[],"is_endless":false,"potions_floor_spawned":[6,10,12,16],"killed_by":"Shelled Parasite and Fungi","ascension_level":2}