{"gold_per_floor":[111,121,138,33,49,124,54,66,66,66,16,16,27,40,40,137,137,156,131,131,143,23,23,42,5,5,22,22,22],"floor_reached":29,"playtime":1028,"items_purged":[],"score":244,"play_id":"913a8414-2abb-4ff6-ac2a-8e2103098dc3","local_time":"20190726185417","is_ascension_mode":false,"campfire_choices":[{"floor":10,"key":"REST"},{"floor":12,"key":"REST"},{"floor":15,"key":"REST"},{"floor":23,"key":"REST"},{"floor":28,"key":"REST"}],"neow_cost":"NONE","seed_source_timestamp":119317273503824,"circlet_count":0,"master_deck":["Strike_B","Strike_B","Strike_B","Strike_B","Defend_B","Defend_B","Defend_B","Defend_B","Zap","Dualcast","Streamline","Capacitor","Redo","Genetic Algorithm","Static Discharge","Echo Form+1","Stack","Streamline","White Noise","Leap","Turbo","Tempest","Ball Lightning","Go for the Eyes","Buffer","Electrodynamics","Capacitor","Rebound+1","Leap","Meteor Strike","Stack","Gash+1","Streamline","Capacitor","Force Field","Sweeping Beam+1"],"relics":["Cracked Core","Dream Catcher","Mummified Hand","Lizard Tail","Matryoshka"],"potions_floor_usage":[16,16,16,27,29],"damage_taken":[{"damage":0,"enemies":"Cultist","floor":1,"turns":4},{"damage":1,"enemies":"Jaw Worm","floor":2,"turns":4},{"damage":0,"enemies":"Small Slimes","floor":3,"turns":3},{"damage":15,"enemies":"Blue Slaver","floor":5,"turns":4},{"damage":15,"enemies":"Exordium Thugs","floor":8,"turns":4},{"damage":10,"enemies":"Looter","floor":13,"turns":4},{"damage":10,"enemies":"3 Louse","floor":14,"turns":3},{"damage":25,"enemies":"The Guardian","floor":16,"turns":8},{"damage":26,"enemies":"Shell Parasite","floor":18,"turns":5},{"damage":39,"enemies":"2 Thieves","floor":19,"turns":5},{"damage":35,"enemies":"Shelled Parasite and Fungi","floor":21,"turns":6},{"damage":10,"enemies":"Snecko","floor":24,"turns":4},{"damage":20,"enemies":"Cultist and Chosen","floor":27,"turns":8},{"damage":36,"enemies":"Shelled Parasite and Fungi","floor":29,"turns":2}],"seed_played":"-2153126321022184257","potions_obtained":[{"floor":3,"key":"Dexterity Potion"},{"floor":5,"key":"Strength Potion"},{"floor":13,"key":"FocusPotion"},{"floor":21,"key":"Energy Potion"},{"floor":24,"key":"Block Potion"}],"is_trial":false,"path_per_floor":["M","M","M","$","M","?","$","M","T","R","$","R","M","M","R","B",null,"M","M","?","M","$","R","M","$","T","M","R","M"],"character_chosen":"DEFECT","items_purchased":["Genetic Algorithm","Static Discharge","Stack","Streamline","Turbo","Meteor Strike","Stack","Capacitor"],"campfire_rested":5,"item_purchase_floors":[4,4,7,7,11,22,22,25],"current_hp_per_floor":[75,74,74,74,59,52,52,37,37,59,59,75,65,55,75,50,75,49,10,10,13,13,35,25,25,25,5,27,0],"gold":22,"neow_bonus":"RANDOM_COMMON_RELIC","is_prod":false,"is_daily":false,"chose_seed":false,"campfire_upgraded":0,"win_rate":0.0,"timestamp":1564178057,"path_taken":["M","M","?","$","M","?","$","?","T","R","?","R","M","M","R","BOSS","M","M","?","M","$","R","M","?","T","M","R","M"],"build_version":"2019-07-17","purchased_purges":0,"victory":false,"max_hp_per_floor":[75,75,75,75,75,75,75,75,75,75,75,75,75,75,75,75,75,75,75,75,75,75,75,75,75,75,75,75,75],"card_choices":[{"not_picked":["Leap","Cold Snap"],"picked":"Streamline","floor":1},{"not_picked":["Rip and Tear","Static Discharge"],"picked":"Capacitor","floor":2},{"not_picked":["Cold Snap","Skim"],"picked":"Redo","floor":3},{"not_picked":["Ball Lightning","Capacitor"],"picked":"Echo Form","floor":5},{"not_picked":["Darkness","Sunder"],"picked":"White Noise","floor":8},{"not_picked":["Redo","Reprogram"],"picked":"Leap","floor":10},{"not_picked":["Streamline","Undo"],"picked":"Tempest","floor":12},{"not_picked":["Steam Power","Redo"],"picked":"Ball Lightning","floor":13},{"not_picked":["Reinforced Body","Tempest"],"picked":"Go for the Eyes","floor":14},{"not_picked":["Loop","Gash"],"picked":"Buffer","floor":15},{"not_picked":["Rainbow","Seek"],"picked":"Electrodynamics","floor":16},{"not_picked":["Streamline","Sweeping Beam"],"picked":"Capacitor","floor":18},{"not_picked":["Hologram","Gash"],"picked":"Rebound+1","floor":19},{"not_picked":["Gash","Reboot"],"picked":"Leap","floor":21},{"not_picked":["Redo","Beam Cell+1"],"picked":"Gash+1","floor":23},{"not_picked":["Genetic Algorithm","Cold Snap"],"picked":"Streamline","floor":24},{"not_picked":["Turbo","Streamline"],"picked":"Force Field","floor":27},{"not_picked":["Barrage","Darkness"],"picked":"Sweeping Beam+1","floor":28}],"player_experience":237842,"relics_obtained":[{"floor":9,"key":"Mummified Hand"},{"floor":26,"key":"Matryoshka"}],"event_choices":[{"damage_healed":0,"gold_gain":75,"player_choice":"Touch","damage_taken":7,"max_hp_gain":0,"max_hp_loss":0,"event_name":"FaceTrader","floor":6,"gold_loss":0},{"damage_healed":0,"gold_gain":0,"player_choice":"Upgraded","damage_taken":0,"max_hp_gain":0,"max_hp_loss":0,"event_name":"Upgrade Shrine","floor":20,"gold_loss":0,"cards_upgraded":["Echo Form"]}],"is_beta":false,"boss_relics":[{"not_picked":["Black Star","FrozenCore"],"picked":"Lizard Tail"}],"items_purged_floors":[],"is_endless":false,"potions_floor_spawned":[3,5,13,21,24],"killed_by":"Shelled Parasite and Fungi","ascension_level":0}