{"gold_per_floor":[113,131,144,156,169,169,229,35,90,125,125,125,125,161,161,282,282,303,303,324,348,6,30,30,30,77,77,77,121,121,134,134,134],"floor_reached":33,"playtime":2015,"items_purged":[],"score":324,"play_id":"6f7f8c09-cda8-4712-9d8d-50873a30b3fc","local_time":"20190902131326","is_ascension_mode":true,"campfire_choices":[{"data":"Choke","floor":6,"key":"SMITH"},{"data":"Dagger Spray","floor":11,"key":"SMITH"},{"floor":13,"key":"REST"},{"data":"Cloak And Dagger","floor":15,"key":"SMITH"},{"floor":25,"key":"REST"},{"data":"All Out Attack","floor":28,"key":"SMITH"},{"floor":32,"key":"REST"}],"neow_cost":"NONE","seed_source_timestamp":145856936103701,"circlet_count":0,"master_deck":["Strike_G+1","Strike_G+1","Strike_G+1","Strike_G+1","Strike_G+1","Defend_G+1","Defend_G+1","Defend_G+1","Defend_G+1","Defend_G+1","Survivor","Neutralize","Dagger Throw","Blade Dance","Slice","Choke+1","Cloak And Dagger+1","Poisoned Stab","Dagger Spray+1","Injury","Storm of Steel+1","Unload","Sucker Punch+1","Blade Dance+1","All Out Attack+1","Infinite Blades","The Bomb+1","Flying Knee","Poisoned Stab","Leg Sweep+1","Clumsy","J.A.X.+1","Infinite Blades","Shame","Leg Sweep+1"],"relics":["Ring of the Snake","Boot","Tiny Chest","OrangePellets","Strawberry","Toxic Egg 2","Golden Idol","Bag of Preparation","Cursed Key","Art of War","Sundial","The Courier"],"potions_floor_usage":[7,14,16,23,33,33],"damage_taken":[{"damage":0,"enemies":"2 Louse","floor":1,"turns":3},{"damage":0,"enemies":"Small Slimes","floor":2,"turns":4},{"damage":0,"enemies":"Jaw Worm","floor":3,"turns":3},{"damage":0,"enemies":"Looter","floor":4,"turns":3},{"damage":0,"enemies":"Exordium Thugs","floor":5,"turns":5},{"damage":10,"enemies":"Gremlin Nob","floor":7,"turns":3},{"damage":21,"enemies":"3 Sentries","floor":10,"turns":10},{"damage":10,"enemies":"Gremlin Nob","floor":14,"turns":4},{"damage":59,"enemies":"The Guardian","floor":16,"turns":11},{"damage":0,"enemies":"Chosen","floor":18,"turns":4},{"damage":4,"enemies":"2 Thieves","floor":20,"turns":3},{"damage":9,"enemies":"Snecko","floor":21,"turns":4},{"damage":17,"enemies":"Centurion and Healer","floor":23,"turns":4},{"damage":33,"enemies":"Slavers","floor":29,"turns":4},{"damage":3,"enemies":"Snake Plant","floor":31,"turns":4},{"damage":60,"enemies":"Automaton","floor":33,"turns":8}],"seed_played":"-2592305149114185829","potions_obtained":[{"floor":2,"key":"Poison Potion"},{"floor":3,"key":"GhostInAJar"},{"floor":7,"key":"Dexterity Potion"},{"floor":10,"key":"Regen Potion"},{"floor":18,"key":"Explosive Potion"},{"floor":23,"key":"SmokeBomb"},{"floor":31,"key":"GhostInAJar"}],"is_trial":false,"path_per_floor":["M","M","M","M","M","R","E","$","T","E","R","?","R","E","R","B",null,"M","?","M","M","$","M","$","R","T","?","R","E","T","M","R","B"],"character_chosen":"THE_SILENT","items_purchased":["OrangePellets","Infinite Blades","The Bomb+1","Flying Knee","Poisoned Stab"],"campfire_rested":3,"item_purchase_floors":[8,22,22,22,22],"current_hp_per_floor":[70,70,70,70,70,70,60,60,67,46,46,46,69,70,70,11,77,77,77,73,64,64,47,47,70,70,70,70,37,37,34,57,0],"gold":134,"neow_bonus":"RANDOM_COMMON_RELIC","is_prod":false,"is_daily":false,"chose_seed":false,"campfire_upgraded":4,"win_rate":0,"timestamp":1567440806,"path_taken":["M","M","M","M","M","R","E","$","T","E","R","?","R","E","R","BOSS","M","?","M","M","$","M","$","R","T","?","R","E","?","?","R","BOSS"],"build_version":"2019-07-17","purchased_purges":0,"victory":false,"max_hp_per_floor":[70,70,70,70,70,70,70,70,77,77,77,77,77,77,77,77,77,77,77,77,77,77,77,77,77,77,77,77,77,77,77,77,77],"card_choices":[{"not_picked":["Escape Plan","Outmaneuver"],"picked":"Dagger Throw","floor":1},{"not_picked":["Cloak And Dagger","Poisoned Stab"],"picked":"Blade Dance","floor":2},{"not_picked":["Dagger Throw","Acrobatics"],"picked":"Slice","floor":3},{"not_picked":["Outmaneuver","PiercingWail"],"picked":"Choke","floor":4},{"not_picked":["Dagger Spray","Die Die Die"],"picked":"Cloak And Dagger","floor":5},{"not_picked":["Eviscerate","Acrobatics"],"picked":"Poisoned Stab","floor":7},{"not_picked":["Well Laid Plans","Setup"],"picked":"Dagger Spray","floor":10},{"not_picked":["Noxious Fumes","Slice"],"picked":"Storm of Steel+1","floor":14},{"not_picked":["Phantasmal Killer+1","A Thousand Cuts"],"picked":"Unload","floor":16},{"not_picked":["Setup+1","Bane"],"picked":"Sucker Punch+1","floor":18},{"not_picked":["Dodge and Roll+1","Bane"],"picked":"Blade Dance+1","floor":20},{"not_picked":["Dagger Spray","Bouncing Flask+1"],"picked":"All Out Attack","floor":21},{"not_picked":["PiercingWail+1","Outmaneuver+1"],"picked":"Leg Sweep+1","floor":23},{"not_picked":["PiercingWail+1","Phantasmal Killer+1"],"picked":"Infinite Blades","floor":29},{"not_picked":["Deflect+1","Outmaneuver+1"],"picked":"Leg Sweep+1","floor":31}],"player_experience":365578,"relics_obtained":[{"floor":7,"key":"Tiny Chest"},{"floor":9,"key":"Strawberry"},{"floor":10,"key":"Toxic Egg 2"},{"floor":14,"key":"Bag of Preparation"},{"floor":26,"key":"Art of War"},{"floor":29,"key":"Sundial"},{"floor":30,"key":"The Courier"}],"event_choices":[{"damage_healed":0,"gold_gain":0,"player_choice":"Take Wound","damage_taken":0,"relics_obtained":["Golden Idol"],"max_hp_gain":0,"max_hp_loss":0,"event_name":"Golden Idol","floor":12,"gold_loss":0,"cards_obtained":["Injury"]},{"damage_healed":0,"gold_gain":0,"player_choice":"Simplicity","damage_taken":0,"max_hp_gain":0,"max_hp_loss":0,"event_name":"Back to Basics","floor":19,"gold_loss":0,"cards_upgraded":["Strike_G","Strike_G","Strike_G","Strike_G","Strike_G","Defend_G","Defend_G","Defend_G","Defend_G","Defend_G"]},{"damage_healed":0,"gold_gain":0,"player_choice":"Obtain J.A.X.","damage_taken":0,"max_hp_gain":0,"max_hp_loss":0,"event_name":"Drug Dealer","floor":27,"gold_loss":0,"cards_obtained":["J.A.X."]}],"is_beta":false,"boss_relics":[{"not_picked":["Snecko Eye","Astrolabe"],"picked":"Cursed Key"}],"items_purged_floors":[],"is_endless":false,"potions_floor_spawned":[2,3,7,10,18,23,31],"killed_by":"Automaton","ascension_level":1}