{"gold_per_floor":[114,114,129,179,279,279,309,309,334,334,364,379,394,424,424,524,524,539,539,67,82,97,97,112,112,137,167,167,182,212,127,127,227,227,242,257,257,357,372,372,402,402,477,477,7,37,37,67,67,67],"floor_reached":51,"playtime":3085,"items_purged":["Strike_G","Strike_B+1"],"score":889,"play_id":"5adf72ea-c51e-4694-acd4-1ff9e6b4f64a","local_time":"20191021232922","daily_mods":["Chimera","Green Cards","Elite Swarm"],"is_ascension_mode":false,"campfire_choices":[{"data":"Sucker Punch","floor":6,"key":"SMITH"},{"data":"Adrenaline","floor":8,"key":"SMITH"},{"data":"Bash","floor":10,"key":"SMITH"},{"data":"Rainbow","floor":15,"key":"SMITH"},{"data":"Buffer","floor":23,"key":"SMITH"},{"data":"Capacitor","floor":25,"key":"SMITH"},{"floor":28,"key":"DIG"},{"floor":32,"key":"DIG"},{"floor":40,"key":"DIG"},{"floor":42,"key":"DIG"},{"data":"Malaise","floor":47,"key":"SMITH"},{"data":"Fission","floor":49,"key":"SMITH"}],"neow_cost":"","seed_source_timestamp":0,"circlet_count":0,"master_deck":["Bash+1","Survivor","Zap+1","Strike_R+1","Defend_R","Defend_G","Defend_B","Static Discharge","Sucker Punch+1","Adrenaline+1","Corpse Explosion","PiercingWail","Stack","Rainbow+1","Buffer+1","Conserve Battery","Dash","Apotheosis","Backflip","Capacitor+1","Footwork+1","Chaos+1","Fusion","Thunder Strike","Envenom","Underhanded Strike+1","Dash","Bullet Time","Malaise+1","Fission+1"],"special_seed":18190,"relics":["Cracked Core","PreservedInsect","Bag of Marbles","Dream Catcher","Shovel","Boot","Snecko Eye","Membership Card","Blood Vial","Oddly Smooth Stone","Sundial","Ancient Tea Set","Pantograph","Mango","Sozu","Thread and Needle","The Courier","Whetstone","Bottled Flame","Bottled Lightning","Omamori","DataDisk","HandDrill","Bag of Preparation","Emotion Chip","Molten Egg 2","Pocketwatch","Smiling Mask"],"potions_floor_usage":[14,18,18,22,29,29,50],"damage_taken":[{"damage":1.0,"enemies":"Jaw Worm","floor":1.0,"turns":3.0},{"damage":6,"enemies":"Cultist","floor":3,"turns":3},{"damage":5,"enemies":"Lagavulin","floor":7,"turns":5},{"damage":8,"enemies":"Gremlin Nob","floor":11,"turns":3},{"damage":6,"enemies":"2 Louse","floor":12,"turns":2},{"damage":10,"enemies":"2 Fungi Beasts","floor":13,"turns":2},{"damage":9,"enemies":"Lagavulin","floor":14,"turns":4},{"damage":7,"enemies":"Hexaghost","floor":16,"turns":9},{"damage":8,"enemies":"3 Byrds","floor":18,"turns":2},{"damage":0,"enemies":"2 Thieves","floor":21,"turns":3},{"damage":15,"enemies":"Centurion and Healer","floor":22,"turns":5},{"damage":0,"enemies":"Snake Plant","floor":24,"turns":4},{"damage":0,"enemies":"Book of Stabbing","floor":27,"turns":5},{"damage":4,"enemies":"Cultist and Chosen","floor":29,"turns":5},{"damage":5,"enemies":"Gremlin Leader","floor":30,"turns":7},{"damage":39,"enemies":"Collector","floor":33,"turns":9},{"damage":10,"enemies":"Orb Walker","floor":35,"turns":3},{"damage":39,"enemies":"3 Darklings","floor":36,"turns":3},{"damage":0,"enemies":"Mind Bloom Boss Battle","floor":38,"turns":6},{"damage":3,"enemies":"Transient","floor":39,"turns":5},{"damage":5,"enemies":"Giant Head","floor":41,"turns":10},{"damage":27,"enemies":"Reptomancer","floor":46,"turns":4},{"damage":12,"enemies":"Nemesis","floor":48,"turns":5},{"damage":3,"enemies":"Donu and Deca","floor":50,"turns":8}],"seed_played":"-3223743147139902098","potions_obtained":[{"floor":3,"key":"Energy Potion"},{"floor":7,"key":"Poison Potion"},{"floor":13,"key":"FearPotion"},{"floor":16,"key":"Poison Potion"},{"floor":21,"key":"SkillPotion"},{"floor":27,"key":"Explosive Potion"},{"floor":29,"key":"Swift Potion"},{"floor":33,"key":"EssenceOfSteel"}],"is_trial":false,"path_per_floor":["M","?","M","T","?","R","E","R","T","R","E","M","M","E","R","B",null,"M","?","$","M","M","R","M","R","T","E","R","M","E","?","R","B",null,"M","M","?","?","M","R","E","R","T","T","$","E","R","E","R","B",null],"character_chosen":"DEFECT","items_purchased":["Apotheosis","Membership Card","Backflip","Capacitor","DataDisk","HandDrill","Bag of Preparation","Emotion Chip","Molten Egg 2"],"campfire_rested":0,"item_purchase_floors":[20,20,20,20,45,45,45,45,45],"current_hp_per_floor":[74,74,68,68,68,68,63,63,63,63,55,49,39,30,30,23,75,67,67,67,67,52,52,52,52,52,54,54,52,49,49,63,50,89,79,42,42,69,68,68,65,65,65,65,65,40,40,30,30,54],"gold":67,"neow_bonus":"","is_prod":false,"is_daily":true,"chose_seed":false,"campfire_upgraded":8,"win_rate":0,"timestamp":1571671762,"path_taken":["M","?","M","?","?","R","E","R","T","R","E","?","M","E","R","BOSS","M","?","$","M","M","R","M","R","T","E","R","M","E","?","R","BOSS","M","M","?","?","M","R","E","R","T","?","$","E","R","E","R","BOSS"],"build_version":"2019-07-17","purchased_purges":2,"victory":true,"max_hp_per_floor":[75,75,75,75,75,75,75,75,75,75,75,75,75,75,75,75,75,75,75,75,75,75,75,75,75,75,75,75,75,75,75,89,89,89,89,89,89,89,89,89,89,89,89,89,89,89,89,89,89,89],"card_choices":[{"not_picked":["Dodge and Roll","Rip and Tear"],"picked":"Static Discharge","floor":1.0},{"not_picked":["Turbo","Hologram"],"picked":"Sucker Punch","floor":3},{"not_picked":["Tools of the Trade","Multi-Cast"],"picked":"Adrenaline","floor":7},{"not_picked":["Phantasmal Killer","Multi-Cast"],"picked":"Corpse Explosion","floor":11},{"not_picked":["Predator","Cold Snap"],"picked":"PiercingWail","floor":12},{"not_picked":["Sweeping Beam","Force Field"],"picked":"Stack","floor":13},{"not_picked":["Glass Knife","Grand Finale"],"picked":"Rainbow","floor":14},{"not_picked":["Doppelganger","Night Terror"],"picked":"Buffer","floor":16},{"not_picked":["BootSequence","Beam Cell"],"picked":"Conserve Battery","floor":18},{"not_picked":["Finisher","Double Energy"],"picked":"Footwork+1","floor":21},{"not_picked":["Ball Lightning+1","Dagger Spray+1"],"picked":"Chaos+1","floor":22},{"not_picked":["Turbo","Prepared+1"],"picked":"Fusion","floor":24},{"not_picked":["Doppelganger","Adrenaline","Unload"],"picked":"SKIP","floor":27},{"not_picked":["Blade Dance","Darkness","Sucker Punch"],"picked":"SKIP","floor":29},{"not_picked":["Multi-Cast","Creative AI"],"picked":"Thunder Strike","floor":30},{"not_picked":["Hyperbeam","Buffer"],"picked":"Envenom","floor":33},{"not_picked":["Go for the Eyes","Rebound"],"picked":"Underhanded Strike+1","floor":35},{"not_picked":["Conserve Battery+1","PiercingWail+1"],"picked":"Dash","floor":36},{"not_picked":["Stack+1","Grand Finale","Cold Snap"],"picked":"SKIP","floor":39},{"not_picked":["Creative AI","Doppelganger"],"picked":"Bullet Time","floor":41},{"not_picked":["Phantasmal Killer","Envenom"],"picked":"Malaise","floor":46},{"not_picked":["Venomology","Tools of the Trade"],"picked":"Fission","floor":48}],"player_experience":222844,"relics_obtained":[{"floor":4,"key":"PreservedInsect"},{"floor":7,"key":"Bag of Marbles"},{"floor":9,"key":"Dream Catcher"},{"floor":11,"key":"Shovel"},{"floor":14,"key":"Boot"},{"floor":26,"key":"Blood Vial"},{"floor":27,"key":"Oddly Smooth Stone"},{"floor":28,"key":"Sundial"},{"floor":30,"key":"Ancient Tea Set"},{"floor":32,"key":"Mango"},{"floor":38,"key":"Thread and Needle"},{"floor":40,"key":"The Courier"},{"floor":41,"key":"Whetstone"},{"floor":42,"key":"Bottled Flame"},{"floor":43,"key":"Bottled Lightning"},{"floor":44,"key":"Omamori"},{"floor":46,"key":"Pocketwatch"},{"floor":48,"key":"Smiling Mask"}],"event_choices":[{"damage_healed":0,"gold_gain":0,"player_choice":"Grow","damage_taken":0,"max_hp_gain":0,"max_hp_loss":0,"event_name":"Living Wall","floor":2,"gold_loss":0,"cards_upgraded":["Zap"]},{"damage_healed":0,"gold_gain":100,"player_choice":"Pray","damage_taken":0,"max_hp_gain":0,"max_hp_loss":0,"event_name":"Golden Shrine","floor":5,"gold_loss":0},{"damage_healed":0,"gold_gain":0,"player_choice":"Read","damage_taken":0,"max_hp_gain":0,"max_hp_loss":0,"event_name":"The Library","floor":19,"gold_loss":0,"cards_obtained":["Dash"]},{"damage_healed":0,"gold_gain":0,"player_choice":"Obtained Relic","damage_taken":0,"relics_obtained":["Pantograph"],"max_hp_gain":0,"max_hp_loss":0,"event_name":"Addict","floor":31,"gold_loss":85},{"damage_healed":0,"gold_gain":0,"player_choice":"Ignored","damage_taken":0,"max_hp_gain":0,"max_hp_loss":0,"event_name":"Tomb of Lord Red Mask","floor":37,"gold_loss":0},{"damage_healed":0,"gold_gain":0,"player_choice":"Fight","damage_taken":0,"max_hp_gain":0,"max_hp_loss":0,"event_name":"MindBloom","floor":38,"gold_loss":0}],"is_beta":false,"boss_relics":[{"not_picked":["Philosopher\u0027s Stone","Runic Pyramid"],"picked":"Snecko Eye"},{"not_picked":["Calling Bell","Nuclear Battery"],"picked":"Sozu"}],"items_purged_floors":[20,45],"is_endless":false,"potions_floor_spawned":[3,7,13,16,21,27,29,33,35,36,41],"ascension_level":0}