{"gold_per_floor":[118,132,146,146,46,63,63,91,163,177,206,206,236,254,254,330,330,349,363,363,363,382,408,408,441,494,9,22,22,34,51,51,51],"floor_reached":33,"playtime":2501,"items_purged":[],"score":556,"play_id":"4c5add23-83a4-4ae7-b4f3-c84cd76d022b","local_time":"20190314222630","is_ascension_mode":true,"campfire_choices":[{"data":"Shockwave","floor":7.0,"key":"SMITH"},{"data":"Perfected Strike","floor":12.0,"key":"SMITH"},{"data":"Thunderclap","floor":15.0,"key":"SMITH"},{"data":"Power Through","floor":24,"key":"SMITH"},{"data":"Spot Weakness","floor":32,"key":"SMITH"}],"neow_cost":"NONE","seed_source_timestamp":1442836886982424,"circlet_count":0,"master_deck":["AscendersBane","Strike_R","Strike_R","Strike_R","Strike_R","Defend_R","Defend_R","Defend_R","Defend_R","Bash","Thunderclap+1","Armaments+1","Carnage","Shockwave+1","Perfected Strike","Shrug It Off","Perfected Strike+1","Spot Weakness+1","Headbutt","Impervious","Power Through+1","Shrug It Off","Perfected Strike+1","True Grit+1","Regret","The Bomb","True Grit+1","Pommel Strike+1","Offering"],"special_seed":0,"relics":["Burning Blood","Thread and Needle","Dodecahedron","Centennial Puzzle","Mercury Hourglass","Cursed Key","Blood Vial","Ornamental Fan","Tiny Chest","Bottled Lightning"],"potions_floor_usage":[19,23,23,33],"damage_taken":[{"damage":2.0,"enemies":"Jaw Worm","floor":1.0,"turns":4.0},{"damage":14.0,"enemies":"Small Slimes","floor":2.0,"turns":4.0},{"damage":1.0,"enemies":"Cultist","floor":3.0,"turns":4.0},{"damage":8.0,"enemies":"Blue Slaver","floor":6.0,"turns":3.0},{"damage":14.0,"enemies":"Lagavulin","floor":8.0,"turns":6.0},{"damage":9.0,"enemies":"Gremlin Gang","floor":10.0,"turns":6.0},{"damage":16.0,"enemies":"3 Sentries","floor":11.0,"turns":7.0},{"damage":28.0,"enemies":"Lagavulin","floor":13.0,"turns":7.0},{"damage":8.0,"enemies":"Exordium Thugs","floor":14.0,"turns":4.0},{"damage":10,"enemies":"Slime Boss","floor":16,"turns":9},{"damage":0,"enemies":"Spheric Guardian","floor":18,"turns":3},{"damage":16,"enemies":"3 Byrds","floor":19,"turns":4},{"damage":0,"enemies":"Centurion and Healer","floor":22,"turns":6},{"damage":26,"enemies":"Gremlin Leader","floor":23,"turns":6},{"damage":6,"enemies":"Book of Stabbing","floor":25,"turns":5},{"damage":3,"enemies":"3 Cultists","floor":28,"turns":5},{"damage":4,"enemies":"Snecko","floor":30,"turns":4},{"damage":7,"enemies":"Chosen and Byrds","floor":31,"turns":5},{"damage":62,"enemies":"Collector","floor":33,"turns":11}],"seed_played":"5578726282698626414","potions_obtained":[{"floor":0.0,"key":"Fire Potion"},{"floor":0.0,"key":"Dexterity Potion"},{"floor":2.0,"key":"GamblersBrew"},{"floor":8.0,"key":"SteroidPotion"},{"floor":10.0,"key":"PowerPotion"},{"floor":14.0,"key":"Block Potion"},{"floor":16,"key":"LiquidBronze"},{"floor":22,"key":"SkillPotion"},{"floor":25,"key":"SmokeBomb"},{"floor":31,"key":"GamblersBrew"}],"is_trial":false,"path_per_floor":["M","M","M","?","$","M","R","E","T","M","E","R","E","M","R","B",null,"M","M","?","?","M","E","R","E","T","$","M","?","M","M","R","B"],"character_chosen":"IRONCLAD","items_purchased":["Shockwave","Perfected Strike","The Bomb","Bottled Lightning"],"campfire_rested":0,"item_purchase_floors":[5,5,27,27],"current_hp_per_floor":[72,64,69,69,69,67,67,59,59,56,46,46,24,22,22,18,61,67,57,57,57,63,43,43,45,45,45,50,50,54,55,55,0],"gold":51,"neow_bonus":"THREE_SMALL_POTIONS","is_prod":false,"is_daily":false,"chose_seed":false,"campfire_upgraded":5,"win_rate":0,"timestamp":1552616790,"path_taken":["M","M","M","?","$","M","R","E","T","M","E","R","E","M","R","BOSS","M","M","?","?","M","E","R","E","T","$","?","?","M","?","R","BOSS"],"build_version":"2019-01-23","purchased_purges":0,"victory":false,"max_hp_per_floor":[75,75,75,75,75,75,75,75,75,75,75,75,75,75,75,75,75,75,75,75,75,75,75,75,75,75,75,75,75,75,75,75,75],"card_choices":[{"not_picked":["Twin Strike","Dropkick"],"picked":"Thunderclap","floor":1.0},{"not_picked":["Clash","Pommel Strike"],"picked":"Armaments","floor":2.0},{"not_picked":["Evolve","Havoc"],"picked":"Carnage","floor":3.0},{"not_picked":["Pommel Strike","Inflame"],"picked":"Shrug It Off","floor":6.0},{"not_picked":["Searing Blow","Whirlwind"],"picked":"Perfected Strike","floor":8.0},{"not_picked":["Body Slam","Twin Strike","Clash"],"picked":"SKIP","floor":10.0},{"not_picked":["Barricade","Disarm"],"picked":"Spot Weakness","floor":11.0},{"not_picked":["Fire Breathing","Dropkick"],"picked":"Headbutt","floor":13.0},{"not_picked":["Warcry","Shrug It Off","Flame Barrier"],"picked":"SKIP","floor":14.0},{"not_picked":["Dark Embrace","Berserk"],"picked":"Impervious","floor":16},{"not_picked":["Flex","Dual Wield"],"picked":"Power Through","floor":18},{"not_picked":["Anger","Flex","Feel No Pain"],"picked":"SKIP","floor":19},{"not_picked":["Clash","Anger"],"picked":"Shrug It Off","floor":22},{"not_picked":["Clash","Bloodletting"],"picked":"Perfected Strike+1","floor":23},{"not_picked":["Flex","Dropkick"],"picked":"True Grit+1","floor":25},{"not_picked":["Rampage+1","Twin Strike","Burning Pact"],"picked":"SKIP","floor":28},{"not_picked":["Sword Boomerang","Second Wind"],"picked":"Pommel Strike+1","floor":30},{"not_picked":["True Grit","Wild Strike"],"picked":"Offering","floor":31}],"player_experience":2386312,"relics_obtained":[{"floor":8.0,"key":"Thread and Needle"},{"floor":9.0,"key":"Dodecahedron"},{"floor":11.0,"key":"Centennial Puzzle"},{"floor":13.0,"key":"Mercury Hourglass"},{"floor":23,"key":"Blood Vial"},{"floor":25,"key":"Ornamental Fan"},{"floor":26,"key":"Tiny Chest"}],"event_choices":[{"damage_healed":0.0,"max_hp_gain":0.0,"max_hp_loss":0.0,"gold_gain":0.0,"event_name":"Living Wall","player_choice":"Grow","floor":4.0,"gold_loss":0.0,"damage_taken":0.0,"cards_upgraded":["Armaments"]},{"damage_healed":0,"gold_gain":0,"player_choice":"Ignored","damage_taken":0,"max_hp_gain":0,"max_hp_loss":0,"event_name":"The Mausoleum","floor":20,"gold_loss":0},{"cards_removed":["Strike_R"],"damage_healed":0,"gold_gain":0,"player_choice":"Offered Basic","damage_taken":0,"max_hp_gain":0,"max_hp_loss":0,"event_name":"Bonfire Elementals","floor":21,"gold_loss":0},{"damage_healed":0,"gold_gain":0,"player_choice":"Copied","damage_taken":0,"max_hp_gain":0,"max_hp_loss":0,"event_name":"Duplicator","floor":29,"gold_loss":0,"cards_obtained":["True Grit"]}],"is_beta":false,"boss_relics":[{"not_picked":["Sozu","Orrery"],"picked":"Cursed Key"}],"items_purged_floors":[],"is_endless":false,"potions_floor_spawned":[2,8,10,14,16,22,25,31],"killed_by":"Collector","ascension_level":16}