{"gold_per_floor":[110,110,127,51,63,74,85,113,138,103,103,131,131,149,149,149],"floor_reached":16,"playtime":910,"items_purged":[],"score":224,"play_id":"eb21e6d6-77f9-452d-b06a-d84db7e5be41","local_time":"20191029111705","is_ascension_mode":true,"campfire_choices":[{"floor":11,"key":"REST"},{"data":"Crippling Poison","floor":13,"key":"SMITH"},{"floor":15,"key":"REST"}],"neow_cost":"NONE","seed_source_timestamp":2212091515245364,"circlet_count":0,"master_deck":["AscendersBane","Defend_G","Defend_G","Defend_G","Defend_G","Defend_G","Strike_G","Strike_G","Strike_G","Strike_G","Strike_G","Survivor","Neutralize","Sucker Punch","Poisoned Stab","Masterful Stab","Bane","PiercingWail","Flying Knee","Crippling Poison+1","Heel Hook","Die Die Die"],"special_seed":0,"relics":["Ring of the Snake","NeowsBlessing","Question Card","Anchor","Orichalcum"],"potions_floor_usage":[7,8,12],"damage_taken":[{"damage":0,"enemies":"2 Louse","floor":1,"turns":1},{"damage":0,"enemies":"Cultist","floor":3,"turns":1},{"damage":0,"enemies":"Small Slimes","floor":5,"turns":1},{"damage":5,"enemies":"Red Slaver","floor":6,"turns":5},{"damage":14,"enemies":"Lots of Slimes","floor":7,"turns":6},{"damage":17,"enemies":"3 Sentries","floor":8,"turns":9},{"damage":18,"enemies":"Gremlin Nob","floor":12,"turns":4},{"damage":3,"enemies":"Large Slime","floor":14,"turns":5},{"damage":62,"enemies":"Slime Boss","floor":16,"turns":11}],"seed_played":"-3382311037675149451","potions_obtained":[{"floor":2,"key":"Poison Potion"},{"floor":2,"key":"SkillPotion"},{"floor":8,"key":"Ancient Potion"}],"is_trial":false,"path_per_floor":["M","?","M","$","M","M","M","E","T","?","R","E","R","M","R","B"],"character_chosen":"THE_SILENT","items_purchased":["Masterful Stab"],"campfire_rested":2,"item_purchase_floors":[4],"current_hp_per_floor":[59,59,59,59,59,54,40,23,23,39,58,40,40,37,56,0],"gold":149,"neow_bonus":"THREE_ENEMY_KILL","is_prod":false,"is_daily":false,"chose_seed":false,"campfire_upgraded":1,"win_rate":0,"timestamp":1572362225,"path_taken":["M","?","?","$","M","M","M","E","T","?","R","E","R","M","R","BOSS"],"build_version":"2019-01-23","purchased_purges":0,"victory":false,"max_hp_per_floor":[66,66,66,66,66,66,66,66,66,66,66,66,66,66,66,66],"card_choices":[{"not_picked":["Calculated Gamble","Quick Slash"],"picked":"Sucker Punch","floor":1},{"not_picked":["Underhanded Strike","Quick Slash"],"picked":"Poisoned Stab","floor":3},{"not_picked":["Escape Plan","Deadly Poison"],"picked":"Bane","floor":5},{"not_picked":["Slice","Expertise"],"picked":"PiercingWail","floor":6},{"not_picked":["All Out Attack","Calculated Gamble"],"picked":"Flying Knee","floor":7},{"not_picked":["Bane","Underhanded Strike"],"picked":"Crippling Poison","floor":8},{"not_picked":["Outmaneuver","Blur","Eviscerate"],"picked":"Heel Hook","floor":12},{"not_picked":["Quick Slash","Infinite Blades","Dagger Throw"],"picked":"Die Die Die","floor":14}],"player_experience":3091619,"relics_obtained":[{"floor":8,"key":"Question Card"},{"floor":9,"key":"Anchor"},{"floor":12,"key":"Orichalcum"}],"event_choices":[{"damage_healed":0,"gold_gain":0,"player_choice":"Got Potions","damage_taken":0,"max_hp_gain":0,"max_hp_loss":0,"event_name":"Lab","floor":2,"gold_loss":0},{"damage_healed":16,"gold_gain":0,"player_choice":"Healed","damage_taken":0,"max_hp_gain":0,"max_hp_loss":0,"event_name":"The Cleric","floor":10,"gold_loss":35}],"is_beta":false,"boss_relics":[],"items_purged_floors":[],"is_endless":false,"potions_floor_spawned":[3,5,6,8],"killed_by":"Slime Boss","ascension_level":20}