{"gold_per_floor":[117,97,112,130,147,147,162,14,86,86,105,105,123,133,133,232,232,248,233,243,243,262,262,282,282,282,109,122,141,141,156,156,253,253,268,268,281,281,291,291,60,60,140,65,79,79,93,110,110,110],"floor_reached":50,"playtime":3824,"items_purged":["Strike_R"],"score":469,"play_id":"14e5f312-6754-4613-9495-dd177b016ed3","local_time":"20181106223156","is_ascension_mode":false,"campfire_choices":[{"data":"Armaments","floor":6,"key":"SMITH"},{"data":"Searing Blow","floor":10,"key":"SMITH"},{"data":"Armaments","floor":12,"key":"SMITH"},{"data":"Searing Blow+1","floor":15,"key":"SMITH"},{"floor":23,"key":"REST"},{"floor":25,"key":"REST"},{"floor":30,"key":"REST"},{"floor":32,"key":"REST"},{"data":"Searing Blow+3","floor":40,"key":"SMITH"},{"data":"Searing Blow+4","floor":42,"key":"SMITH"},{"floor":46,"key":"REST"},{"floor":49,"key":"REST"}],"neow_cost":"NONE","seed_source_timestamp":391910506134480,"circlet_count":0,"master_deck":["Strike_R","Strike_R","Strike_R","Strike_R","Defend_R","Defend_R","Defend_R","Defend_R","Bash","Whirlwind","Shockwave","Armaments+1","Dropkick","Flame Barrier","Searing Blow+5","Armaments+1","Seeing Red","Double Tap","Dropkick","Metallicize+1","Anger+1","Clothesline","Headbutt","Flex","Metallicize","Battle Trance+1","Demon Form","Reaper","Heavy Blade","Flex+1","Power Through+1","Magnetism","Uppercut","Spot Weakness","Rage","Body Slam+1"],"relics":["Mark of Pain","Meat on the Bone"],"potions_floor_usage":[16,16,16,19,33,33,47,50,50,50],"damage_taken":[{"damage":1,"enemies":"Jaw Worm","floor":1,"turns":3},{"damage":1,"enemies":"Cultist","floor":3,"turns":3},{"damage":0,"enemies":"2 Louse","floor":4,"turns":2},{"damage":6,"enemies":"2 Fungi Beasts","floor":5,"turns":3},{"damage":0,"enemies":"Exordium Wildlife","floor":7,"turns":3},{"damage":7,"enemies":"Exordium Thugs","floor":11,"turns":3},{"damage":0,"enemies":"Blue Slaver","floor":13,"turns":2},{"damage":0,"enemies":"Lots of Slimes","floor":14,"turns":4},{"damage":24,"enemies":"Hexaghost","floor":16,"turns":6},{"damage":12,"enemies":"Chosen","floor":18,"turns":5},{"damage":15,"enemies":"2 Thieves","floor":19,"turns":4},{"damage":10,"enemies":"3 Cultists","floor":20,"turns":6},{"damage":24,"enemies":"Sentry and Sphere","floor":22,"turns":9},{"damage":20,"enemies":"Snake Plant","floor":24,"turns":5},{"damage":14,"enemies":"Centurion and Healer","floor":28,"turns":6},{"damage":17,"enemies":"Sentry and Sphere","floor":29,"turns":5},{"damage":15,"enemies":"3 Cultists","floor":31,"turns":5},{"damage":22,"enemies":"Collector","floor":33,"turns":9},{"damage":46,"enemies":"Orb Walker","floor":35,"turns":5},{"damage":28,"enemies":"3 Darklings","floor":37,"turns":9},{"damage":11,"enemies":"Jaw Worm Horde","floor":39,"turns":3},{"damage":49,"enemies":"Writhing Mass","floor":45,"turns":5},{"damage":22,"enemies":"Sphere and 2 Shapes","floor":47,"turns":6},{"damage":22,"enemies":"4 Shapes","floor":48,"turns":5},{"damage":67,"enemies":"Time Eater","floor":50,"turns":7}],"seed_played":"-8895680957881531365","potions_obtained":[{"floor":2,"key":"AttackPotion"},{"floor":3,"key":"Strength Potion"},{"floor":11,"key":"SteroidPotion"},{"floor":18,"key":"LiquidBronze"},{"floor":28,"key":"Fire Potion"},{"floor":31,"key":"Dexterity Potion"},{"floor":33,"key":"SpeedPotion"},{"floor":45,"key":"EssenceOfSteel"},{"floor":47,"key":"Ancient Potion"},{"floor":48,"key":"Poison Potion"}],"is_trial":false,"path_per_floor":["M","?","M","M","M","R","M","$","T","R","M","R","M","M","R","B",null,"M","M","M","?","M","R","M","R","T","$","M","M","R","M","R","B",null,"M","?","M","?","M","R","$","R","T","$","M","R","M","M","R","B"],"character_chosen":"IRONCLAD","items_purchased":["Flame Barrier","Searing Blow","Flex","Metallicize","Magnetism","Uppercut","Spot Weakness"],"campfire_rested":6,"item_purchase_floors":[8,8,27,27,41,41,44],"current_hp_per_floor":[79,79,78,78,72,72,72,72,72,72,65,65,65,65,65,41,80,68,53,43,43,19,43,23,47,47,47,33,16,40,25,49,27,80,34,70,60,60,49,49,49,49,49,49,19,40,30,20,41,0],"gold":110,"neow_bonus":"BOSS_RELIC","is_prod":false,"is_daily":false,"chose_seed":false,"campfire_upgraded":6,"win_rate":0,"timestamp":1541561516,"path_taken":["M","?","M","M","?","R","M","$","T","R","M","R","M","M","R","BOSS","M","M","M","?","?","R","M","R","T","?","M","M","R","M","R","BOSS","M","?","M","?","M","R","$","R","T","?","M","R","M","?","R","BOSS"],"build_version":"2018-11-01","purchased_purges":1,"victory":false,"max_hp_per_floor":[80,80,80,80,80,80,80,80,80,80,80,80,80,80,80,80,80,80,80,80,80,80,80,80,80,80,80,80,80,80,80,80,80,80,80,70,70,70,70,70,70,70,70,70,70,70,70,70,70,70],"card_choices":[{"not_picked":["Warcry","Sentinel"],"picked":"Iron Wave","floor":1},{"not_picked":["Heavy Blade","Carnage"],"picked":"Whirlwind","floor":3},{"not_picked":["Body Slam","Reckless Charge"],"picked":"Shockwave","floor":4},{"not_picked":["Body Slam","Anger"],"picked":"Armaments","floor":5},{"not_picked":["Anger","Whirlwind"],"picked":"Dropkick","floor":7},{"not_picked":["Clothesline","Burning Pact"],"picked":"Armaments","floor":11},{"not_picked":["Armaments","Rampage"],"picked":"Seeing Red","floor":13},{"not_picked":["Infernal Blade","Pommel Strike","Perfected Strike"],"picked":"SKIP","floor":14},{"not_picked":["Fiend Fire","Reaper"],"picked":"Double Tap","floor":16},{"not_picked":["Cleave","Twin Strike+1"],"picked":"Dropkick","floor":18},{"not_picked":["True Grit","Rupture"],"picked":"Metallicize+1","floor":19},{"not_picked":["Havoc","Reckless Charge+1"],"picked":"Anger+1","floor":20},{"not_picked":["True Grit","Sword Boomerang"],"picked":"Clothesline","floor":22},{"not_picked":["Clothesline","Searing Blow"],"picked":"Headbutt","floor":24},{"not_picked":["Sever Soul","Havoc","Iron Wave"],"picked":"SKIP","floor":28},{"not_picked":["Whirlwind","Clothesline+1"],"picked":"Battle Trance+1","floor":29},{"not_picked":["Thunderclap+1","Clothesline+1"],"picked":"Demon Form","floor":31},{"not_picked":["Barricade","Immolate"],"picked":"Reaper","floor":33},{"not_picked":["Headbutt","Perfected Strike+1"],"picked":"Heavy Blade","floor":35},{"not_picked":["Shrug It Off+1","Uppercut"],"picked":"Flex+1","floor":37},{"not_picked":["Headbutt+1","True Grit"],"picked":"Power Through+1","floor":39},{"not_picked":["Clash","True Grit"],"picked":"Rage","floor":45},{"not_picked":["True Grit","Twin Strike","Cleave"],"picked":"SKIP","floor":47},{"not_picked":["True Grit","Thunderclap"],"picked":"Body Slam+1","floor":48}],"player_experience":1940591,"relics_obtained":[{"floor":43,"key":"Meat on the Bone"}],"event_choices":[{"damage_healed":0,"gold_gain":0,"player_choice":"Bought 1 Potion","damage_taken":0,"max_hp_gain":0,"max_hp_loss":0,"event_name":"The Woman in Blue","floor":2,"gold_loss":0},{"damage_healed":0,"gold_gain":0,"player_choice":"Forge","damage_taken":0,"max_hp_gain":0,"max_hp_loss":0,"event_name":"Accursed Blacksmith","floor":21,"gold_loss":0,"cards_upgraded":["Searing Blow"]},{"damage_healed":70,"gold_gain":0,"player_choice":"Heal","damage_taken":0,"max_hp_gain":0,"max_hp_loss":10,"event_name":"The Moai Head","floor":36,"gold_loss":0},{"cards_removed":["Iron Wave"],"damage_healed":0,"gold_gain":0,"player_choice":"Removed Attack","damage_taken":0,"max_hp_gain":0,"max_hp_loss":0,"event_name":"Falling","floor":38,"gold_loss":0}],"is_beta":false,"boss_relics":[{"not_picked":["Lizard Tail","Busted Crown","Runic Pyramid"]},{"not_picked":["Cursed Key","Snecko Eye","Pandora\u0027s Box"]}],"items_purged_floors":[27],"is_endless":false,"potions_floor_spawned":[3,11,13,18,28,31,33,45,47,48],"killed_by":"Time Eater","ascension_level":0}