{"gold_per_floor":[117,133,133,153,25,25,59,70,70,85,102,112,112,130,130,229,229,246,265,48,59,59,59,59],"floor_reached":24,"playtime":2316,"items_purged":["Defend_B"],"score":263,"play_id":"95bc3a93-98d7-4065-b0e6-e82a9b14b3b3","local_time":"20180826004937","is_ascension_mode":true,"campfire_choices":[{"data":"Hologram","floor":6,"key":"SMITH"},{"floor":13,"key":"REST"},{"floor":15,"key":"REST"},{"floor":23,"key":"REST"}],"neow_cost":"NONE","seed_source_timestamp":238110147384470,"circlet_count":0,"master_deck":["Strike_B","Strike_B","Strike_B","Defend_B","Defend_B","Defend_B","Zap","Dualcast","Creative AI","Reinforced Body","FTL","Gash","Hologram+1","Loop","Turbo","Hologram","White Noise","Turbo","Core Surge","Meteor Strike","Beam Cell","Leap","Mayhem","Undo","Self Repair+1"],"relics":["Cracked Core","Bag of Marbles","Mummified Hand","Bronze Scales","Fusion Hammer"],"potions_floor_usage":[10,16,21,24,24],"damage_taken":[{"damage":6,"enemies":"Cultist","floor":1,"turns":3},{"damage":8,"enemies":"Small Slimes","floor":2,"turns":3},{"damage":0,"enemies":"Jaw Worm","floor":4,"turns":4},{"damage":16,"enemies":"3 Sentries","floor":7,"turns":8},{"damage":5,"enemies":"3 Louse","floor":8,"turns":3},{"damage":13,"enemies":"Exordium Thugs","floor":10,"turns":4},{"damage":6,"enemies":"Red Slaver","floor":11,"turns":4},{"damage":0,"enemies":"Exordium Wildlife","floor":12,"turns":2},{"damage":0,"enemies":"Exordium Thugs","floor":14,"turns":4},{"damage":28,"enemies":"The Guardian","floor":16,"turns":9},{"damage":12,"enemies":"Chosen","floor":18,"turns":3},{"damage":27,"enemies":"Spheric Guardian","floor":19,"turns":4},{"damage":0,"enemies":"Centurion and Healer","floor":21,"turns":5},{"damage":55,"enemies":"Slavers","floor":24,"turns":5}],"seed_played":"-1919249267943915379","potions_obtained":[{"floor":4,"key":"Energy Potion"},{"floor":8,"key":"Explosive Potion"},{"floor":11,"key":"SpeedPotion"},{"floor":12,"key":"Regen Potion"},{"floor":19,"key":"SkillPotion"}],"is_trial":false,"path_per_floor":["M","M","?","M","$","R","E","M","T","M","M","M","R","M","R","B",null,"M","M","$","M","?","R"],"character_chosen":"DEFECT","items_purchased":["Hologram","Mayhem","Undo"],"campfire_rested":3,"item_purchase_floors":[5,20,20],"current_hp_per_floor":[62,54,51,51,51,51,35,30,30,17,11,11,33,40,62,43,67,55,28,28,28,28,50,0],"gold":59,"neow_bonus":"ONE_RANDOM_RARE_CARD","is_prod":false,"is_daily":false,"chose_seed":false,"campfire_upgraded":1,"win_rate":0,"timestamp":1535237377,"path_taken":["M","?","?","M","?","R","E","M","T","?","M","M","R","M","R","BOSS","M","M","$","M","?","R","E"],"build_version":"2018-08-16","purchased_purges":1,"victory":false,"max_hp_per_floor":[75,75,75,75,75,75,75,75,75,75,75,75,75,75,75,75,75,75,75,75,75,75,75,75],"card_choices":[{"not_picked":["Leap","Static Discharge"],"picked":"Reinforced Body","floor":1},{"not_picked":["Redo","Doom and Gloom"],"picked":"FTL","floor":2},{"not_picked":["Leap","Ball Lightning"],"picked":"Gash","floor":4},{"not_picked":["Rip and Tear","Steam Power"],"picked":"Loop","floor":7},{"not_picked":["FTL","Consume"],"picked":"Turbo","floor":8},{"not_picked":["Beam Cell","Doom and Gloom"],"picked":"Hologram","floor":10},{"not_picked":["Go for the Eyes","Compile Driver"],"picked":"White Noise","floor":11},{"not_picked":["Rebound","Scrape"],"picked":"Turbo","floor":12},{"not_picked":["Compile Driver","Redo"],"picked":"Core Surge","floor":14},{"not_picked":["Electrodynamics","Thunder Strike"],"picked":"Meteor Strike","floor":16},{"not_picked":["Hello World+1","Steam"],"picked":"Beam Cell","floor":18},{"not_picked":["Steam","Glacier"],"picked":"Leap","floor":19},{"not_picked":["Barrage","Beam Cell"],"picked":"Self Repair+1","floor":21}],"player_experience":1585516,"relics_obtained":[{"floor":7,"key":"Mummified Hand"},{"floor":9,"key":"Bronze Scales"}],"event_choices":[{"event_name":"Scrap Ooze","player_choice":"success","floor":3,"damage_taken":3},{"event_name":"Purifier","player_choice":"One Purge","floor":22,"damage_taken":0}],"is_beta":false,"boss_relics":[{"not_picked":["Black Star","Runic Pyramid"],"picked":"Fusion Hammer"}],"items_purged_floors":[5],"is_endless":false,"potions_floor_spawned":[4,8,11,12,19],"killed_by":"Slavers","ascension_level":6}