{"gold_per_floor":[20,20,20,20,33,33,46,46,46,23,23,35,51,65,65,65],"floor_reached":16,"playtime":1698,"items_purged":[],"score":110,"play_id":"7cbd93e6-7995-4961-a2e7-941b044fa3c4","local_time":"20180807225014","is_ascension_mode":true,"campfire_choices":[{"data":"Fusion","floor":6,"key":"SMITH"},{"data":"Self Repair","floor":8,"key":"SMITH"},{"data":"Zap","floor":11,"key":"SMITH"},{"data":"Dualcast","floor":15,"key":"SMITH"}],"neow_cost":"NO_GOLD","seed_source_timestamp":193590924104077,"circlet_count":0,"master_deck":["Strike_B","Strike_B","Strike_B","Defend_B","Defend_B","Defend_B","Zap+1","Dualcast+1","Leap","Fusion+1","Steam","Self Repair+1","Sweeping Beam","Defragment","Gash","Biased Cognition"],"relics":["Cracked Core","Unceasing Top","Bag of Preparation","Bottled Tornado"],"potions_floor_usage":[16],"damage_taken":[{"damage":1,"enemies":"Cultist","floor":1,"turns":3},{"damage":2,"enemies":"Small Slimes","floor":5,"turns":3},{"damage":7,"enemies":"2 Louse","floor":7,"turns":2},{"damage":13,"enemies":"Exordium Wildlife","floor":12,"turns":4},{"damage":8,"enemies":"Large Slime","floor":13,"turns":6},{"damage":2,"enemies":"Blue Slaver","floor":14,"turns":3},{"damage":67,"enemies":"Hexaghost","floor":16,"turns":11}],"seed_played":"3871919581517183011","potions_obtained":[{"floor":1,"key":"Swift Potion"}],"is_trial":false,"path_per_floor":["M","?","?","?","M","R","M","R","T","$","R","M","M","M","R"],"character_chosen":"DEFECT","items_purchased":["Sweeping Beam"],"campfire_rested":0,"item_purchase_floors":[10],"current_hp_per_floor":[74,74,74,67,65,65,58,58,58,58,58,55,57,65,65,0],"gold":65,"neow_bonus":"ONE_RARE_RELIC","is_prod":false,"is_daily":false,"chose_seed":false,"campfire_upgraded":4,"win_rate":0,"timestamp":1533696614,"path_taken":["M","?","?","?","M","R","M","R","T","$","R","M","?","M","R","BOSS"],"build_version":"2018-08-02","purchased_purges":0,"victory":false,"max_hp_per_floor":[75,75,75,75,75,75,75,75,75,75,75,75,75,75,75,75],"card_choices":[{"not_picked":["Storm","Aggregate"],"picked":"Leap","floor":1},{"not_picked":["Fusion","Redo"],"picked":"Steam","floor":5},{"not_picked":["Sweeping Beam","Streamline"],"picked":"Self Repair","floor":7},{"not_picked":["Gash","Heatsinks"],"picked":"Defragment","floor":12},{"not_picked":["Ball Lightning","Hologram"],"picked":"Gash","floor":13},{"not_picked":["Capacitor","Darkness"],"picked":"Biased Cognition","floor":14}],"player_experience":1483682,"relics_obtained":[{"floor":9,"key":"Bottled Tornado"}],"event_choices":[{"event_name":"Purifier","player_choice":"One Purge","floor":2,"damage_taken":0},{"event_name":"Living Wall","player_choice":"Change","floor":3,"damage_taken":0},{"event_name":"Scrap Ooze","player_choice":"success","floor":4,"damage_taken":7}],"is_beta":false,"boss_relics":[],"items_purged_floors":[],"is_endless":false,"potions_floor_spawned":[1],"killed_by":"Hexaghost","ascension_level":4}