{"path_per_floor":["M","M","?","?","?","R","$","R","T","M","E","M","E","M","R","B",null,"M","M","$","?","M","M","E","M","T","$","R","?","?","M","R"],"character_chosen":"IRONCLAD","items_purchased":["Evolve","Armaments","Evolve","Carnage","Exhume"],"gold_per_floor":[13,33,208,208,188,188,7,7,55,65,95,111,140,153,153,251,251,267,287,83,83,96,113,147,164,164,0,0,0,0,17,17],"floor_reached":33,"campfire_rested":1,"playtime":4240,"current_hp_per_floor":[80,80,80,73,73,73,73,73,73,78,53,53,55,54,54,31,80,80,80,80,65,67,64,36,42,42,42,42,42,42,44,59],"items_purged":["Defend_R","Defend_R"],"gold":17,"score":303,"play_id":"750a2b14-d601-49e4-beb1-08bb91b7183a","is_prod":false,"is_daily":false,"is_ascension_mode":false,"campfire_upgraded":4,"path_taken":["M","?","?","?","?","R","$","R","T","M","E","?","E","M","R","BOSS","M","M","$","?","M","M","E","M","T","$","R","?","?","M","R","BOSS"],"build_version":"2018-02-22-PROD2","purchased_purges":2,"victory":false,"master_deck":["Defend_R","Defend_R","Bash","Fiend Fire+1","Wild Strike","Sever Soul","Evolve+1","Armaments","Offering+1","Clash","Pommel Strike","Armaments","Flex","Barricade","Shrug It Off+1","Wild Strike","Evolve","Carnage","Headbutt","Thunderclap","Reaper","Spot Weakness+1","Exhume","Bite","Bite","Bite","Bite","Bite","Decay","Pommel Strike+1"],"max_hp_per_floor":[80,80,80,80,80,80,80,80,80,80,80,80,80,80,80,80,80,80,80,80,85,85,85,85,85,85,85,85,59,59,59,59],"relics":["Burning Blood","Vajra","Bottled Lightning","Bottled Flame","Snecko Eye","Torii","Gremlin Horn"],"card_choices":[{"not_picked":["Impervious","Dark Embrace"],"picked":"Fiend Fire"},{"not_picked":["Armaments","Disarm"],"picked":"Wild Strike"},{"not_picked":["Sword Boomerang","Shockwave"],"picked":"Sever Soul"},{"not_picked":["Flex","Body Slam"],"picked":"Offering"},{"not_picked":["Blood for Blood","Hemokinesis"],"picked":"Clash"},{"not_picked":["Combust","Dropkick"],"picked":"Pommel Strike"},{"not_picked":["Juggernaut","Iron Wave"],"picked":"Armaments"},{"not_picked":["Fire Breathing","Heavy Blade"],"picked":"Flex"},{"not_picked":["Feed","Reaper"],"picked":"Barricade"},{"not_picked":["Whirlwind","Twin Strike"],"picked":"Shrug It Off"},{"not_picked":["Pommel Strike","Havoc"],"picked":"Wild Strike"},{"not_picked":["Seeing Red","Perfected Strike"],"picked":"Headbutt"},{"not_picked":["Heavy Blade","Havoc"],"picked":"Thunderclap"},{"not_picked":["True Grit","Anger"],"picked":"Reaper"},{"not_picked":["Metallicize","Heavy Blade"],"picked":"Spot Weakness"},{"not_picked":["Rampage","Headbutt"],"picked":"Pommel Strike"}],"player_experience":147903,"potions_floor_usage":[11,33,33,33],"damage_taken":[{"damage":6,"enemies":"Cultist","floor":1,"turns":3},{"damage":5,"enemies":"2 Louse","floor":2,"turns":2},{"damage":1,"enemies":"Jaw Worm","floor":10,"turns":2},{"damage":31,"enemies":"Lagavulin","floor":11,"turns":4},{"damage":6,"enemies":"Blue Slaver","floor":12,"turns":2},{"damage":4,"enemies":"Gremlin Nob","floor":13,"turns":2},{"damage":7,"enemies":"2 Fungi Beasts","floor":14,"turns":3},{"damage":29,"enemies":"The Guardian","floor":16,"turns":5},{"damage":0,"enemies":"Spheric Guardian","floor":18,"turns":1},{"damage":4,"enemies":"Chosen","floor":19,"turns":1},{"damage":4,"enemies":"Snecko","floor":22,"turns":2},{"damage":9,"enemies":"Centurion and Healer","floor":23,"turns":4},{"damage":34,"enemies":"Book of Stabbing","floor":24,"turns":5},{"damage":10,"enemies":"Cultist and Chosen","floor":25,"turns":3},{"damage":12,"enemies":"3 Cultists","floor":31,"turns":3},{"damage":90,"enemies":"Champ","floor":33,"turns":9}],"event_choices":[{"event_name":"Liars Game","player_choice":"agreed","floor":3,"damage_taken":0},{"event_name":"Golden Wing","player_choice":"Card Removal","floor":4,"damage_taken":0},{"event_name":"The Woman in Blue","player_choice":"Bought 1 Potion","floor":5,"damage_taken":0},{"event_name":"Forgotten Altar","player_choice":"Shed Blood","floor":21,"damage_taken":0},{"event_name":"Vampires","player_choice":"Became a vampire","floor":29,"damage_taken":0},{"event_name":"Wheel of Change","player_choice":"Curse","floor":30,"damage_taken":0}],"boss_relics":[{"not_picked":["Tiny House","Lizard Tail"],"picked":"Snecko Eye"}],"potions_floor_spawned":[2,12,13,14,18,24,25],"seed_played":"3978371340948685999","killed_by":"Champ","ascension_level":0,"is_trial":false}