{"gold_per_floor":[109,124,134,134,134,167,181,181,204,27,27,44,54,64,64,164,164,179,153,153,153,153],"floor_reached":22,"playtime":1242,"items_purged":[],"score":188,"play_id":"b1f4aa7a-d2e1-4c79-96c7-5fbe2a05a2a7","local_time":"20190914103046","is_ascension_mode":false,"campfire_choices":[{"floor":8,"key":"REST"},{"floor":11,"key":"RECALL"},{"floor":15,"key":"REST"}],"neow_cost":"NONE","seed_source_timestamp":235013259162125,"circlet_count":0,"master_deck":["Strike_P","Strike_P","Strike_P","Strike_P","Defend_P","Defend_P","Defend_P","Defend_P","Eruption+1","Vigilance","EmptyFist","FollowUp","Protect","Pain","EmptyFist","ClearTheMind","DeceiveReality","WindmillStrike","Devotion","FollowUp","MasterReality","Consecrate","Consecrate","Decay"],"relics":["PureWater","NeowsBlessing","WarpedTongs","Centennial Puzzle","Melange","Lantern","VioletLotus"],"potions_floor_usage":[13,16,16,16,22],"damage_taken":[{"damage":0,"enemies":"Jaw Worm","floor":1,"turns":1},{"damage":0,"enemies":"2 Louse","floor":2,"turns":1},{"damage":0,"enemies":"Cultist","floor":3,"turns":1},{"damage":18,"enemies":"Gremlin Nob","floor":6,"turns":4},{"damage":11,"enemies":"Red Slaver","floor":7,"turns":6},{"damage":3,"enemies":"2 Fungi Beasts","floor":12,"turns":2},{"damage":6,"enemies":"Exordium Thugs","floor":13,"turns":3},{"damage":14,"enemies":"Lots of Slimes","floor":14,"turns":5},{"damage":6,"enemies":"Hexaghost","floor":16,"turns":7},{"damage":41,"enemies":"3 Byrds","floor":18,"turns":9},{"damage":23,"enemies":"2 Thieves","floor":19,"turns":5},{"damage":26,"enemies":"Cultist and Chosen","floor":22,"turns":5}],"seed_played":"1118376337711164070","potions_obtained":[{"floor":2,"key":"Weak Potion"},{"floor":3,"key":"SpeedPotion"},{"floor":6,"key":"Explosive Potion"},{"floor":7,"key":"Strength Potion"},{"floor":14,"key":"PowerPotion"},{"floor":19,"key":"LiquidBronze"}],"is_trial":false,"path_per_floor":["M","M","M","?","?","E","M","R","T","$","R","M","M","M","R","B",null,"M","M","?","?","M"],"character_chosen":"WATCHER","items_purchased":["Lantern","DeceiveReality"],"campfire_rested":2,"item_purchase_floors":[10,10],"current_hp_per_floor":[65,65,65,65,65,47,36,55,55,55,55,52,46,32,51,45,65,24,1,22,22,0],"gold":153,"neow_bonus":"THREE_ENEMY_KILL","is_prod":false,"is_daily":false,"chose_seed":false,"campfire_upgraded":0,"win_rate":0.0,"timestamp":1568467846,"path_taken":["M","M","M","?","?","E","M","R","T","$","R","M","M","?","R","BOSS","M","M","?","?","?"],"build_version":"2019-09-12","purchased_purges":0,"victory":false,"max_hp_per_floor":[65,65,65,65,65,65,65,65,65,65,65,65,65,65,65,65,65,65,65,65,65,65],"card_choices":[{"not_picked":["Weave","ThirdEye"],"picked":"EmptyFist","floor":1},{"not_picked":["Scrawl","Halt"],"picked":"FollowUp","floor":2},{"not_picked":["Crescendo","Omniscience"],"picked":"Protect","floor":3},{"not_picked":["EmptyMind","FlurryOfBlows"],"picked":"EmptyFist","floor":6},{"not_picked":["FearNoEvil","CrushJoints"],"picked":"ClearTheMind","floor":7},{"not_picked":["BowlingBash","Worship"],"picked":"WindmillStrike","floor":12},{"not_picked":["FlyingSleeves","TalkToTheHand"],"picked":"Devotion","floor":13},{"not_picked":["Evaluate","Prostrate"],"picked":"FollowUp","floor":14},{"not_picked":["Omniscience","SignatureMove"],"picked":"MasterReality","floor":16},{"not_picked":["TalkToTheHand","CrushJoints"],"picked":"Consecrate","floor":18},{"not_picked":["CarveReality","Weave"],"picked":"Consecrate","floor":19}],"player_experience":418314,"relics_obtained":[{"floor":6,"key":"Centennial Puzzle"},{"floor":9,"key":"Melange"}],"event_choices":[{"damage_healed":0,"gold_gain":0,"player_choice":"Grow","damage_taken":0,"max_hp_gain":0,"max_hp_loss":0,"event_name":"Living Wall","floor":4,"gold_loss":0,"cards_upgraded":["Eruption"]},{"damage_healed":0,"gold_gain":0,"player_choice":"Rummage","damage_taken":0,"relics_obtained":["WarpedTongs"],"max_hp_gain":0,"max_hp_loss":0,"event_name":"Accursed Blacksmith","floor":5,"gold_loss":0,"cards_obtained":["Pain"]},{"damage_healed":21,"gold_gain":0,"player_choice":"Heal","damage_taken":0,"max_hp_gain":0,"max_hp_loss":0,"event_name":"The Library","floor":20,"gold_loss":0},{"damage_healed":0,"gold_gain":0,"player_choice":"Cursed","damage_taken":0,"max_hp_gain":0,"max_hp_loss":0,"event_name":"Wheel of Change","floor":21,"gold_loss":0,"cards_obtained":["Decay"]}],"is_beta":true,"boss_relics":[{"not_picked":["Philosopher\u0027s Stone","Black Star"],"picked":"VioletLotus"}],"items_purged_floors":[],"is_endless":false,"potions_floor_spawned":[2,3,6,7,14,19],"killed_by":"Cultist and Chosen","ascension_level":0}