{"gold_per_floor":[114,114,21,21,36,36,99,113,140,140,157,185,15,15,15,115,115,125,40,52,66,85,85,85,85,134,150,170,204,204,219,219,219],"floor_reached":33,"playtime":4186,"items_purged":[],"score":292,"play_id":"bf8c6e3d-bca0-41e9-81d1-efe1e8385009","local_time":"20190717125517","is_ascension_mode":false,"campfire_choices":[{"data":"Terror","floor":6,"key":"SMITH"},{"data":"Dagger Spray","floor":10,"key":"SMITH"},{"floor":15,"key":"REST"},{"floor":23,"key":"REST"},{"floor":25,"key":"REST"},{"floor":30,"key":"REST"},{"floor":32,"key":"REST"}],"neow_cost":"NONE","seed_source_timestamp":178762134336080,"circlet_count":0,"master_deck":["Strike_G+1","Strike_G","Strike_G","Strike_G+1","Strike_G","Defend_G","Defend_G","Defend_G","Defend_G","Defend_G","Survivor","Neutralize","Terror","Terror+1","Backflip","Purity","Poisoned Stab","Dagger Spray+1","Glass Knife+1","Backflip","Backflip","Deadly Poison","Well Laid Plans","Poisoned Stab","Die Die Die","Clumsy","Normality","Pain","Cloak And Dagger","Masterful Stab","Poisoned Stab","Bouncing Flask+1","Terror+1","Cloak And Dagger+1","Slice+1","Riddle With Holes","Endless Agony+1","Quick Slash"],"relics":["Ring of the Snake","Paper Crane","Oddly Smooth Stone","Pen Nib","Calling Bell","Bag of Preparation","Gremlin Horn","Nunchaku","Nilry\u0027s Codex","Boot","Centennial Puzzle"],"potions_floor_usage":[7,7,11,22,33,33,33],"damage_taken":[{"damage":0,"enemies":"2 Louse","floor":1,"turns":3},{"damage":0,"enemies":"Jaw Worm","floor":5,"turns":6},{"damage":1,"enemies":"Gremlin Nob","floor":7,"turns":3},{"damage":0,"enemies":"Cultist","floor":8,"turns":4},{"damage":0,"enemies":"Blue Slaver","floor":11,"turns":3},{"damage":24,"enemies":"3 Sentries","floor":12,"turns":7},{"damage":31,"enemies":"The Guardian","floor":16,"turns":10},{"damage":19,"enemies":"Spheric Guardian","floor":18,"turns":4},{"damage":13,"enemies":"Chosen","floor":20,"turns":3},{"damage":3,"enemies":"Snake Plant","floor":21,"turns":3},{"damage":7,"enemies":"Chosen and Byrds","floor":22,"turns":5},{"damage":12,"enemies":"Cultist and Chosen","floor":27,"turns":5},{"damage":13,"enemies":"Shelled Parasite and Fungi","floor":28,"turns":4},{"damage":33,"enemies":"Gremlin Leader","floor":29,"turns":7},{"damage":15,"enemies":"Sentry and Sphere","floor":31,"turns":5},{"damage":41,"enemies":"Champ","floor":33,"turns":6}],"seed_played":"2724535179900124280","potions_obtained":[{"floor":1,"key":"GhostInAJar"},{"floor":5,"key":"AttackPotion"},{"floor":8,"key":"PowerPotion"},{"floor":16,"key":"SteroidPotion"},{"floor":18,"key":"Ancient Potion"},{"floor":22,"key":"SteroidPotion"},{"floor":28,"key":"Strength Potion"},{"floor":31,"key":"SpeedPotion"}],"is_trial":false,"path_per_floor":["M","?","$","?","M","R","?","M","T","R","M","E","$","?","R","B",null,"M","$","M","M","M","R","?","R","T","M","M","E","R","M","R","B"],"character_chosen":"THE_SILENT","items_purchased":["Terror","Backflip","Deadly Poison","Well Laid Plans","Poisoned Stab","Masterful Stab","Poisoned Stab"],"campfire_rested":5,"item_purchase_floors":[3,3,13,13,13,19,19],"current_hp_per_floor":[77,62,62,62,62,62,61,61,61,61,61,37,37,37,60,29,77,58,58,45,42,35,58,42,65,65,53,40,7,30,15,38,0],"gold":219,"neow_bonus":"TEN_PERCENT_HP_BONUS","is_prod":false,"is_daily":false,"chose_seed":false,"campfire_upgraded":2,"win_rate":0.0,"timestamp":1563378917,"path_taken":["M","?","$","?","?","R","?","M","T","R","M","E","?","?","R","BOSS","M","?","M","M","M","R","?","R","T","M","M","E","R","M","R","BOSS"],"build_version":"2019-07-05","purchased_purges":0,"victory":false,"max_hp_per_floor":[77,77,77,77,77,77,77,77,77,77,77,77,77,77,77,77,77,77,77,77,77,77,77,77,77,77,77,77,77,77,77,77,77],"card_choices":[{"not_picked":["Blade Dance","Bouncing Flask"],"picked":"Terror","floor":1},{"not_picked":["Skewer","Quick Slash"],"picked":"Poisoned Stab","floor":5},{"not_picked":["Dagger Throw","Flying Knee"],"picked":"Dagger Spray","floor":7},{"not_picked":["Deflect","Dodge and Roll"],"picked":"Glass Knife","floor":8},{"not_picked":["Slice","Dagger Spray"],"picked":"Backflip","floor":11},{"not_picked":["Dagger Throw","Acrobatics"],"picked":"Backflip","floor":12},{"not_picked":["Doppelganger","Envenom"],"picked":"Die Die Die","floor":16},{"not_picked":["Terror+1","Choke"],"picked":"Cloak And Dagger","floor":18},{"not_picked":["Bane","Escape Plan"],"picked":"Bouncing Flask+1","floor":20},{"not_picked":["Eviscerate","Skewer"],"picked":"Terror+1","floor":21},{"not_picked":["Masterful Stab","Flying Knee"],"picked":"Cloak And Dagger+1","floor":22},{"not_picked":["Dagger Spray","Flying Knee"],"picked":"Slice+1","floor":27},{"not_picked":["Setup+1","Terror"],"picked":"Riddle With Holes","floor":28},{"not_picked":["Riddle With Holes","Finisher"],"picked":"Endless Agony+1","floor":29},{"not_picked":["Outmaneuver","Underhanded Strike"],"picked":"Quick Slash","floor":31}],"player_experience":180764,"relics_obtained":[{"floor":7,"key":"Paper Crane"},{"floor":9,"key":"Oddly Smooth Stone"},{"floor":12,"key":"Pen Nib"},{"floor":17,"key":"Bag of Preparation"},{"floor":17,"key":"Gremlin Horn"},{"floor":17,"key":"Nunchaku"},{"floor":24,"key":"Nilry\u0027s Codex"},{"floor":26,"key":"Boot"},{"floor":29,"key":"Centennial Puzzle"}],"event_choices":[{"damage_healed":0,"gold_gain":0,"player_choice":"Entered Light","damage_taken":15,"max_hp_gain":0,"max_hp_loss":0,"event_name":"Shining Light","floor":2,"gold_loss":0,"cards_upgraded":["Strike_G","Strike_G"]},{"damage_healed":0,"gold_gain":0,"player_choice":"1 cards matched","damage_taken":0,"max_hp_gain":0,"max_hp_loss":0,"event_name":"Match and Keep!","floor":4,"gold_loss":0,"cards_obtained":["Purity"]},{"damage_healed":0,"gold_gain":0,"player_choice":"Searched \u00271\u0027 times","damage_taken":0,"max_hp_gain":0,"max_hp_loss":0,"event_name":"Dead Adventurer","floor":7,"gold_loss":0},{"damage_healed":0,"gold_gain":0,"player_choice":"Upgraded","damage_taken":0,"max_hp_gain":0,"max_hp_loss":0,"event_name":"Upgrade Shrine","floor":14,"gold_loss":0,"cards_upgraded":["Glass Knife"]},{"damage_healed":0,"gold_gain":0,"player_choice":"Obtained Book","damage_taken":16,"max_hp_gain":0,"max_hp_loss":0,"event_name":"Cursed Tome","floor":24,"gold_loss":0}],"is_beta":false,"boss_relics":[{"not_picked":["Runic Pyramid","Runic Dome"],"picked":"Calling Bell"}],"items_purged_floors":[],"is_endless":false,"potions_floor_spawned":[1,5,8,16,18,22,28,31],"killed_by":"Champ","ascension_level":0}