{"gold_per_floor":[116,136,136,7,107,107,133,133,133,133,164,180,197,223,223,325,325,335,385,400,400],"floor_reached":21,"playtime":1893,"items_purged":[],"score":445,"play_id":"a3dbd7d4-9c08-487a-ba0f-63b21be223de","local_time":"20181121200414","is_ascension_mode":true,"campfire_choices":[{"floor":6.0,"key":"REST"},{"data":"Machine Learning","floor":8.0,"key":"SMITH"},{"floor":10.0,"key":"REST"},{"floor":15.0,"key":"REST"}],"neow_cost":"NONE","seed_source_timestamp":0,"circlet_count":0,"master_deck":["AscendersBane","Strike_B","Strike_B","Strike_B","Strike_B","Defend_B","Defend_B","Defend_B","Zap","Dualcast","Conserve Battery","Redo","Streamline","Defragment","Machine Learning+1","Echo Form","Sweeping Beam","Conserve Battery","Undo","Creative AI","Go for the Eyes+1","Static Discharge+1"],"special_seed":0,"relics":["Nuclear Battery","Letter Opener","Matryoshka","Bird Faced Urn","Odd Mushroom","Inserter"],"potions_floor_usage":[16,16],"damage_taken":[{"damage":9.0,"enemies":"Cultist","floor":1.0,"turns":5.0},{"damage":5.0,"enemies":"2 Louse","floor":2.0,"turns":3.0},{"damage":26.0,"enemies":"Lagavulin","floor":7.0,"turns":7.0},{"damage":23.0,"enemies":"3 Sentries","floor":11.0,"turns":8.0},{"damage":0.0,"enemies":"Small Slimes","floor":12.0,"turns":3.0},{"damage":18.0,"enemies":"Red Slaver","floor":13.0,"turns":4.0},{"damage":9.0,"enemies":"The Mushroom Lair","floor":14.0,"turns":3.0},{"damage":2,"enemies":"Hexaghost","floor":16,"turns":9},{"damage":50,"enemies":"Shell Parasite","floor":18,"turns":9},{"damage":48,"enemies":"Spheric Guardian","floor":20,"turns":8},{"damage":16,"enemies":"Centurion and Healer","floor":21,"turns":1}],"seed_played":"349002019343430251","potions_obtained":[{"floor":7.0,"key":"SkillPotion"},{"floor":13.0,"key":"LiquidBronze"},{"floor":14.0,"key":"SpeedPotion"}],"is_trial":false,"path_per_floor":["M","M","?","$","?","R","E","R","T","R","E","M","M","?","R","B",null,"M","?","M","M"],"character_chosen":"DEFECT","items_purchased":["Streamline","Defragment"],"campfire_rested":3,"item_purchase_floors":[4,4],"current_hp_per_floor":[59,54,47,47,47,69,43,43,43,65,42,46,32,29,51,57,71,45,45,11,0],"gold":400,"neow_bonus":"BOSS_RELIC","is_prod":false,"is_daily":false,"chose_seed":false,"campfire_upgraded":1,"win_rate":0,"timestamp":1542848654,"path_taken":["M","M","?","$","?","R","E","R","T","R","E","?","M","?","R","BOSS","M","?","M","M"],"build_version":"2018-11-15","purchased_purges":0,"victory":false,"max_hp_per_floor":[75,75,75,75,75,75,75,75,75,75,75,75,75,75,75,75,75,75,75,75,75],"card_choices":[{"not_picked":["Stack","Coolheaded"],"picked":"Conserve Battery","floor":1.0},{"not_picked":["Doom and Gloom","Capacitor"],"picked":"Redo","floor":2.0},{"not_picked":["Hello World","Reinforced Body"],"picked":"Machine Learning","floor":7.0},{"not_picked":["Compile Driver","Sweeping Beam"],"picked":"Echo Form","floor":11.0},{"not_picked":["Reprogram","FTL"],"picked":"Sweeping Beam","floor":12.0},{"not_picked":["Tempest","Barrage"],"picked":"Conserve Battery","floor":13.0},{"not_picked":["Blizzard","Cold Snap"],"picked":"Undo","floor":14.0},{"not_picked":["Machine Learning","Seek"],"picked":"Creative AI","floor":16},{"not_picked":["Gash","Turbo"],"picked":"Go for the Eyes+1","floor":18},{"not_picked":["Rebound","Steam Power+1"],"picked":"Static Discharge+1","floor":20}],"player_experience":2001536,"relics_obtained":[{"floor":7.0,"key":"Letter Opener"},{"floor":9.0,"key":"Matryoshka"},{"floor":11.0,"key":"Bird Faced Urn"},{"floor":14.0,"key":"Odd Mushroom"}],"event_choices":[{"cards_removed":["Defend_B"],"damage_healed":0.0,"max_hp_gain":0.0,"max_hp_loss":0.0,"gold_gain":0.0,"event_name":"Golden Wing","player_choice":"Card Removal","floor":3.0,"gold_loss":0.0,"damage_taken":7.0},{"damage_healed":0.0,"max_hp_gain":0.0,"max_hp_loss":0.0,"gold_gain":100.0,"event_name":"Golden Shrine","player_choice":"Pray","floor":5.0,"gold_loss":0.0,"damage_taken":0.0},{"damage_healed":0.0,"max_hp_gain":0.0,"max_hp_loss":0.0,"gold_gain":0.0,"event_name":"Mushrooms","player_choice":"Fought Mushrooms","floor":14.0,"gold_loss":0.0,"damage_taken":0.0},{"damage_healed":0,"gold_gain":100,"player_choice":"Bet on Murderer","damage_taken":0,"max_hp_gain":0,"max_hp_loss":0,"event_name":"The Joust","floor":19,"gold_loss":50}],"is_beta":false,"boss_relics":[{"not_picked":["Coffee Dripper","Orrery"],"picked":"Inserter"}],"items_purged_floors":[],"is_endless":false,"potions_floor_spawned":[7,13,14],"killed_by":"Centurion and Healer","ascension_level":11}