{"gold_per_floor":[111,125,125,52,52,78,98,115,115,130,162,162,90,110,110,207,207,221,301,319,319,330,330,395,407,419,431],"floor_reached":27,"playtime":1738,"items_purged":[],"score":382,"play_id":"22facdfa-0891-4f2b-b5de-e080272969fb","local_time":"20190913192943","is_ascension_mode":true,"campfire_choices":[{"data":"WindmillStrike","floor":12,"key":"SMITH"},{"data":"Crescendo","floor":15,"key":"SMITH"},{"data":"BowlingBash","floor":23,"key":"SMITH"},{"floor":25,"key":"REST"}],"neow_cost":"NONE","seed_source_timestamp":5469744146969,"circlet_count":0,"master_deck":["Strike_P","Strike_P","Strike_P","Defend_P","Defend_P","Defend_P","Defend_P","Eruption","Vigilance","WindmillStrike+1","Crescendo+1","Conclude","CrushJoints+1","ClearTheMind","BowlingBash+1","WindmillStrike+1","Alpha","CrushJoints+1","FlyingSleeves+1"],"relics":["PureWater","Bag of Marbles","Boot","Molten Egg 2","Black Star","Bottled Lightning","MawBank","Tiny Chest","Letter Opener"],"potions_floor_usage":[6,18,22,24,24,27],"damage_taken":[{"damage":12,"enemies":"Jaw Worm","floor":1,"turns":3},{"damage":0,"enemies":"Cultist","floor":2,"turns":2},{"damage":12,"enemies":"Lagavulin","floor":6,"turns":6},{"damage":0,"enemies":"2 Louse","floor":7,"turns":1},{"damage":0,"enemies":"2 Fungi Beasts","floor":8,"turns":1},{"damage":25,"enemies":"Large Slime","floor":10,"turns":5},{"damage":0,"enemies":"3 Sentries","floor":11,"turns":3},{"damage":6,"enemies":"Looter","floor":14,"turns":3},{"damage":0,"enemies":"Slime Boss","floor":16,"turns":4},{"damage":8,"enemies":"Shell Parasite","floor":18,"turns":3},{"damage":2,"enemies":"Chosen","floor":20,"turns":3},{"damage":18,"enemies":"Centurion and Healer","floor":22,"turns":2},{"damage":17,"enemies":"Slavers","floor":24,"turns":6},{"damage":49,"enemies":"Book of Stabbing","floor":27,"turns":2}],"seed_played":"-8910820379042907012","potions_obtained":[{"floor":2,"key":"Swift Potion"},{"floor":3,"key":"DuplicationPotion"},{"floor":3,"key":"SteroidPotion"},{"floor":7,"key":"Weak Potion"},{"floor":16,"key":"Block Potion"},{"floor":22,"key":"Swift Potion"},{"floor":24,"key":"LiquidBronze"}],"is_trial":false,"path_per_floor":["M","M","?","$","?","E","M","M","T","M","E","R","$","M","R","B",null,"M","T","M","?","M","R","E","R","T","E"],"character_chosen":"WATCHER","items_purchased":["Conclude","WindmillStrike+1"],"campfire_rested":1,"item_purchase_floors":[4,13],"current_hp_per_floor":[59,59,59,59,59,47,47,47,47,22,22,22,22,16,16,16,71,63,63,61,61,43,43,26,47,47,0],"gold":431,"neow_bonus":"TEN_PERCENT_HP_BONUS","is_prod":false,"is_daily":false,"chose_seed":false,"campfire_upgraded":3,"win_rate":0,"timestamp":1568359783,"path_taken":["M","M","?","?","?","E","M","M","T","M","E","R","$","M","R","BOSS","M","?","M","?","?","R","E","R","T","E"],"build_version":"2019-09-12","purchased_purges":0,"victory":false,"max_hp_per_floor":[71,71,71,71,71,71,71,71,71,71,71,71,71,71,71,71,71,71,71,71,71,71,71,71,71,71,71],"card_choices":[{"not_picked":["Halt","Establishment"],"picked":"WindmillStrike","floor":1},{"not_picked":["JustLucky","ThirdEye"],"picked":"Crescendo","floor":2},{"not_picked":["WindmillStrike","StepAndStrike"],"picked":"CrushJoints","floor":6},{"not_picked":["Crescendo","FlyingSleeves"],"picked":"ClearTheMind","floor":7},{"not_picked":["Crescendo","Weave"],"picked":"BowlingBash","floor":8},{"not_picked":["FollowUp","PathToVictory","CrushJoints"],"picked":"SKIP","floor":10},{"not_picked":["JustLucky","Worship","FlowState"],"picked":"SKIP","floor":11},{"not_picked":["Weave+1","Crescendo","Scrawl"],"picked":"SKIP","floor":14},{"not_picked":["Omniscience","Pray"],"picked":"Alpha","floor":16},{"not_picked":["Clarity+1","Crescendo","Wireheading"],"picked":"SKIP","floor":18},{"not_picked":["FlyingSleeves+1","Halt"],"picked":"CrushJoints+1","floor":20},{"not_picked":["Weave+1","Vengeance","FollowUp+1"],"picked":"SKIP","floor":22},{"not_picked":["Nirvana","Sanctity"],"picked":"FlyingSleeves+1","floor":24}],"player_experience":1028229,"relics_obtained":[{"floor":6,"key":"Bag of Marbles"},{"floor":9,"key":"Boot"},{"floor":11,"key":"Molten Egg 2"},{"floor":19,"key":"Bottled Lightning"},{"floor":24,"key":"MawBank"},{"floor":24,"key":"Tiny Chest"},{"floor":26,"key":"Letter Opener"}],"event_choices":[{"damage_healed":0,"gold_gain":0,"player_choice":"Got Potions","damage_taken":0,"max_hp_gain":0,"max_hp_loss":0,"event_name":"Lab","floor":3,"gold_loss":0},{"cards_removed":["Strike_P"],"damage_healed":0,"gold_gain":0,"player_choice":"Offered Basic","damage_taken":0,"max_hp_gain":0,"max_hp_loss":0,"event_name":"Bonfire Elementals","floor":5,"gold_loss":0},{"damage_healed":0,"gold_gain":0,"player_choice":"Upgraded","damage_taken":0,"max_hp_gain":0,"max_hp_loss":0,"event_name":"Upgrade Shrine","floor":21,"gold_loss":0,"cards_upgraded":["CrushJoints"]}],"is_beta":true,"boss_relics":[{"not_picked":["Calling Bell","Busted Crown"],"picked":"Black Star"}],"items_purged_floors":[],"is_endless":false,"potions_floor_spawned":[2,7,8,16,22,24],"killed_by":"Book of Stabbing","ascension_level":4}