{"gold_per_floor":[119,22,97,97,114,114,124,140,140,158,158,170,196,210,210,309,309,329,348,263,275,0,0,16,36,62,74,0,27,51,63],"floor_reached":31,"playtime":1425,"items_purged":[],"score":268,"play_id":"9b47b9b7-702f-4bc0-a8d8-46fa87c32bb0","local_time":"20190727113641","is_ascension_mode":false,"campfire_choices":[{"data":"Streamline","floor":6,"key":"SMITH"},{"floor":11,"key":"REST"},{"floor":15,"key":"REST"},{"floor":23,"key":"REST"},{"floor":27,"key":"REST"}],"neow_cost":"NONE","seed_source_timestamp":124300173198034,"circlet_count":0,"master_deck":["Strike_B","Strike_B","Strike_B","Strike_B","Defend_B","Defend_B","Defend_B","Defend_B","Zap+1","Dualcast","Glacier","Undo","Rebound","Streamline+1","Redo","Capacitor","Leap","Sweeping Beam","BootSequence","Sunder","Echo Form","Conserve Battery","Leap","Streamline","Leap","Fusion","Chill","BootSequence","Rip and Tear","Defragment","Dramatic Entrance","Ball Lightning","FTL","Chill","Genetic Algorithm","Sweeping Beam+1","Machine Learning","Streamline"],"relics":["Cracked Core","The Courier","Nunchaku","Orrery","Ice Cream","MawBank"],"potions_floor_usage":[5,13,25,25,30,31],"damage_taken":[{"damage":0,"enemies":"Cultist","floor":1,"turns":4},{"damage":0,"enemies":"2 Louse","floor":5,"turns":3},{"damage":0,"enemies":"Jaw Worm","floor":7,"turns":4},{"damage":10,"enemies":"Exordium Thugs","floor":8,"turns":7},{"damage":5,"enemies":"Exordium Wildlife","floor":10,"turns":6},{"damage":0,"enemies":"Blue Slaver","floor":12,"turns":4},{"damage":28,"enemies":"Gremlin Nob","floor":13,"turns":4},{"damage":0,"enemies":"Large Slime","floor":14,"turns":4},{"damage":33,"enemies":"Slime Boss","floor":16,"turns":15},{"damage":2,"enemies":"Shell Parasite","floor":18,"turns":4},{"damage":0,"enemies":"Chosen","floor":19,"turns":4},{"damage":41,"enemies":"Sentry and Sphere","floor":21,"turns":6},{"damage":24,"enemies":"Cultist and Chosen","floor":24,"turns":8},{"damage":6,"enemies":"Snake Plant","floor":25,"turns":6},{"damage":13,"enemies":"Sentry and Sphere","floor":29,"turns":4},{"damage":31,"enemies":"3 Cultists","floor":30,"turns":4},{"damage":15,"enemies":"Snake Plant","floor":31,"turns":2}],"seed_played":"1125087880999544891","potions_obtained":[{"floor":1,"key":"Regen Potion"},{"floor":5,"key":"Strength Potion"},{"floor":16,"key":"EssenceOfSteel"},{"floor":24,"key":"Fruit Juice"},{"floor":29,"key":"LiquidBronze"},{"floor":30,"key":"AttackPotion"}],"is_trial":false,"path_per_floor":["M","$","?","?","M","R","M","M","T","M","R","M","E","M","R","B",null,"M","M","?","M","$","R","M","M","T","R","?","M","M","M"],"character_chosen":"DEFECT","items_purchased":["Undo","Rebound","Defragment","Dramatic Entrance","Ball Lightning","FTL","Chill"],"campfire_rested":4,"item_purchase_floors":[2,2,22,22,22,22,22],"current_hp_per_floor":[75,75,64,64,73,73,73,63,63,58,75,75,47,47,69,36,75,73,73,73,32,32,54,30,29,29,53,53,40,9,0],"gold":63,"neow_bonus":"UPGRADE_CARD","is_prod":false,"is_daily":false,"chose_seed":false,"campfire_upgraded":1,"win_rate":0.0,"timestamp":1564238201,"path_taken":["M","$","?","?","M","R","M","M","T","M","R","M","E","M","R","BOSS","M","M","?","M","$","R","M","M","T","R","?","M","?","M"],"build_version":"2019-07-17","purchased_purges":0,"victory":false,"max_hp_per_floor":[75,75,75,75,75,75,75,75,75,75,75,75,75,75,75,75,75,75,75,75,75,75,75,75,80,80,80,80,80,80,80],"card_choices":[{"not_picked":["Hologram","Cold Snap"],"picked":"Glacier","floor":1},{"not_picked":["Reinforced Body","Stack"],"picked":"Streamline","floor":5},{"not_picked":["Reinforced Body","Turbo"],"picked":"Redo","floor":7},{"not_picked":["Beam Cell","Steam"],"picked":"Capacitor","floor":8},{"not_picked":["Rebound","Conserve Battery"],"picked":"Leap","floor":10},{"not_picked":["Cold Snap","Redo"],"picked":"Sweeping Beam","floor":12},{"not_picked":["Barrage","Sweeping Beam"],"picked":"BootSequence","floor":13},{"not_picked":["Seek","Streamline"],"picked":"Sunder","floor":14},{"not_picked":["Hyperbeam","Buffer"],"picked":"Echo Form","floor":16},{"not_picked":["Recycle","Go for the Eyes"],"picked":"Conserve Battery","floor":17},{"not_picked":["Cold Snap","Reprogram"],"picked":"Leap","floor":17},{"not_picked":["Compile Driver","Sweeping Beam"],"picked":"Streamline","floor":17},{"not_picked":["Buffer","Go for the Eyes"],"picked":"Leap","floor":17},{"not_picked":["Beam Cell","Scrape"],"picked":"Fusion","floor":17},{"not_picked":["Redo","Cold Snap"],"picked":"Chill","floor":18},{"not_picked":["Darkness+1","Stack"],"picked":"BootSequence","floor":19},{"not_picked":["Redo","Cold Snap"],"picked":"Rip and Tear","floor":21},{"not_picked":["Coolheaded","Stack"],"picked":"Genetic Algorithm","floor":24},{"not_picked":["Fusion","Go for the Eyes"],"picked":"Sweeping Beam+1","floor":25},{"not_picked":["Hologram+1","Go for the Eyes+1"],"picked":"Machine Learning","floor":29},{"not_picked":["Scrape","Cold Snap+1"],"picked":"Streamline","floor":30}],"player_experience":241815,"relics_obtained":[{"floor":9,"key":"The Courier"},{"floor":13,"key":"Nunchaku"},{"floor":26,"key":"MawBank"}],"event_choices":[{"damage_healed":0,"gold_gain":75,"player_choice":"Gather Gold","damage_taken":11,"max_hp_gain":0,"max_hp_loss":0,"event_name":"World of Goop","floor":3,"gold_loss":0},{"damage_healed":0,"gold_gain":0,"player_choice":"Ignored","damage_taken":0,"max_hp_gain":0,"max_hp_loss":0,"event_name":"Golden Wing","floor":4,"gold_loss":0},{"damage_healed":0,"gold_gain":0,"player_choice":"Obtained Relic","damage_taken":0,"relics_obtained":["Ice Cream"],"max_hp_gain":0,"max_hp_loss":0,"event_name":"Addict","floor":20,"gold_loss":85},{"damage_healed":0,"gold_gain":0,"player_choice":"Paid Fearfully","damage_taken":0,"max_hp_gain":0,"max_hp_loss":0,"event_name":"Masked Bandits","floor":28,"gold_loss":86}],"is_beta":false,"boss_relics":[{"not_picked":["Sozu","Eternal Feather"],"picked":"Orrery"}],"items_purged_floors":[],"is_endless":false,"potions_floor_spawned":[1,5,16,24,29,30],"killed_by":"Snake Plant","ascension_level":0}