{"gold_per_floor":[112,112,187,200,200,232,232,3,59,74,87,119,138,164,164,240,240,257,271,55,55,55,89,101,113,148,160],"floor_reached":27,"playtime":2198,"items_purged":[],"score":548,"play_id":"e9cc65c9-d2a5-4b3f-952d-3b3800c7d720","local_time":"20190805231525","is_ascension_mode":true,"campfire_choices":[{"data":"Armaments","floor":7.0,"key":"SMITH"},{"data":"Perfected Strike","floor":15.0,"key":"SMITH"},{"floor":24,"key":"REST"}],"neow_cost":"NONE","seed_source_timestamp":554794935801458,"circlet_count":0,"master_deck":["AscendersBane","Strike_R","Strike_R","Strike_R","Strike_R","Strike_R","Defend_R","Defend_R","Bash","Armaments+1","Perfected Strike+1","Shrug It Off","Thunderclap","Reaper","Cleave","Spot Weakness","Metallicize","Perfected Strike","Bludgeon","Battle Trance","Ghostly Armor","Disarm","Metallicize","Wild Strike","Headbutt+1"],"special_seed":0,"relics":["Burning Blood","NeowsBlessing","Torii","Tiny Chest","Bag of Marbles","Mummified Hand","White Beast Statue","Bag of Preparation","MawBank","Vajra"],"potions_floor_usage":[23,23,27],"damage_taken":[{"damage":0.0,"enemies":"Small Slimes","floor":1.0,"turns":1.0},{"damage":0.0,"enemies":"2 Louse","floor":4.0,"turns":1.0},{"damage":0.0,"enemies":"Lagavulin","floor":6.0,"turns":1.0},{"damage":0.0,"enemies":"Cultist","floor":10.0,"turns":4.0},{"damage":24.0,"enemies":"Exordium Thugs","floor":11.0,"turns":5.0},{"damage":29.0,"enemies":"Gremlin Nob","floor":12.0,"turns":4.0},{"damage":0.0,"enemies":"3 Louse","floor":13.0,"turns":1.0},{"damage":32.0,"enemies":"3 Sentries","floor":14.0,"turns":7.0},{"damage":26.0,"enemies":"The Guardian","floor":16.0,"turns":11.0},{"damage":1.0,"enemies":"Chosen","floor":18.0,"turns":5.0},{"damage":32.0,"enemies":"3 Byrds","floor":19.0,"turns":6.0},{"damage":75,"enemies":"Gremlin Leader","floor":23,"turns":8},{"damage":10,"enemies":"Centurion and Healer","floor":27,"turns":1}],"seed_played":"7517440949289863703","potions_obtained":[{"floor":11.0,"key":"FearPotion"},{"floor":12.0,"key":"PowerPotion"},{"floor":13.0,"key":"Ancient Potion"},{"floor":14.0,"key":"Explosive Potion"},{"floor":16.0,"key":"Swift Potion"},{"floor":18.0,"key":"Fire Potion"},{"floor":19.0,"key":"Weak Potion"},{"floor":23,"key":"SkillPotion"}],"is_trial":false,"path_per_floor":["M","?","?","M","?","E","R","$","T","M","M","E","M","E","R","B",null,"M","M","$","T","$","E","R","?","T","M"],"character_chosen":"IRONCLAD","items_purchased":["Thunderclap","Reaper","Disarm","Metallicize","Wild Strike"],"campfire_rested":1,"item_purchase_floors":[8,8,20,20,20],"current_hp_per_floor":[74,67,56,62,62,68,68,68,68,74,62,45,51,40,40,26,63,74,50,50,50,50,7,29,8,8,0],"gold":160,"neow_bonus":"THREE_ENEMY_KILL","is_prod":false,"is_daily":false,"chose_seed":false,"campfire_upgraded":2,"win_rate":0,"timestamp":1565061325,"path_taken":["M","?","?","M","?","E","R","$","T","M","M","E","M","E","R","BOSS","M","M","$","?","?","E","R","?","T","M"],"build_version":"2019-01-23","purchased_purges":0,"victory":false,"max_hp_per_floor":[75,75,75,75,75,75,75,75,75,75,75,75,75,75,75,75,75,75,75,75,75,75,75,75,80,80,80],"card_choices":[{"not_picked":["Headbutt","Shrug It Off"],"picked":"Armaments","floor":1.0},{"not_picked":["Shrug It Off","Seeing Red"],"picked":"Perfected Strike","floor":4.0},{"not_picked":["Clothesline","Second Wind"],"picked":"Shrug It Off","floor":6.0},{"not_picked":["Feel No Pain","Twin Strike"],"picked":"Cleave","floor":10.0},{"not_picked":["Entrench","Thunderclap"],"picked":"Spot Weakness","floor":11.0},{"not_picked":["Fire Breathing","Evolve"],"picked":"Metallicize","floor":12.0},{"not_picked":["Thunderclap","Berserk"],"picked":"Perfected Strike","floor":13.0},{"not_picked":["Iron Wave","True Grit","Second Wind"],"picked":"SKIP","floor":14.0},{"not_picked":["Double Tap","Berserk"],"picked":"Bludgeon","floor":16.0},{"not_picked":["Blood for Blood","Thunderclap"],"picked":"Battle Trance","floor":18.0},{"not_picked":["Corruption","Perfected Strike"],"picked":"Ghostly Armor","floor":19.0},{"not_picked":["Entrench","Twin Strike"],"picked":"Headbutt+1","floor":23}],"player_experience":2767672,"relics_obtained":[{"floor":6.0,"key":"Torii"},{"floor":9.0,"key":"Tiny Chest"},{"floor":12.0,"key":"Bag of Marbles"},{"floor":14.0,"key":"Mummified Hand"},{"floor":21.0,"key":"Bag of Preparation"},{"floor":23,"key":"MawBank"},{"floor":26,"key":"Vajra"}],"event_choices":[{"cards_removed":["Defend_R"],"damage_healed":0.0,"max_hp_gain":0.0,"max_hp_loss":0.0,"gold_gain":0.0,"event_name":"Golden Wing","player_choice":"Card Removal","floor":2.0,"gold_loss":0.0,"damage_taken":7.0},{"damage_healed":0.0,"max_hp_gain":0.0,"max_hp_loss":0.0,"gold_gain":75.0,"event_name":"World of Goop","player_choice":"Gather Gold","floor":3.0,"gold_loss":0.0,"damage_taken":11.0},{"cards_removed":["Defend_R"],"damage_healed":0.0,"max_hp_gain":0.0,"max_hp_loss":0.0,"gold_gain":0.0,"event_name":"Purifier","player_choice":"Purged","floor":5.0,"gold_loss":0.0,"damage_taken":0.0},{"damage_healed":0,"gold_gain":0,"player_choice":"Shed Blood","damage_taken":26,"max_hp_gain":5,"max_hp_loss":0,"event_name":"Forgotten Altar","floor":25,"gold_loss":0}],"is_beta":false,"boss_relics":[{"not_picked":["Runic Pyramid","Snecko Eye"],"picked":"White Beast Statue"}],"items_purged_floors":[],"is_endless":false,"potions_floor_spawned":[11,12,13,14,16,18,19,23],"killed_by":"Centurion and Healer","ascension_level":20}