{"gold_per_floor":[118,31,50,125,225,225,256,256,256,281,295,185,213,232,232,335,335,354,205,225,244,261,261,276,276,276,276,296,312,312,312,312,407,407,418,171,184,184,184,184,229,249,276,287,287,287],"floor_reached":46,"playtime":6829,"items_purged":["Strike_R","Strike_R"],"score":440,"play_id":"9aa3196c-ea67-4097-9ccc-c5542c5bb972","local_time":"20181108014414","is_ascension_mode":false,"campfire_choices":[{"data":"Flex","floor":6.0,"key":"SMITH"},{"data":"Searing Blow","floor":8,"key":"SMITH"},{"floor":15,"key":"REST"},{"floor":23,"key":"REST"},{"floor":25,"key":"REST"},{"floor":30,"key":"REST"},{"data":"Searing Blow+1","floor":32,"key":"SMITH"},{"floor":40,"key":"REST"}],"neow_cost":"NONE","seed_source_timestamp":0,"circlet_count":0,"master_deck":["Strike_R+1","Strike_R+1","Strike_R+1","Defend_R+1","Defend_R+1","Defend_R+1","Defend_R+1","Shockwave","Metallicize","Flex+1","Second Wind","Searing Blow+2","Clothesline","Juggernaut","Flame Barrier","Pommel Strike","Headbutt","Reaper","Metallicize+1","True Grit","Thunderclap+1","Pommel Strike+1","Double Tap","Sentinel","Heavy Blade+1","Fiend Fire","Iron Wave+1","Sentinel","Magnetism","Disarm+1","Armaments","Heavy Blade+1","Enlightenment"],"special_seed":0,"relics":["Runic Pyramid"],"potions_floor_usage":[13,16,16,22,29,33,33],"damage_taken":[{"damage":6.0,"enemies":"2 Louse","floor":1.0,"turns":4.0},{"damage":3.0,"enemies":"Jaw Worm","floor":3.0,"turns":4.0},{"damage":5.0,"enemies":"Lagavulin","floor":7.0,"turns":6.0},{"damage":20,"enemies":"3 Sentries","floor":10,"turns":8},{"damage":1,"enemies":"Cultist","floor":11,"turns":3},{"damage":3,"enemies":"Gremlin Nob","floor":13,"turns":4},{"damage":2,"enemies":"Blue Slaver","floor":14,"turns":4},{"damage":43,"enemies":"Hexaghost","floor":16,"turns":15},{"damage":2,"enemies":"Chosen","floor":18,"turns":6},{"damage":11,"enemies":"Shell Parasite","floor":20,"turns":11},{"damage":49,"enemies":"Shelled Parasite and Fungi","floor":21,"turns":10},{"damage":14,"enemies":"Snake Plant","floor":22,"turns":7},{"damage":12,"enemies":"Chosen and Byrds","floor":24,"turns":7},{"damage":21,"enemies":"Centurion and Healer","floor":28,"turns":8},{"damage":23,"enemies":"Sentry and Sphere","floor":29,"turns":9},{"damage":54,"enemies":"Automaton","floor":33,"turns":11},{"damage":32,"enemies":"3 Darklings","floor":35,"turns":8},{"damage":12,"enemies":"Orb Walker","floor":37,"turns":3},{"damage":18,"enemies":"4 Shapes","floor":42,"turns":9},{"damage":32,"enemies":"Sphere and 2 Shapes","floor":44,"turns":9},{"damage":47,"enemies":"3 Darklings","floor":46,"turns":4}],"seed_played":"1304226934074456692","potions_obtained":[{"floor":7,"key":"Block Potion"},{"floor":10,"key":"Regen Potion"},{"floor":13,"key":"SteroidPotion"},{"floor":16,"key":"Dexterity Potion"},{"floor":18,"key":"AttackPotion"},{"floor":21,"key":"PowerPotion"},{"floor":22,"key":"Strength Potion"},{"floor":37,"key":"Fire Potion"}],"is_trial":false,"path_per_floor":["M","$","M","?","?","R","E","E","R","T","E","M","$","E","M","R","B",null,"M","$","M","M","M","R","M","R","T","?","M","M","R","?","R","B",null,"M","$","M","?","?","R","T","M","T","M","?","M"],"character_chosen":"IRONCLAD","items_purchased":["Metallicize","Flex","Flame Barrier","True Grit","Sentinel","Magnetism"],"campfire_rested":5,"item_purchase_floors":[2,2,12,19,36,36],"current_hp_per_floor":[74,74,71,60,60,60,55,55,55,35,34,34,40,38,62,19,80,80,80,69,37,23,47,47,71,71,71,58,42,66,66,66,12,80,48,48,36,36,36,60,60,42,42,16,16,0],"gold":287,"neow_bonus":"BOSS_RELIC","is_prod":false,"is_daily":false,"chose_seed":false,"campfire_upgraded":3,"win_rate":0,"timestamp":1541659454,"path_taken":["M","$","M","?","?","R","E","R","T","E","M","$","E","M","R","BOSS","M","$","M","M","M","R","M","R","T","?","M","M","R","?","R","BOSS","M","$","M","?","?","R","?","M","T","M","?","?"],"build_version":"2018-11-01","purchased_purges":2,"victory":false,"max_hp_per_floor":[80,80,80,80,80,80,80,80,80,80,80,80,80,80,80,80,80,80,80,80,80,80,80,80,80,80,80,80,80,80,80,80,80,80,80,80,80,80,80,80,80,80,80,80,80,80],"card_choices":[{"not_picked":["Sword Boomerang","Clash"],"picked":"Shockwave","floor":1.0},{"not_picked":["Headbutt","Uppercut"],"picked":"Second Wind","floor":3.0},{"not_picked":["Burning Pact","Pommel Strike"],"picked":"Searing Blow","floor":7},{"not_picked":["Pummel","Blood for Blood"],"picked":"Clothesline","floor":10},{"not_picked":["Flex","Shrug It Off"],"picked":"Juggernaut","floor":11},{"not_picked":["Clothesline","Perfected Strike"],"picked":"Pommel Strike","floor":13},{"not_picked":["Corruption","Flex"],"picked":"Headbutt","floor":14},{"not_picked":["Limit Break","Double Tap"],"picked":"Reaper","floor":16},{"not_picked":["Heavy Blade","Twin Strike+1"],"picked":"Metallicize+1","floor":18},{"not_picked":["Wild Strike","Shrug It Off"],"picked":"Thunderclap+1","floor":20},{"not_picked":["Perfected Strike+1","Thunderclap+1"],"picked":"Pommel Strike+1","floor":21},{"not_picked":["Heavy Blade+1","Shockwave"],"picked":"Double Tap","floor":22},{"not_picked":["Body Slam","Iron Wave","Clothesline"],"picked":"SKIP","floor":24},{"not_picked":["Wild Strike","Carnage+1"],"picked":"Sentinel","floor":28},{"not_picked":["Clothesline+1","Iron Wave"],"picked":"Heavy Blade+1","floor":29},{"not_picked":["Limit Break","Reaper"],"picked":"Fiend Fire","floor":33},{"not_picked":["Fire Breathing+1","Twin Strike+1"],"picked":"Iron Wave+1","floor":35},{"not_picked":["Shockwave+1","Cleave+1"],"picked":"Disarm+1","floor":37},{"not_picked":["Pommel Strike","Burning Pact+1"],"picked":"Armaments","floor":42},{"not_picked":["Anger+1","Iron Wave"],"picked":"Heavy Blade+1","floor":44},{"not_picked":["Transmutation","Trip"],"picked":"Enlightenment","floor":45}],"player_experience":1947516,"relics_obtained":[],"event_choices":[{"damage_healed":0.0,"max_hp_gain":0.0,"max_hp_loss":0.0,"gold_gain":75.0,"event_name":"World of Goop","player_choice":"Gather Gold","floor":4.0,"gold_loss":0.0,"damage_taken":11.0},{"damage_healed":0.0,"max_hp_gain":0.0,"max_hp_loss":0.0,"gold_gain":100.0,"event_name":"Golden Shrine","player_choice":"Pray","floor":5.0,"gold_loss":0.0,"damage_taken":0.0},{"damage_healed":0,"gold_gain":0,"player_choice":"Simplicity","damage_taken":0,"max_hp_gain":0,"max_hp_loss":0,"event_name":"Back to Basics","floor":27,"gold_loss":0,"cards_upgraded":["Strike_R","Strike_R","Strike_R","Defend_R","Defend_R","Defend_R","Defend_R"]},{"cards_removed":["Bash"],"damage_healed":0,"gold_gain":0,"player_choice":"Removed Attack","damage_taken":0,"max_hp_gain":0,"max_hp_loss":0,"event_name":"Falling","floor":38,"gold_loss":0},{"damage_healed":0,"gold_gain":0,"player_choice":"Ignored","damage_taken":0,"max_hp_gain":0,"max_hp_loss":0,"event_name":"Tomb of Lord Red Mask","floor":39,"gold_loss":0},{"damage_healed":0,"gold_gain":0,"player_choice":"Memory 1","damage_taken":0,"max_hp_gain":0,"max_hp_loss":0,"event_name":"SensoryStone","floor":45,"gold_loss":0}],"is_beta":false,"boss_relics":[{"not_picked":["White Beast Statue","Tiny House","Lizard Tail"]},{"not_picked":["Eternal Feather","Orrery","Cursed Key"]}],"items_purged_floors":[12,19],"is_endless":false,"potions_floor_spawned":[7,10,13,16,18,21,22,37],"killed_by":"3 Darklings","ascension_level":0}