{"gold_per_floor":[117,137,150,6,19,49,59,59,128,128,128,128,167,182,182,308,308,327,252,275,299,259,259,300,316,316,351,18,33,33,71,71,190,190,215,165,165,184,200,200],"floor_reached":40,"playtime":3677,"items_purged":["Defend_R"],"score":508,"play_id":"5ac5fddd-22cd-4c0e-a9cc-f97555bfb0a3","local_time":"20181105004345","is_ascension_mode":false,"campfire_choices":[{"data":"Perfected Strike","floor":8,"key":"SMITH"},{"data":"Wild Strike","floor":12,"key":"SMITH"},{"floor":15,"key":"REST"},{"data":"Pommel Strike","floor":23,"key":"SMITH"},{"data":"True Grit","floor":32,"key":"SMITH"}],"neow_cost":"NONE","seed_source_timestamp":0,"circlet_count":0,"master_deck":["Strike_R","Strike_R","Strike_R","Strike_R","Strike_R","Defend_R","Defend_R","Bash","Clash","Perfected Strike+1","Armaments+1","Shrug It Off","Wild Strike+1","Clash","Perfected Strike+1","Cleave","Pommel Strike+1","Pommel Strike+1","Body Slam+1","Twin Strike+1","Clothesline","Shrug It Off","True Grit+1","Perfected Strike","Perfected Strike+1","Sword Boomerang+1"],"special_seed":0,"relics":["Burning Blood","NeowsBlessing","PreservedInsect","Sundial","Paper Frog","Golden Idol","Ice Cream","White Beast Statue","Boot","Lantern","Smiling Mask","Thread and Needle","Regal Pillow","Black Star"],"potions_floor_usage":[16,16,20,21,24,25,33,33,33,33,33,39,39,40,40],"damage_taken":[{"damage":0,"enemies":"Small Slimes","floor":1,"turns":1},{"damage":0,"enemies":"2 Louse","floor":2,"turns":1},{"damage":0,"enemies":"Jaw Worm","floor":3,"turns":1},{"damage":14,"enemies":"Lots of Slimes","floor":5,"turns":4},{"damage":0,"enemies":"Gremlin Nob","floor":6,"turns":2},{"damage":4,"enemies":"Blue Slaver","floor":7,"turns":3},{"damage":15,"enemies":"Lagavulin","floor":13,"turns":5},{"damage":8,"enemies":"3 Louse","floor":14,"turns":2},{"damage":39,"enemies":"Hexaghost","floor":16,"turns":6},{"damage":5,"enemies":"Spheric Guardian","floor":18,"turns":3},{"damage":10,"enemies":"2 Thieves","floor":20,"turns":3},{"damage":7,"enemies":"Centurion and Healer","floor":21,"turns":4},{"damage":4,"enemies":"Book of Stabbing","floor":24,"turns":2},{"damage":0,"enemies":"3 Cultists","floor":25,"turns":4},{"damage":16,"enemies":"Slavers","floor":27,"turns":4},{"damage":6,"enemies":"Snake Plant","floor":29,"turns":3},{"damage":9,"enemies":"Book of Stabbing","floor":31,"turns":3},{"damage":55,"enemies":"Collector","floor":33,"turns":8},{"damage":32,"enemies":"3 Darklings","floor":35,"turns":10},{"damage":22,"enemies":"3 Shapes","floor":38,"turns":4},{"damage":41,"enemies":"Transient","floor":39,"turns":5},{"damage":28,"enemies":"Giant Head","floor":40,"turns":6}],"seed_played":"-5972025788179365587","potions_obtained":[{"floor":1,"key":"Dexterity Potion"},{"floor":2,"key":"Ancient Potion"},{"floor":13,"key":"AttackPotion"},{"floor":16,"key":"Fire Potion"},{"floor":18,"key":"Explosive Potion"},{"floor":20,"key":"Fire Potion"},{"floor":21,"key":"Strength Potion"},{"floor":24,"key":"Energy Potion"},{"floor":25,"key":"EntropicBrew"},{"floor":33,"key":"Swift Potion"},{"floor":35,"key":"BloodPotion"},{"floor":38,"key":"EssenceOfSteel"},{"floor":39,"key":"SteroidPotion"}],"is_trial":false,"path_per_floor":["M","M","M","$","M","E","M","R","T","?","?","R","E","M","R","B",null,"M","?","M","M","?","R","E","M","T","E","$","M","?","E","R","B",null,"M","$","?","M","M","E"],"character_chosen":"IRONCLAD","items_purchased":["PreservedInsect","Clothesline","Thread and Needle"],"campfire_rested":1,"item_purchase_floors":[4,28,28],"current_hp_per_floor":[80,80,80,80,72,78,80,80,80,60,60,60,51,49,73,40,80,80,80,76,75,75,75,77,80,80,70,70,70,70,67,67,33,80,54,54,54,38,11,0],"gold":200,"neow_bonus":"THREE_ENEMY_KILL","is_prod":false,"is_daily":false,"chose_seed":false,"campfire_upgraded":4,"win_rate":0,"timestamp":1541396625,"path_taken":["M","M","M","$","M","E","M","R","T","?","?","R","E","M","R","BOSS","M","?","M","M","?","R","E","?","T","E","$","M","?","E","R","BOSS","M","?","?","M","M","E"],"build_version":"2018-11-01","purchased_purges":1,"victory":false,"max_hp_per_floor":[80,80,80,80,80,80,80,80,80,80,80,80,80,80,80,80,80,80,80,80,80,80,80,80,80,80,80,80,80,80,80,80,80,80,80,80,80,80,80,80],"card_choices":[{"not_picked":["Seeing Red","Uppercut","Sentinel"],"picked":"SKIP","floor":1},{"not_picked":["Evolve","Pommel Strike"],"picked":"Clash","floor":2},{"not_picked":["Iron Wave","Cleave"],"picked":"Perfected Strike","floor":3},{"not_picked":["Shrug It Off","Shockwave"],"picked":"Armaments","floor":5},{"not_picked":["Wild Strike","Havoc"],"picked":"Shrug It Off","floor":6},{"not_picked":["Infernal Blade","Power Through"],"picked":"Wild Strike","floor":7},{"not_picked":["Fiend Fire","Whirlwind"],"picked":"Clash","floor":13},{"not_picked":["Body Slam","Blood for Blood"],"picked":"Perfected Strike","floor":14},{"not_picked":["Sentinel","Combust"],"picked":"Cleave","floor":18},{"not_picked":["Dual Wield+1","Sword Boomerang"],"picked":"Pommel Strike+1","floor":20},{"not_picked":["Evolve","Intimidate"],"picked":"Pommel Strike","floor":21},{"not_picked":["Flame Barrier+1","Barricade"],"picked":"Body Slam+1","floor":24},{"not_picked":["Shrug It Off","Havoc"],"picked":"Twin Strike+1","floor":25},{"not_picked":["Pummel","Intimidate","Disarm"],"picked":"SKIP","floor":27},{"not_picked":["Heavy Blade","Armaments"],"picked":"Shrug It Off","floor":29},{"not_picked":["Spot Weakness","Searing Blow"],"picked":"True Grit","floor":31},{"not_picked":["Dropkick+1","Heavy Blade+1"],"picked":"Perfected Strike","floor":35},{"not_picked":["Anger+1","Burning Pact"],"picked":"Perfected Strike+1","floor":38},{"not_picked":["Pummel+1","Metallicize+1"],"picked":"Sword Boomerang+1","floor":39}],"player_experience":1922597,"relics_obtained":[{"floor":6,"key":"Sundial"},{"floor":9,"key":"Paper Frog"},{"floor":13,"key":"Ice Cream"},{"floor":24,"key":"Boot"},{"floor":26,"key":"Lantern"},{"floor":27,"key":"Smiling Mask"},{"floor":31,"key":"Regal Pillow"}],"event_choices":[{"damage_healed":0,"gold_gain":0,"player_choice":"Take Damage","damage_taken":20,"relics_obtained":["Golden Idol"],"max_hp_gain":0,"max_hp_loss":0,"event_name":"Golden Idol","floor":10,"gold_loss":0},{"damage_healed":0,"gold_gain":0,"player_choice":"Grow","damage_taken":0,"max_hp_gain":0,"max_hp_loss":0,"event_name":"Living Wall","floor":11,"gold_loss":0,"cards_upgraded":["Armaments"]},{"cards_removed":["Defend_R"],"damage_healed":0,"gold_gain":0,"player_choice":"Gave Gold","damage_taken":0,"max_hp_gain":0,"max_hp_loss":0,"event_name":"Beggar","floor":19,"gold_loss":75},{"damage_healed":0,"gold_gain":0,"player_choice":"Upgrade","damage_taken":0,"max_hp_gain":0,"max_hp_loss":0,"event_name":"Designer","floor":22,"gold_loss":40,"cards_upgraded":["Perfected Strike"]},{"damage_healed":0,"gold_gain":0,"player_choice":"Ignored","damage_taken":0,"max_hp_gain":0,"max_hp_loss":0,"event_name":"N\u0027loth","floor":30,"gold_loss":0},{"damage_healed":0,"gold_gain":0,"player_choice":"Ignored","damage_taken":0,"max_hp_gain":0,"max_hp_loss":0,"event_name":"SecretPortal","floor":37,"gold_loss":0}],"is_beta":false,"boss_relics":[{"not_picked":["Runic Dome","Orrery"],"picked":"White Beast Statue"},{"not_picked":["Runic Pyramid","Coffee Dripper"],"picked":"Black Star"}],"items_purged_floors":[36],"is_endless":false,"potions_floor_spawned":[1,2,13,16,18,20,21,24,25,27,29,31,33,35,38,39],"killed_by":"Giant Head","ascension_level":0}