{"gold_per_floor":[115,190,38,38,16,43,43,61,61,12,12,27,27,27,27,124,124,136,10,10,40,15,41,41,51,51,63,94,106,33,56,68,80],"floor_reached":33,"playtime":1087,"items_purged":[],"score":285,"play_id":"c6cb0c02-009f-49ba-bf47-08977c8e74c4","local_time":"20190814080002","is_ascension_mode":true,"campfire_choices":[{"floor":11,"key":"REST"},{"data":"Dualcast","floor":13,"key":"SMITH"},{"data":"Redo","floor":15,"key":"SMITH"},{"floor":24,"key":"REST"},{"floor":27,"key":"REST"},{"floor":29,"key":"REST"},{"floor":32,"key":"REST"}],"neow_cost":"NONE","seed_source_timestamp":200339016565810,"circlet_count":0,"master_deck":["Strike_B","Strike_B","Strike_B","Strike_B","Defend_B","Defend_B","Defend_B","Defend_B","Zap+1","Dualcast+1","Ball Lightning","Stack","Loop","Genetic Algorithm","Rebound","Loop","Redo+1","Regret","Multi-Cast","Barrage","Sweeping Beam","Doom and Gloom","Writhe","Cold Snap","Leap+1","Turbo","Ball Lightning+1","Pain","FTL","Turbo","Echo Form","Leap+1","Reinforced Body+1"],"relics":["Cracked Core","Dream Catcher","Strawberry","Matryoshka","Art of War","Symbiotic Virus","Boot","Cursed Key","Nilry\u0027s Codex","Tiny Chest","Pen Nib","MawBank","Kunai","Gambling Chip"],"potions_floor_usage":[16,16,23,28,31,31],"damage_taken":[{"damage":2,"enemies":"Jaw Worm","floor":1,"turns":3},{"damage":16,"enemies":"Lagavulin","floor":6,"turns":6},{"damage":0,"enemies":"2 Louse","floor":8,"turns":2},{"damage":7,"enemies":"Small Slimes","floor":12,"turns":3},{"damage":33,"enemies":"The Guardian","floor":16,"turns":7},{"damage":8,"enemies":"3 Byrds","floor":18,"turns":3},{"damage":36,"enemies":"Gremlin Leader","floor":23,"turns":7},{"damage":28,"enemies":"Shell Parasite","floor":25,"turns":4},{"damage":37,"enemies":"3 Cultists","floor":28,"turns":4},{"damage":15,"enemies":"Cultist and Chosen","floor":31,"turns":4},{"damage":45,"enemies":"Collector","floor":33,"turns":3}],"seed_played":"-8931779117103322045","potions_obtained":[{"floor":6,"key":"AttackPotion"},{"floor":8,"key":"Dexterity Potion"},{"floor":16,"key":"SpeedPotion"},{"floor":18,"key":"Poison Potion"},{"floor":25,"key":"LiquidBronze"},{"floor":28,"key":"Dexterity Potion"},{"floor":31,"key":"SpeedPotion"}],"is_trial":false,"path_per_floor":["M","?","$","?","$","E","?","M","T","$","R","M","R","?","R","B",null,"M","$","?","?","$","E","R","M","T","R","M","R","?","M","R","B"],"character_chosen":"DEFECT","items_purchased":["Strawberry","Stack","Rebound","Sweeping Beam","Doom and Gloom","Cold Snap"],"campfire_rested":5,"item_purchase_floors":[3,5,10,19,19,22],"current_hp_per_floor":[73,62,69,69,69,53,53,53,53,53,77,70,70,70,70,37,82,74,74,58,58,58,22,46,18,18,42,5,29,29,14,38,0],"gold":80,"neow_bonus":"RANDOM_COMMON_RELIC","is_prod":false,"is_daily":false,"chose_seed":false,"campfire_upgraded":2,"win_rate":0,"timestamp":1565780402,"path_taken":["M","?","$","?","$","E","?","M","T","$","R","M","R","?","R","BOSS","M","$","?","?","$","E","R","M","T","R","M","R","?","M","R","BOSS"],"build_version":"2019-07-17","purchased_purges":0,"victory":false,"max_hp_per_floor":[75,75,82,82,82,82,82,82,82,82,82,82,82,82,82,82,82,82,82,82,82,82,82,82,82,82,82,82,82,82,82,82,82],"card_choices":[{"not_picked":["Steam","Hologram"],"picked":"Ball Lightning","floor":1},{"not_picked":["Storm","Barrage"],"picked":"Loop","floor":6},{"not_picked":["Consume","Cold Snap"],"picked":"Genetic Algorithm","floor":8},{"not_picked":["Coolheaded","Blizzard"],"picked":"Loop","floor":11},{"not_picked":["Loop","Coolheaded"],"picked":"Redo","floor":12},{"not_picked":["Biased Cognition","Thunder Strike"],"picked":"Multi-Cast","floor":16},{"not_picked":["Stack","Ball Lightning+1"],"picked":"Barrage","floor":18},{"not_picked":["Core Surge","Rebound"],"picked":"Leap+1","floor":23},{"not_picked":["Fusion","Conserve Battery+1"],"picked":"Turbo","floor":24},{"not_picked":["Steam Power+1","Force Field+1"],"picked":"Ball Lightning+1","floor":25},{"not_picked":["Force Field","Go for the Eyes+1"],"picked":"FTL","floor":27},{"not_picked":["Go for the Eyes","Doom and Gloom+1"],"picked":"Turbo","floor":28},{"not_picked":["Rebound","Steam"],"picked":"Echo Form","floor":29},{"not_picked":["Consume+1","Steam Power+1"],"picked":"Leap+1","floor":31},{"not_picked":["Rip and Tear+1","Aggregate"],"picked":"Reinforced Body+1","floor":32}],"player_experience":306362,"relics_obtained":[{"floor":6,"key":"Matryoshka"},{"floor":9,"key":"Art of War"},{"floor":9,"key":"Symbiotic Virus"},{"floor":20,"key":"Nilry\u0027s Codex"},{"floor":23,"key":"Pen Nib"},{"floor":26,"key":"MawBank"},{"floor":26,"key":"Kunai"}],"event_choices":[{"damage_healed":0,"gold_gain":75,"player_choice":"Gather Gold","damage_taken":11,"max_hp_gain":0,"max_hp_loss":0,"event_name":"World of Goop","floor":2,"gold_loss":0},{"damage_healed":0,"gold_gain":0,"player_choice":"Grow","damage_taken":0,"max_hp_gain":0,"max_hp_loss":0,"event_name":"Living Wall","floor":4,"gold_loss":0,"cards_upgraded":["Zap"]},{"damage_healed":0,"gold_gain":0,"player_choice":"Ignored","damage_taken":0,"max_hp_gain":0,"max_hp_loss":0,"event_name":"Golden Wing","floor":7,"gold_loss":0},{"damage_healed":0,"gold_gain":0,"player_choice":"Box","damage_taken":0,"relics_obtained":["Boot"],"max_hp_gain":0,"max_hp_loss":0,"event_name":"Big Fish","floor":14,"gold_loss":0,"cards_obtained":["Regret"]},{"damage_healed":0,"gold_gain":0,"player_choice":"Obtained Book","damage_taken":16,"max_hp_gain":0,"max_hp_loss":0,"event_name":"Cursed Tome","floor":20,"gold_loss":0},{"damage_healed":0,"gold_gain":0,"player_choice":"Opened","damage_taken":0,"relics_obtained":["Tiny Chest"],"max_hp_gain":0,"max_hp_loss":0,"event_name":"The Mausoleum","floor":21,"gold_loss":0,"cards_obtained":["Writhe"]},{"damage_healed":0,"gold_gain":0,"player_choice":"Obtained Relic","damage_taken":0,"relics_obtained":["Gambling Chip"],"max_hp_gain":0,"max_hp_loss":0,"event_name":"Addict","floor":30,"gold_loss":85}],"is_beta":false,"boss_relics":[{"not_picked":["Coffee Dripper","Astrolabe"],"picked":"Cursed Key"}],"items_purged_floors":[],"is_endless":false,"potions_floor_spawned":[6,8,16,18,25,28,31],"killed_by":"Collector","ascension_level":2}