{"gold_per_floor":[112,124,124,138,138,138,182,200,200,238,238,294,314,655,655,655],"floor_reached":16,"playtime":1012,"items_purged":[],"score":211,"play_id":"aa15f150-c5b7-41d9-aa9c-8a17928607e0","local_time":"20181110191706","is_ascension_mode":true,"campfire_choices":[{"floor":6.0,"key":"REST"},{"floor":11,"key":"REST"},{"floor":15,"key":"REST"}],"neow_cost":"NONE","seed_source_timestamp":0,"circlet_count":0,"master_deck":["AscendersBane","Defend_G","Defend_G","Defend_G","Defend_G","Defend_G","Strike_G+1","Strike_G","Strike_G","Strike_G","Strike_G","Survivor+1","Neutralize","Poisoned Stab","Quick Slash","Bouncing Flask","Deflect","Poisoned Stab","Backflip","Riddle With Holes","Burst"],"special_seed":0,"relics":["Ring of the Snake","Golden Idol","Darkstone Periapt","Pear","Blood Vial","Tiny Chest","Old Coin"],"potions_floor_usage":[7,7,14],"damage_taken":[{"damage":3.0,"enemies":"Jaw Worm","floor":1.0,"turns":6.0},{"damage":0.0,"enemies":"Cultist","floor":2.0,"turns":3.0},{"damage":0.0,"enemies":"2 Louse","floor":4.0,"turns":3.0},{"damage":28,"enemies":"Gremlin Nob","floor":7,"turns":4},{"damage":2,"enemies":"Red Slaver","floor":8,"turns":4},{"damage":26,"enemies":"Lagavulin","floor":10,"turns":6},{"damage":10,"enemies":"Large Slime","floor":13,"turns":5},{"damage":23,"enemies":"3 Sentries","floor":14,"turns":10},{"damage":47,"enemies":"The Guardian","floor":16,"turns":9}],"seed_played":"-5614150317874306055","potions_obtained":[{"floor":2.0,"key":"EntropicBrew"},{"floor":7,"key":"FairyPotion"},{"floor":13,"key":"Fire Potion"}],"is_trial":false,"path_per_floor":["M","M","?","M","?","R","E","M","T","E","R","T","M","E","R","B"],"character_chosen":"THE_SILENT","items_purchased":[],"campfire_rested":3,"item_purchase_floors":[],"current_hp_per_floor":[67,67,48,48,33,56,28,26,36,10,36,36,28,7,33,0],"gold":655,"neow_bonus":"TEN_PERCENT_HP_BONUS","is_prod":false,"is_daily":false,"chose_seed":false,"campfire_upgraded":0,"win_rate":0,"timestamp":1541895426,"path_taken":["M","M","?","M","?","R","E","M","T","E","R","?","?","E","R","BOSS"],"build_version":"2018-11-08","purchased_purges":0,"victory":false,"max_hp_per_floor":[77,77,77,77,77,77,77,77,87,87,87,87,87,87,87,87],"card_choices":[{"not_picked":["Blade Dance","Eviscerate"],"picked":"Poisoned Stab","floor":1.0},{"not_picked":["PiercingWail","Outmaneuver"],"picked":"Quick Slash","floor":2.0},{"not_picked":["Blade Dance","Outmaneuver"],"picked":"Bouncing Flask","floor":4.0},{"not_picked":["Underhanded Strike","Prepared"],"picked":"Deflect","floor":7},{"not_picked":["Tactician","Expertise"],"picked":"Poisoned Stab","floor":8},{"not_picked":["Cloak And Dagger","Phantasmal Killer"],"picked":"Backflip","floor":10},{"not_picked":["Prepared","Backflip"],"picked":"Riddle With Holes","floor":13},{"not_picked":["Acrobatics","Cloak And Dagger"],"picked":"Burst","floor":14}],"player_experience":1969991,"relics_obtained":[{"floor":7,"key":"Darkstone Periapt"},{"floor":9,"key":"Pear"},{"floor":10,"key":"Blood Vial"},{"floor":12,"key":"Tiny Chest"},{"floor":14,"key":"Old Coin"}],"event_choices":[{"damage_healed":0.0,"max_hp_gain":0.0,"max_hp_loss":0.0,"gold_gain":0.0,"event_name":"Golden Idol","player_choice":"Take Damage","floor":3.0,"gold_loss":0.0,"damage_taken":19.0,"relics_obtained":["Golden Idol"]},{"damage_healed":0.0,"max_hp_gain":0.0,"max_hp_loss":0.0,"gold_gain":0.0,"event_name":"Shining Light","player_choice":"Entered Light","floor":5.0,"gold_loss":0.0,"damage_taken":15.0,"cards_upgraded":["Survivor","Strike_G"]}],"is_beta":false,"boss_relics":[],"items_purged_floors":[],"is_endless":false,"potions_floor_spawned":[2,7,13],"killed_by":"The Guardian","ascension_level":11}