{"gold_per_floor":[119,294,41,57,7,42,42,59,59,59,74,100,115,141,141,244,244,260,260,41,41,41,68,83,83,160,186,201,231,231,260,260,359,359,379,379,35,50,68,68,93,93,93,112,127,158,0,15,15,15],"floor_reached":51,"playtime":3875,"items_purged":["Doubt","Strike_R"],"score":883,"play_id":"71a07688-7213-4603-a945-3a237f2a9951","local_time":"20191026202803","is_ascension_mode":true,"campfire_choices":[{"data":"Apotheosis","floor":7,"key":"SMITH"},{"data":"Uppercut","floor":15,"key":"SMITH"},{"floor":25,"key":"REST"},{"floor":30,"key":"REST"},{"floor":32,"key":"REST"},{"floor":40,"key":"REST"},{"floor":42,"key":"REST"},{"floor":49,"key":"REST"}],"neow_cost":"NONE","seed_source_timestamp":956286589195600,"circlet_count":0,"master_deck":["Strike_R","Strike_R","Strike_R+1","Defend_R","Defend_R","Defend_R","Bash+1","Apotheosis+1","Ghostly Armor","Uppercut+1","Evolve","Cleave","Flame Barrier","Heavy Blade","Impervious","Demon Form+1","True Grit+1","Whirlwind","Cleave","Inflame","Ghostly Armor","Flex+1","Double Tap","Madness","Dropkick+1","Parasite","Shrug It Off+1","Infernal Blade","Flex"],"relics":["Burning Blood","NeowsBlessing","Peace Pipe","FossilizedHelix","Bottled Flame","Dead Branch","Sozu","Vajra","Mummified Hand","Kunai","Boot","Oddly Smooth Stone","Whetstone","Black Star","Dream Catcher","Lantern","Gambling Chip","Letter Opener","Strawberry","Orichalcum","Red Mask"],"potions_floor_usage":[14,27,50],"damage_taken":[{"damage":0,"enemies":"2 Louse","floor":1,"turns":1},{"damage":0,"enemies":"Jaw Worm","floor":4,"turns":1},{"damage":0,"enemies":"Gremlin Nob","floor":6,"turns":1},{"damage":4,"enemies":"Cultist","floor":8,"turns":3},{"damage":0,"enemies":"Exordium Wildlife","floor":11,"turns":6},{"damage":10,"enemies":"3 Sentries","floor":12,"turns":5},{"damage":18,"enemies":"Exordium Thugs","floor":13,"turns":6},{"damage":5,"enemies":"Gremlin Nob","floor":14,"turns":4},{"damage":13,"enemies":"Slime Boss","floor":16,"turns":9},{"damage":0,"enemies":"Chosen","floor":18,"turns":5},{"damage":31,"enemies":"Book of Stabbing","floor":23,"turns":6},{"damage":5,"enemies":"3 Byrds","floor":24,"turns":4},{"damage":29,"enemies":"Slavers","floor":27,"turns":4},{"damage":10,"enemies":"3 Cultists","floor":28,"turns":4},{"damage":27,"enemies":"Gremlin Leader","floor":29,"turns":6},{"damage":3,"enemies":"Book of Stabbing","floor":31,"turns":5},{"damage":47,"enemies":"Collector","floor":33,"turns":9},{"damage":0,"enemies":"3 Darklings","floor":35,"turns":6},{"damage":0,"enemies":"Orb Walker","floor":38,"turns":3},{"damage":33,"enemies":"Writhing Mass","floor":39,"turns":7},{"damage":40,"enemies":"Giant Head","floor":41,"turns":9},{"damage":0,"enemies":"Spire Growth","floor":44,"turns":4},{"damage":6,"enemies":"4 Shapes","floor":45,"turns":4},{"damage":24,"enemies":"Nemesis","floor":46,"turns":9},{"damage":13,"enemies":"3 Darklings","floor":48,"turns":4},{"damage":67,"enemies":"Donu and Deca","floor":50,"turns":11}],"seed_played":"-1367625729334825433","potions_obtained":[{"floor":1,"key":"AttackPotion"},{"floor":4,"key":"Strength Potion"},{"floor":6,"key":"Energy Potion"}],"is_trial":false,"path_per_floor":["M","?","$","M","?","E","R","M","T","?","M","E","M","E","R","B",null,"M","?","$","?","$","E","M","R","T","E","M","E","R","E","R","B",null,"M","?","$","M","M","R","E","R","T","M","M","E","?","M","R","B",null],"character_chosen":"IRONCLAD","items_purchased":["Apotheosis","Vajra","Whirlwind","Madness","Dream Catcher"],"campfire_rested":6,"item_purchase_floors":[3,20,20,37,37],"current_hp_per_floor":[80,80,80,80,80,80,80,80,80,80,80,76,64,65,65,58,80,80,80,80,80,80,55,56,80,80,57,53,32,56,59,80,39,80,80,80,80,80,53,77,43,67,67,73,73,62,62,55,81,20],"gold":15,"neow_bonus":"THREE_ENEMY_KILL","is_prod":false,"is_daily":false,"chose_seed":false,"campfire_upgraded":2,"win_rate":0,"timestamp":1572114483,"path_taken":["M","?","$","M","?","E","R","M","T","?","M","E","?","E","R","BOSS","M","?","?","?","?","E","M","R","T","E","M","E","R","E","R","BOSS","M","?","$","M","M","R","E","R","T","M","?","E","?","M","R","BOSS"],"build_version":"2019-07-17","purchased_purges":2,"victory":true,"max_hp_per_floor":[80,80,80,80,80,80,80,80,80,80,80,80,80,80,80,80,80,80,80,80,80,80,80,80,80,80,80,80,80,80,80,80,80,80,80,80,80,80,80,80,80,80,80,80,80,87,87,87,87,87],"card_choices":[{"not_picked":["Dual Wield","Thunderclap","Wild Strike"],"picked":"SKIP","floor":1},{"not_picked":["Seeing Red","Iron Wave"],"picked":"Ghostly Armor","floor":4},{"not_picked":["Juggernaut","Clash"],"picked":"Uppercut","floor":6},{"not_picked":["Havoc","Body Slam","Thunderclap"],"picked":"SKIP","floor":8},{"not_picked":["Anger","Bloodletting"],"picked":"Cleave","floor":11},{"not_picked":["Clothesline","Dropkick"],"picked":"Flame Barrier","floor":12},{"not_picked":["Sword Boomerang","Iron Wave"],"picked":"Heavy Blade","floor":13},{"not_picked":["Pommel Strike","Cleave"],"picked":"Impervious","floor":14},{"not_picked":["Feed","Offering"],"picked":"Demon Form","floor":16},{"not_picked":["Clash+1","Uppercut+1"],"picked":"True Grit+1","floor":18},{"not_picked":["Perfected Strike","Whirlwind"],"picked":"Cleave","floor":23},{"not_picked":["Rampage+1","Perfected Strike","Intimidate+1"],"picked":"SKIP","floor":24},{"not_picked":["Twin Strike","Clothesline"],"picked":"Inflame","floor":27},{"not_picked":["Havoc+1","Armaments","Whirlwind"],"picked":"SKIP","floor":28},{"not_picked":["Perfected Strike","Armaments"],"picked":"Ghostly Armor","floor":29},{"not_picked":["Shockwave","Carnage"],"picked":"Flex+1","floor":31},{"not_picked":["Bludgeon","Juggernaut"],"picked":"Double Tap","floor":33},{"not_picked":["Warcry+1","Cleave","Carnage+1"],"picked":"SKIP","floor":35},{"not_picked":["Wild Strike","Carnage"],"picked":"Dropkick+1","floor":38},{"not_picked":["Flex","Armaments"],"picked":"Shrug It Off+1","floor":39},{"not_picked":["Rampage+1","Body Slam"],"picked":"Infernal Blade","floor":40},{"not_picked":["Whirlwind+1","Hemokinesis+1","Sword Boomerang"],"picked":"SKIP","floor":41},{"not_picked":["Shrug It Off+1","Clothesline+1"],"picked":"Flex","floor":42},{"not_picked":["Anger+1","Inflame+1","Havoc+1"],"picked":"SKIP","floor":44},{"not_picked":["True Grit","Perfected Strike+1","Seeing Red"],"picked":"SKIP","floor":45},{"not_picked":["True Grit","Cleave+1","Demon Form"],"picked":"SKIP","floor":46},{"not_picked":["Sword Boomerang+1","Flex","Wild Strike+1"],"picked":"SKIP","floor":48}],"player_experience":136620,"relics_obtained":[{"floor":6,"key":"Peace Pipe"},{"floor":9,"key":"FossilizedHelix"},{"floor":12,"key":"Bottled Flame"},{"floor":14,"key":"Dead Branch"},{"floor":23,"key":"Mummified Hand"},{"floor":26,"key":"Kunai"},{"floor":27,"key":"Boot"},{"floor":29,"key":"Oddly Smooth Stone"},{"floor":31,"key":"Whetstone"},{"floor":41,"key":"Lantern"},{"floor":41,"key":"Gambling Chip"},{"floor":43,"key":"Letter Opener"},{"floor":46,"key":"Strawberry"},{"floor":46,"key":"Orichalcum"}],"event_choices":[{"damage_healed":0,"gold_gain":175,"player_choice":"AGREE","damage_taken":0,"max_hp_gain":0,"max_hp_loss":0,"event_name":"Liars Game","floor":2,"gold_loss":0,"cards_obtained":["Doubt"]},{"cards_removed":["Defend_R"],"damage_healed":0,"gold_gain":0,"player_choice":"Card Removal","damage_taken":0,"max_hp_gain":0,"max_hp_loss":0,"event_name":"The Cleric","floor":5,"gold_loss":50},{"damage_healed":0,"gold_gain":0,"cards_transformed":["Strike_R"],"player_choice":"Transformed","damage_taken":0,"max_hp_gain":0,"max_hp_loss":0,"event_name":"Transmorgrifier","floor":10,"gold_loss":0,"cards_obtained":["Evolve"]},{"damage_healed":0,"gold_gain":0,"player_choice":"Got Potions","damage_taken":0,"max_hp_gain":0,"max_hp_loss":0,"event_name":"Lab","floor":19,"gold_loss":0},{"damage_healed":0,"gold_gain":0,"player_choice":"Ignored","damage_taken":0,"max_hp_gain":0,"max_hp_loss":0,"event_name":"Ghosts","floor":21,"gold_loss":0},{"damage_healed":0,"gold_gain":0,"player_choice":"Upgraded","damage_taken":0,"max_hp_gain":0,"max_hp_loss":0,"event_name":"Upgrade Shrine","floor":36,"gold_loss":0,"cards_upgraded":["Demon Form"]},{"damage_healed":0,"gold_gain":0,"player_choice":"Paid","damage_taken":0,"relics_obtained":["Red Mask"],"max_hp_gain":0,"max_hp_loss":0,"event_name":"Tomb of Lord Red Mask","floor":47,"gold_loss":158}],"is_beta":false,"boss_relics":[{"not_picked":["Pandora\u0027s Box","Runic Dome"],"picked":"Sozu"},{"not_picked":["Calling Bell","Orrery"],"picked":"Black Star"}],"items_purged_floors":[3,37],"is_endless":false,"potions_floor_spawned":[1,4,6,8,24,27,31,35,39,44],"ascension_level":2}