{"gold_per_floor":[214,230,250,262,262,262,291,291,291,307,45,55,65,76,76,152,152,163,177,177,102,15,15],"floor_reached":23,"playtime":3067,"items_purged":[],"score":390,"play_id":"63538e30-544c-40a1-8471-b30f6c17331c","local_time":"20190828222539","is_ascension_mode":true,"campfire_choices":[{"floor":6,"key":"REST"},{"floor":15,"key":"REST"}],"neow_cost":"NONE","seed_source_timestamp":856243467501072,"circlet_count":0,"master_deck":["AscendersBane","Strike_R","Strike_R","Strike_R","Strike_R","Defend_R+1","Defend_R","Defend_R","Defend_R+1","Bash","Power Through","Flame Barrier","Anger","Sword Boomerang","Body Slam","Offering","Rampage","Heavy Blade","Double Tap","Impervious","Combust","Anger","Intimidate"],"relics":["Burning Blood","Blue Candle","Unceasing Top","Red Skull","Cursed Key"],"potions_floor_usage":[3,7,16,16,23,23],"damage_taken":[{"damage":14,"enemies":"Jaw Worm","floor":1,"turns":4},{"damage":11,"enemies":"2 Louse","floor":2,"turns":5},{"damage":1,"enemies":"Small Slimes","floor":3,"turns":5},{"damage":1,"enemies":"3 Louse","floor":4,"turns":4},{"damage":42,"enemies":"3 Sentries","floor":7,"turns":12},{"damage":17,"enemies":"Exordium Wildlife","floor":10,"turns":7},{"damage":6,"enemies":"2 Fungi Beasts","floor":12,"turns":3},{"damage":10,"enemies":"Large Slime","floor":13,"turns":6},{"damage":6,"enemies":"Looter","floor":14,"turns":3},{"damage":45,"enemies":"The Guardian","floor":16,"turns":12},{"damage":11,"enemies":"Chosen","floor":18,"turns":6},{"damage":10,"enemies":"Spheric Guardian","floor":19,"turns":4},{"damage":68,"enemies":"Book of Stabbing","floor":23,"turns":5}],"seed_played":"-2423545070920496056","potions_obtained":[{"floor":1,"key":"SteroidPotion"},{"floor":2,"key":"Dexterity Potion"},{"floor":7,"key":"Strength Potion"},{"floor":10,"key":"FearPotion"},{"floor":12,"key":"Strength Potion"},{"floor":18,"key":"SpeedPotion"},{"floor":19,"key":"Regen Potion"}],"is_trial":false,"path_per_floor":["M","M","M","M","?","R","E","?","T","M","$","M","M","M","R","B",null,"M","M","?","?","$","E"],"character_chosen":"IRONCLAD","items_purchased":["Offering","Red Skull","Intimidate"],"campfire_rested":2,"item_purchase_floors":[11,11,22],"current_hp_per_floor":[60,55,60,65,42,64,28,53,53,42,42,42,38,38,60,21,62,57,53,53,53,53,0],"gold":15,"neow_bonus":"HUNDRED_GOLD","is_prod":false,"is_daily":false,"chose_seed":false,"campfire_upgraded":0,"win_rate":0,"timestamp":1567045539,"path_taken":["M","M","M","M","?","R","E","?","T","M","$","M","M","M","R","BOSS","M","M","?","?","$","E"],"build_version":"2019-01-23","purchased_purges":0,"victory":false,"max_hp_per_floor":[75,75,75,75,75,75,75,75,75,75,75,75,75,75,75,75,75,75,75,75,75,75,75],"card_choices":[{"not_picked":["Evolve","Pommel Strike"],"picked":"Power Through","floor":1},{"not_picked":["Sever Soul","Infernal Blade"],"picked":"Flame Barrier","floor":2},{"not_picked":["Clash","Havoc"],"picked":"Anger","floor":3},{"not_picked":["Second Wind","Exhume","Body Slam"],"picked":"SKIP","floor":4},{"not_picked":["Iron Wave","Pummel"],"picked":"Sword Boomerang","floor":7},{"not_picked":["Wild Strike","Perfected Strike"],"picked":"Body Slam","floor":10},{"not_picked":["Headbutt","Pommel Strike"],"picked":"Rampage","floor":12},{"not_picked":["Entrench","Havoc"],"picked":"Heavy Blade","floor":13},{"not_picked":["Sword Boomerang","Flex"],"picked":"Double Tap","floor":14},{"not_picked":["Double Tap","Berserk"],"picked":"Impervious","floor":16},{"not_picked":["Twin Strike","Heavy Blade"],"picked":"Combust","floor":18},{"not_picked":["Cleave","Fire Breathing+1"],"picked":"Anger","floor":19}],"player_experience":2873032,"relics_obtained":[{"floor":7,"key":"Blue Candle"},{"floor":9,"key":"Unceasing Top"}],"event_choices":[{"damage_healed":0,"gold_gain":0,"player_choice":"Entered Light","damage_taken":23,"max_hp_gain":0,"max_hp_loss":0,"event_name":"Shining Light","floor":5,"gold_loss":0,"cards_upgraded":["Defend_R","Defend_R"]},{"damage_healed":25,"gold_gain":0,"player_choice":"Banana","damage_taken":0,"max_hp_gain":0,"max_hp_loss":0,"event_name":"Big Fish","floor":8,"gold_loss":0},{"damage_healed":0,"gold_gain":0,"player_choice":"Ignored","damage_taken":0,"max_hp_gain":0,"max_hp_loss":0,"event_name":"Ghosts","floor":20,"gold_loss":0},{"cards_removed":["Strike_R"],"damage_healed":0,"gold_gain":0,"player_choice":"Gave Gold","damage_taken":0,"max_hp_gain":0,"max_hp_loss":0,"event_name":"Beggar","floor":21,"gold_loss":75}],"is_beta":false,"boss_relics":[{"not_picked":["Black Blood","Pandora\u0027s Box"],"picked":"Cursed Key"}],"items_purged_floors":[],"is_endless":false,"potions_floor_spawned":[1,2,7,10,12,18,19],"killed_by":"Book of Stabbing","ascension_level":20}