{"gold_per_floor":[111,111,121,132,151,151,180,180,180,180,191,207,10,10,10,82,82,102,102,102,102,7,40,40,5,5,15,33,33,33,44,44,44],"floor_reached":33,"playtime":1840,"items_purged":[],"score":530,"play_id":"4ed7421c-3814-446a-982c-60dbf84c80e3","local_time":"20190728213157","is_ascension_mode":true,"campfire_choices":[{"data":"Clothesline","floor":6.0,"key":"SMITH"},{"data":"Cleave","floor":8.0,"key":"SMITH"},{"data":"Metallicize","floor":10.0,"key":"SMITH"},{"data":"Inflame","floor":15,"key":"SMITH"},{"floor":24,"key":"REST"},{"floor":29,"key":"REST"},{"floor":32,"key":"REST"}],"neow_cost":"NONE","seed_source_timestamp":0,"circlet_count":0,"master_deck":["AscendersBane","Strike_R","Strike_R","Strike_R","Strike_R","Strike_R","Defend_R","Defend_R","Defend_R","Defend_R","Bash","True Grit+1","Cleave+1","Ghostly Armor","Clothesline+1","Metallicize+1","Offering","Inflame+1","Immolate","Battle Trance","Feed","Combust","Rage","Pummel","Headbutt+1","Rupture","Combust","Power Through","Flame Barrier"],"special_seed":0,"relics":["Burning Blood","Ancient Tea Set","Anchor","The Courier","Mark of Pain","Mercury Hourglass","Gambling Chip","Vajra"],"potions_floor_usage":[16,33],"damage_taken":[{"damage":9.0,"enemies":"2 Louse","floor":1.0,"turns":3.0},{"damage":36.0,"enemies":"Jaw Worm","floor":3.0,"turns":6.0},{"damage":6.0,"enemies":"Small Slimes","floor":4.0,"turns":4.0},{"damage":3.0,"enemies":"Blue Slaver","floor":5.0,"turns":7.0},{"damage":21.0,"enemies":"Lagavulin","floor":7.0,"turns":6.0},{"damage":2.0,"enemies":"2 Fungi Beasts","floor":11.0,"turns":3.0},{"damage":0.0,"enemies":"Lots of Slimes","floor":12.0,"turns":2.0},{"damage":43,"enemies":"Slime Boss","floor":16,"turns":10},{"damage":19,"enemies":"3 Byrds","floor":18,"turns":5},{"damage":47,"enemies":"Gremlin Leader","floor":23,"turns":6},{"damage":18,"enemies":"Shell Parasite","floor":27,"turns":5},{"damage":15,"enemies":"Snake Plant","floor":28,"turns":3},{"damage":39,"enemies":"Shelled Parasite and Fungi","floor":31,"turns":5},{"damage":40,"enemies":"Collector","floor":33,"turns":4}],"seed_played":"7736763420005216963","potions_obtained":[{"floor":4.0,"key":"AttackPotion"},{"floor":5.0,"key":"BloodPotion"},{"floor":12.0,"key":"Regen Potion"},{"floor":31,"key":"FearPotion"}],"is_trial":false,"path_per_floor":["M","?","M","M","M","R","E","R","T","R","M","M","$","?","R","B",null,"M","?","?","T","$","E","R","$","T","M","M","R","?","M","R","B"],"character_chosen":"IRONCLAD","items_purchased":["Immolate","Battle Trance","Rage","Pummel","Rupture"],"campfire_rested":3,"item_purchase_floors":[13,13,22,22,25],"current_hp_per_floor":[65,65,35,35,38,38,30,30,30,30,34,40,40,45,45,23,66,56,56,56,56,56,15,39,39,39,27,18,42,42,12,37,0],"gold":44,"neow_bonus":"RANDOM_COMMON_RELIC","is_prod":false,"is_daily":false,"chose_seed":false,"campfire_upgraded":4,"win_rate":0,"timestamp":1564363917,"path_taken":["M","?","M","M","M","R","E","R","T","R","M","M","$","?","R","BOSS","M","?","?","?","?","E","R","$","T","M","M","R","?","M","R","BOSS"],"build_version":"2019-01-23","purchased_purges":0,"victory":false,"max_hp_per_floor":[75,75,75,75,75,75,75,75,75,75,75,75,75,80,80,80,80,83,83,83,83,83,83,83,83,83,83,83,83,83,86,86,86],"card_choices":[{"not_picked":["Fire Breathing","Sword Boomerang"],"picked":"True Grit","floor":1.0},{"not_picked":["Body Slam","Heavy Blade"],"picked":"Cleave","floor":3.0},{"not_picked":["Hemokinesis","Searing Blow"],"picked":"Ghostly Armor","floor":4.0},{"not_picked":["Headbutt","Anger"],"picked":"Clothesline","floor":5.0},{"not_picked":["Shrug It Off","Whirlwind"],"picked":"Metallicize","floor":7.0},{"not_picked":["Flex","Body Slam"],"picked":"Offering","floor":11.0},{"not_picked":["Reckless Charge","Twin Strike"],"picked":"Inflame","floor":12.0},{"not_picked":["Brutality","Exhume"],"picked":"Feed","floor":16},{"not_picked":["Uppercut","Burning Pact"],"picked":"Combust","floor":18},{"not_picked":["Cleave","Burning Pact"],"picked":"Headbutt+1","floor":23},{"not_picked":["Reckless Charge","Hemokinesis"],"picked":"Combust","floor":27},{"not_picked":["Fire Breathing","Anger"],"picked":"Power Through","floor":28},{"not_picked":["Havoc","Dual Wield"],"picked":"Flame Barrier","floor":31}],"player_experience":2743151,"relics_obtained":[{"floor":7.0,"key":"Anchor"},{"floor":9.0,"key":"The Courier"},{"floor":21,"key":"Mercury Hourglass"},{"floor":23,"key":"Gambling Chip"},{"floor":26,"key":"Vajra"}],"event_choices":[{"damage_healed":0.0,"max_hp_gain":0.0,"max_hp_loss":0.0,"gold_gain":0.0,"event_name":"Living Wall","player_choice":"Grow","floor":2.0,"gold_loss":0.0,"damage_taken":0.0,"cards_upgraded":["True Grit"]},{"damage_healed":0.0,"max_hp_gain":5.0,"max_hp_loss":0.0,"gold_gain":0.0,"event_name":"Big Fish","player_choice":"Donut","floor":14.0,"gold_loss":0.0,"damage_taken":0.0},{"damage_healed":0,"gold_gain":0,"player_choice":"Ignored","damage_taken":0,"max_hp_gain":0,"max_hp_loss":0,"event_name":"Vampires","floor":19,"gold_loss":0},{"damage_healed":0,"gold_gain":0,"player_choice":"Ignored","damage_taken":0,"max_hp_gain":0,"max_hp_loss":0,"event_name":"The Mausoleum","floor":20,"gold_loss":0},{"damage_healed":0,"gold_gain":0,"player_choice":"Ignored","damage_taken":0,"max_hp_gain":0,"max_hp_loss":0,"event_name":"WeMeetAgain","floor":30,"gold_loss":0}],"is_beta":false,"boss_relics":[{"not_picked":["Black Star","Black Blood"],"picked":"Mark of Pain"}],"items_purged_floors":[],"is_endless":false,"potions_floor_spawned":[4,5,12,31],"killed_by":"Collector","ascension_level":20}