{"gold_per_floor":[117,127,107,22,22,22,22,22,22,83,83,83,1,13,13,112,112,126,51,67,32,46,46,56,56,83,102,102],"floor_reached":28,"playtime":1699,"items_purged":[],"score":335,"play_id":"dfa1b35a-9289-4c19-8d92-aee4c2e77ce1","local_time":"20181018195200","is_ascension_mode":true,"campfire_choices":[{"data":"Rage","floor":6,"key":"SMITH"},{"data":"Spot Weakness","floor":8,"key":"SMITH"},{"data":"Fiend Fire","floor":12,"key":"SMITH"},{"data":"Shrug It Off","floor":15,"key":"SMITH"},{"data":"Limit Break","floor":23,"key":"SMITH"},{"data":"Clothesline","floor":25,"key":"SMITH"}],"neow_cost":"NONE","seed_source_timestamp":119409169870029,"circlet_count":0,"master_deck":["Strike_R","Strike_R","Strike_R","Strike_R","Defend_R","Defend_R","Defend_R","Defend_R","Bash","AscendersBane","Twin Strike","Spot Weakness+1","Rage+1","Twin Strike","Bash","Clash","Fiend Fire+1","Feel No Pain+1","Shrug It Off+1","Limit Break+1","Cleave+1","Feel No Pain+1","Clothesline+1","True Grit+1"],"relics":["Burning Blood","Art of War","Frozen Egg 2","Tiny Chest","Letter Opener","Busted Crown","Smiling Mask"],"potions_floor_usage":[10,24,27],"damage_taken":[{"damage":5,"enemies":"Small Slimes","floor":1,"turns":4},{"damage":1,"enemies":"Cultist","floor":2,"turns":3},{"damage":30,"enemies":"Lagavulin","floor":10,"turns":6},{"damage":0,"enemies":"2 Louse","floor":14,"turns":2},{"damage":43,"enemies":"The Guardian","floor":16,"turns":10},{"damage":1,"enemies":"Chosen","floor":18,"turns":3},{"damage":0,"enemies":"Shell Parasite","floor":20,"turns":3},{"damage":11,"enemies":"3 Cultists","floor":22,"turns":5},{"damage":15,"enemies":"Shelled Parasite and Fungi","floor":24,"turns":4},{"damage":31,"enemies":"Centurion and Healer","floor":27,"turns":7},{"damage":52,"enemies":"Book of Stabbing","floor":28,"turns":5}],"seed_played":"-8531774611530695989","potions_obtained":[{"floor":1,"key":"Poison Potion"},{"floor":3,"key":"FairyPotion"},{"floor":18,"key":"Block Potion"},{"floor":22,"key":"Block Potion"}],"is_trial":false,"path_per_floor":["M","M","?","$","?","R","$","R","T","E","T","R","$","M","R","B",null,"M","?","M","$","M","R","M","R","T","M"],"character_chosen":"IRONCLAD","items_purchased":["Rage","Twin Strike","Feel No Pain+1","Feel No Pain+1"],"campfire_rested":0,"item_purchase_floors":[4,4,13,21],"current_hp_per_floor":[73,78,78,78,78,78,78,78,78,54,54,54,54,60,60,23,66,71,71,77,77,72,72,63,63,63,38,0],"gold":102,"neow_bonus":"RANDOM_COMMON_RELIC","is_prod":false,"is_daily":false,"chose_seed":false,"campfire_upgraded":6,"win_rate":0,"timestamp":1539906720,"path_taken":["M","M","?","$","?","R","$","R","T","E","?","R","?","M","R","BOSS","M","?","M","?","M","R","M","R","T","M","E"],"build_version":"2018-10-11","purchased_purges":0,"victory":false,"max_hp_per_floor":[80,80,80,80,80,80,80,80,80,80,80,80,80,80,80,80,80,80,80,80,80,80,80,80,80,80,80,80],"card_choices":[{"not_picked":["Reckless Charge","Warcry"],"picked":"Twin Strike","floor":1},{"not_picked":["Shrug It Off","Power Through"],"picked":"Spot Weakness","floor":2},{"not_picked":["Body Slam","Armaments"],"picked":"Fiend Fire","floor":10},{"not_picked":["Dual Wield","Thunderclap"],"picked":"Shrug It Off","floor":14},{"not_picked":["Fiend Fire","Offering"],"picked":"Limit Break","floor":16},{"not_picked":["Hemokinesis"],"picked":"SKIP","floor":18},{"not_picked":[],"picked":"Cleave+1","floor":20},{"not_picked":[],"picked":"Clothesline","floor":22},{"not_picked":["Wild Strike"],"picked":"SKIP","floor":24},{"not_picked":[],"picked":"True Grit+1","floor":27}],"player_experience":1870787,"relics_obtained":[{"floor":9,"key":"Frozen Egg 2"},{"floor":10,"key":"Tiny Chest"},{"floor":11,"key":"Letter Opener"},{"floor":26,"key":"Smiling Mask"}],"event_choices":[{"event_name":"The Woman in Blue","player_choice":"Bought 1 Potion","floor":3,"damage_taken":0},{"event_name":"Match and Keep!","player_choice":"2 cards matched","floor":5,"damage_taken":0},{"event_name":"Beggar","player_choice":"Gave Gold","floor":19,"damage_taken":0}],"is_beta":false,"boss_relics":[{"not_picked":["Philosopher\u0027s Stone","Orrery"],"picked":"Busted Crown"}],"items_purged_floors":[],"is_endless":false,"potions_floor_spawned":[1,18,22],"killed_by":"Book of Stabbing","ascension_level":11}