{"gold_per_floor":[43,86,86,131,131,131,170,170,244,278,278,311,358,508,508,587,587,604,99,374,144,162,162,162,222,249,294,294,308,308,33,33,112,112,127,127,46,46,63,63,94,94,94,171,171,202,202,202],"floor_reached":48,"playtime":4432,"items_purged":["Strike_P"],"score":1103,"play_id":"c2afb5d9-b10c-4ce4-a27d-99c7cd406cd2","local_time":"20191014213438","is_ascension_mode":true,"campfire_choices":[{"data":"Eruption","floor":6,"key":"SMITH"},{"data":"ForeignInfluence","floor":8,"key":"SMITH"},{"data":"Wish","floor":11,"key":"SMITH"},{"floor":15,"key":"REST"},{"data":"SashWhip","floor":23,"key":"SMITH"},{"data":"Nirvana","floor":28,"key":"SMITH"},{"floor":32,"key":"REST"},{"data":"Omniscience","floor":40,"key":"SMITH"},{"floor":47,"key":"RECALL"}],"neow_cost":"NO_GOLD","seed_source_timestamp":10694158518283,"circlet_count":0,"master_deck":["AscendersBane","Strike_P","Strike_P","Defend_P","Defend_P","Defend_P","Eruption+1","Vigilance","Wish+1","SashWhip+1","EmptyBody","TalkToTheHand","ForeignInfluence+1","FlyingSleeves","Protect","ThirdEye","Omniscience+1","Nirvana+1","Crescendo+1","InnerPeace+1","CutThroughFate","Halt+1","EmptyBody+1","ThirdEye+1","Wallop","Alpha+1","Enlightenment+1","Omniscience+1","WaveOfTheHand+1","Decay","LikeWater","Sanctity+1"],"relics":["PureWater","StrikeDummy","Omamori","Girya","VioletLotus","Toxic Egg 2","Centennial Puzzle","MutagenicStrength","Tiny Chest","Lantern","Pen Nib","Cursed Key","Ornamental Fan","Torii"],"potions_floor_usage":[7,10,12,18,18,25,29,44,48],"damage_taken":[{"damage":12,"enemies":"2 Louse","floor":1,"turns":6},{"damage":6,"enemies":"Cultist","floor":2,"turns":4},{"damage":5,"enemies":"Jaw Worm","floor":4,"turns":5},{"damage":20,"enemies":"Exordium Thugs","floor":7,"turns":4},{"damage":5,"enemies":"Lagavulin","floor":10,"turns":7},{"damage":11,"enemies":"3 Sentries","floor":12,"turns":3},{"damage":1,"enemies":"Blue Slaver","floor":13,"turns":5},{"damage":17,"enemies":"The Guardian","floor":16,"turns":13},{"damage":2,"enemies":"2 Thieves","floor":18,"turns":2},{"damage":5,"enemies":"Spheric Guardian","floor":22,"turns":3},{"damage":20,"enemies":"Gremlin Leader","floor":25,"turns":5},{"damage":0,"enemies":"Centurion and Healer","floor":27,"turns":7},{"damage":14,"enemies":"Shelled Parasite and Fungi","floor":29,"turns":8},{"damage":18,"enemies":"Champ","floor":33,"turns":31},{"damage":0,"enemies":"3 Shapes","floor":35,"turns":4},{"damage":12,"enemies":"3 Darklings","floor":39,"turns":4},{"damage":6,"enemies":"Giant Head","floor":41,"turns":6},{"damage":8,"enemies":"Writhing Mass","floor":44,"turns":8},{"damage":5,"enemies":"Nemesis","floor":46,"turns":9},{"damage":14,"enemies":"Reptomancer","floor":48,"turns":5}],"seed_played":"5220933492805199087","potions_obtained":[{"floor":5,"key":"AttackPotion"},{"floor":5,"key":"Block Potion"},{"floor":7,"key":"Regen Potion"},{"floor":13,"key":"SkillPotion"},{"floor":16,"key":"Explosive Potion"},{"floor":41,"key":"SkillPotion"}],"is_trial":false,"path_per_floor":["M","M","?","M","?","R","M","R","T","E","R","E","M","?","R","B",null,"M","$","?","$","M","R","?","E","T","M","R","M","?","$","R","B",null,"M","?","$","?","M","R","E","?","T","M","T","E","R","E"],"character_chosen":"WATCHER","items_purchased":["Toxic Egg 2","Nirvana","BottledMiracle","Crescendo+1","Centennial Puzzle","AttackPotion","Pen Nib","ThirdEye+1","Wallop","DuplicationPotion"],"campfire_rested":2,"item_purchase_floors":[19,19,19,19,21,21,31,31,31,37],"current_hp_per_floor":[49,43,36,31,31,31,11,11,11,21,21,10,9,9,29,12,54,52,52,52,52,47,47,47,27,27,27,27,13,13,13,33,15,55,55,45,45,45,33,33,27,27,27,19,19,14,14,0],"gold":202,"neow_bonus":"THREE_RARE_CARDS","is_prod":false,"is_daily":false,"chose_seed":false,"campfire_upgraded":6,"win_rate":0,"timestamp":1571042078,"path_taken":["M","M","?","M","?","R","M","R","T","E","R","E","?","?","R","BOSS","M","$","?","?","M","R","?","E","T","M","R","M","?","$","R","BOSS","M","?","$","?","?","R","E","?","T","M","?","E","R","E"],"build_version":"2019-10-11","purchased_purges":1,"victory":false,"max_hp_per_floor":[68,68,68,68,68,68,68,68,68,68,68,68,68,68,68,68,68,68,68,68,68,68,68,68,68,68,68,68,68,68,68,68,68,68,68,68,68,68,68,68,68,68,68,68,68,68,68,68],"card_choices":[{"not_picked":["Blasphemy","Omniscience"],"picked":"Wish","floor":0},{"not_picked":["Crescendo","Halt"],"picked":"SashWhip","floor":1},{"not_picked":["Brilliance","MentalFortress"],"picked":"EmptyBody","floor":2},{"not_picked":["WindmillStrike","Sanctity"],"picked":"TalkToTheHand","floor":4},{"not_picked":["Prostrate","Sanctity"],"picked":"ForeignInfluence","floor":7},{"not_picked":["CrushJoints","WheelKick"],"picked":"FlyingSleeves","floor":10},{"not_picked":["Sanctity","SandsOfTime"],"picked":"Protect","floor":12},{"not_picked":["Crescendo","CutThroughFate"],"picked":"ThirdEye","floor":13},{"not_picked":["DevaForm","Establishment"],"picked":"Omniscience","floor":16},{"not_picked":["FlyingSleeves","FlurryOfBlows","Protect"],"picked":"SKIP","floor":18},{"not_picked":["Protect+1","Halt+1"],"picked":"InnerPeace+1","floor":22},{"not_picked":["Indignation+1","WaveOfTheHand+1"],"picked":"CutThroughFate","floor":25},{"not_picked":["CrushJoints","PathToVictory+1"],"picked":"Halt+1","floor":27},{"not_picked":["Conclude","SashWhip"],"picked":"EmptyBody+1","floor":29},{"not_picked":["ConjureBlade+1","Devotion"],"picked":"Alpha+1","floor":33},{"not_picked":["Pray+1","Crescendo+1","Prostrate+1"],"picked":"SKIP","floor":35},{"not_picked":["Dramatic Entrance","Secret Weapon+1"],"picked":"Enlightenment+1","floor":36},{"not_picked":["FollowUp+1","Consecrate","Fasting2+1"],"picked":"SKIP","floor":39},{"not_picked":["Swivel+1","SashWhip"],"picked":"WaveOfTheHand+1","floor":41},{"not_picked":["FlurryOfBlows","Prostrate+1"],"picked":"LikeWater","floor":44},{"not_picked":["Devotion","Crescendo+1"],"picked":"Sanctity+1","floor":46}],"player_experience":1552509,"relics_obtained":[{"floor":9,"key":"StrikeDummy"},{"floor":10,"key":"Omamori"},{"floor":12,"key":"Girya"},{"floor":25,"key":"Tiny Chest"},{"floor":26,"key":"Lantern"},{"floor":41,"key":"Ornamental Fan"},{"floor":46,"key":"Torii"}],"event_choices":[{"cards_removed":["Defend_P"],"damage_healed":0,"gold_gain":0,"player_choice":"Card Removal","damage_taken":7,"max_hp_gain":0,"max_hp_loss":0,"event_name":"Golden Wing","floor":3,"gold_loss":0},{"damage_healed":0,"gold_gain":0,"player_choice":"Got Potions","damage_taken":0,"max_hp_gain":0,"max_hp_loss":0,"event_name":"Lab","floor":5,"gold_loss":0},{"damage_healed":0,"gold_gain":150,"player_choice":"AGREE","damage_taken":0,"max_hp_gain":0,"max_hp_loss":0,"event_name":"Liars Game","floor":14,"gold_loss":0,"cards_obtained":["Doubt"]},{"damage_healed":0,"gold_gain":275,"player_choice":"Desecrate","damage_taken":0,"max_hp_gain":0,"max_hp_loss":0,"event_name":"Golden Shrine","floor":20,"gold_loss":0,"cards_obtained":["Regret"]},{"damage_healed":0,"gold_gain":0,"player_choice":"Inject Mutagens","damage_taken":0,"relics_obtained":["MutagenicStrength"],"max_hp_gain":0,"max_hp_loss":0,"event_name":"Drug Dealer","floor":24,"gold_loss":0},{"damage_healed":0,"gold_gain":0,"player_choice":"Ignored","damage_taken":0,"max_hp_gain":0,"max_hp_loss":0,"event_name":"Cursed Tome","floor":30,"gold_loss":0},{"damage_healed":0,"gold_gain":0,"player_choice":"Memory 3","damage_taken":10,"max_hp_gain":0,"max_hp_loss":0,"event_name":"SensoryStone","floor":36,"gold_loss":0},{"damage_healed":0,"gold_gain":0,"player_choice":"Copied","damage_taken":0,"max_hp_gain":0,"max_hp_loss":0,"event_name":"Duplicator","floor":38,"gold_loss":0,"cards_obtained":["Omniscience"]},{"cards_removed":["Strike_P"],"damage_healed":0,"gold_gain":0,"player_choice":"Removed Attack","damage_taken":0,"max_hp_gain":0,"max_hp_loss":0,"event_name":"Falling","floor":42,"gold_loss":0}],"is_beta":true,"boss_relics":[{"not_picked":["Empty Cage","Tiny House"],"picked":"VioletLotus"},{"not_picked":["Busted Crown","Astrolabe"],"picked":"Cursed Key"}],"items_purged_floors":[19],"is_endless":false,"potions_floor_spawned":[7,13,16,22,41],"killed_by":"Reptomancer","ascension_level":20}