{"gold_per_floor":[109,109,5,16,32,58,58,58,58,58,69,99,99,110,110,206,206,206,161,161,161,46,46],"floor_reached":23,"playtime":5429,"items_purged":["Defend_R"],"score":221,"play_id":"d481db1e-acc7-4c93-8dc0-54f531a81571","local_time":"20180715225950","is_ascension_mode":true,"campfire_choices":[{"floor":7,"key":"REST"},{"floor":10,"key":"REST"},{"floor":15,"key":"REST"}],"neow_cost":"NONE","seed_source_timestamp":1899183380334201,"circlet_count":0,"master_deck":["Strike_R","Strike_R","Strike_R","Strike_R","Strike_R","Defend_R","Bash","Double Tap","Feel No Pain","Shrug It Off","Pummel","Feel No Pain","Shrug It Off","Demon Form","Dual Wield","Armaments","Heavy Blade","Limit Break","Spot Weakness","Disarm","Rampage","Flame Barrier"],"relics":["Burning Blood","Pantograph","Centennial Puzzle","Oddly Smooth Stone","Ectoplasm"],"potions_floor_usage":[12,12,21,21,23],"damage_taken":[{"damage":16,"enemies":"Small Slimes","floor":1,"turns":4},{"damage":1,"enemies":"Cultist","floor":4,"turns":3},{"damage":6,"enemies":"2 Louse","floor":5,"turns":4},{"damage":46,"enemies":"Lagavulin","floor":6,"turns":10},{"damage":13,"enemies":"Blue Slaver","floor":11,"turns":5},{"damage":24,"enemies":"3 Sentries","floor":12,"turns":8},{"damage":3,"enemies":"2 Fungi Beasts","floor":14,"turns":6},{"damage":66,"enemies":"The Guardian","floor":16,"turns":11},{"damage":6,"enemies":"3 Byrds","floor":18,"turns":9},{"damage":24,"enemies":"2 Thieves","floor":19,"turns":4},{"damage":25,"enemies":"Centurion and Healer","floor":21,"turns":6},{"damage":53,"enemies":"Gremlin Leader","floor":23,"turns":5}],"seed_played":"-4861879218399220638","potions_obtained":[{"floor":4,"key":"Fire Potion"},{"floor":11,"key":"SkillPotion"},{"floor":16,"key":"SpeedPotion"},{"floor":18,"key":"EssenceOfSteel"},{"floor":19,"key":"Swift Potion"}],"is_trial":false,"path_per_floor":["M","?","$","M","M","E","R","$","T","R","M","E","?","M","R","B",null,"M","M","?","M","$"],"character_chosen":"IRONCLAD","items_purchased":["Shrug It Off","Pummel","Flame Barrier"],"campfire_rested":3,"item_purchase_floors":[3,3,22],"current_hp_per_floor":[70,70,70,75,75,35,59,59,59,80,73,55,48,51,75,20,80,80,62,62,43,43,0],"gold":46,"neow_bonus":"ONE_RANDOM_RARE_CARD","is_prod":false,"is_daily":false,"chose_seed":false,"campfire_upgraded":0,"win_rate":0,"timestamp":1531709990,"path_taken":["M","?","$","M","M","E","R","$","T","R","M","E","?","?","R","BOSS","M","M","?","M","$","E"],"build_version":"2018-06-21v2","purchased_purges":1,"victory":false,"max_hp_per_floor":[80,80,80,80,80,80,80,80,80,80,80,80,80,80,80,80,80,80,80,80,80,80,80],"card_choices":[{"not_picked":["Clothesline","Sever Soul"],"picked":"Feel No Pain","floor":1},{"not_picked":["Body Slam","Infernal Blade"],"picked":"Feel No Pain","floor":4},{"not_picked":["Body Slam","Anger"],"picked":"Shrug It Off","floor":5},{"not_picked":["Feed","Shrug It Off"],"picked":"Demon Form","floor":6},{"not_picked":["Warcry","Inflame"],"picked":"Dual Wield","floor":11},{"not_picked":["Flex","Sword Boomerang"],"picked":"Armaments","floor":12},{"not_picked":["Flame Barrier","Uppercut"],"picked":"Heavy Blade","floor":14},{"not_picked":["Reaper","Barricade"],"picked":"Limit Break","floor":16},{"not_picked":["Sentinel","Dual Wield"],"picked":"Spot Weakness","floor":18},{"not_picked":["Entrench","Clash"],"picked":"Disarm","floor":19},{"not_picked":["Clothesline","Reckless Charge"],"picked":"Rampage","floor":21}],"player_experience":1290731,"relics_obtained":[{"floor":6,"key":"Pantograph"},{"floor":9,"key":"Centennial Puzzle"},{"floor":12,"key":"Oddly Smooth Stone"}],"event_choices":[{"event_name":"Purifier","player_choice":"One Purge","floor":2,"damage_taken":0},{"event_name":"Golden Wing","player_choice":"Card Removal","floor":13,"damage_taken":0},{"event_name":"Beggar","player_choice":"Ignored","floor":20,"damage_taken":0}],"boss_relics":[{"not_picked":["Astrolabe","Black Blood"],"picked":"Ectoplasm"}],"items_purged_floors":[22],"is_endless":false,"potions_floor_spawned":[4,11,16,18,19],"killed_by":"Gremlin Leader","ascension_level":2}