{"gold_per_floor":[16,35,0,15,31,31,59,75,75,92,102,113,113,129,129,129],"floor_reached":16,"playtime":1707,"items_purged":[],"score":216,"play_id":"cc5fe9bc-65ca-4384-be42-c3074bedfacc","local_time":"20191025182349","is_ascension_mode":true,"campfire_choices":[{"data":"Neutralize","floor":6,"key":"SMITH"},{"floor":13,"key":"REST"},{"data":"Noxious Fumes","floor":15,"key":"SMITH"}],"neow_cost":"NO_GOLD","seed_source_timestamp":2164834065997671,"circlet_count":0,"master_deck":["AscendersBane","Defend_G","Defend_G","Defend_G","Defend_G","Defend_G","Strike_G","Strike_G","Strike_G","Strike_G","Strike_G","Survivor","Neutralize+1","Dodge and Roll","Dagger Spray","Masterful Stab","Deadly Poison","Catalyst","Sucker Punch","Dagger Spray","Deadly Poison","Noxious Fumes+1"],"relics":["Ring of the Snake","Mango","Lantern","StoneCalendar"],"potions_floor_usage":[7,7,8,16,16],"damage_taken":[{"damage":7,"enemies":"Jaw Worm","floor":1,"turns":8},{"damage":0,"enemies":"Small Slimes","floor":2,"turns":4},{"damage":4,"enemies":"2 Louse","floor":4,"turns":3},{"damage":7,"enemies":"Large Slime","floor":5,"turns":7},{"damage":46,"enemies":"3 Sentries","floor":7,"turns":15},{"damage":31,"enemies":"Exordium Thugs","floor":8,"turns":7},{"damage":5,"enemies":"Exordium Wildlife","floor":10,"turns":3},{"damage":0,"enemies":"3 Louse","floor":11,"turns":3},{"damage":8,"enemies":"Lots of Slimes","floor":12,"turns":3},{"damage":0,"enemies":"Blue Slaver","floor":14,"turns":3},{"damage":33,"enemies":"Slime Boss","floor":16,"turns":6}],"seed_played":"7669594113233318600","potions_obtained":[{"floor":2,"key":"Swift Potion"},{"floor":5,"key":"Regen Potion"},{"floor":7,"key":"Regen Potion"},{"floor":10,"key":"LiquidBronze"},{"floor":11,"key":"Poison Potion"}],"is_trial":false,"path_per_floor":["M","M","?","M","M","R","E","M","T","M","M","M","R","M","R","B"],"character_chosen":"THE_SILENT","items_purchased":[],"campfire_rested":1,"item_purchase_floors":[],"current_hp_per_floor":[66,66,80,76,69,69,38,22,22,17,17,9,33,33,33,0],"gold":129,"neow_bonus":"ONE_RARE_RELIC","is_prod":false,"is_daily":false,"chose_seed":false,"campfire_upgraded":2,"win_rate":0,"timestamp":1572042229,"path_taken":["M","M","?","M","M","R","E","M","T","M","M","M","R","M","R","BOSS"],"build_version":"2019-01-23","purchased_purges":0,"victory":false,"max_hp_per_floor":[80,80,80,80,80,80,80,80,80,80,80,80,80,80,80,80],"card_choices":[{"not_picked":["Prepared","Calculated Gamble"],"picked":"Dodge and Roll","floor":1},{"not_picked":["Quick Slash","Blur"],"picked":"Dagger Spray","floor":2},{"not_picked":["Cloak And Dagger","Tactician"],"picked":"Masterful Stab","floor":4},{"not_picked":["Dagger Throw","Blade Dance"],"picked":"Deadly Poison","floor":5},{"not_picked":["Sucker Punch","Outmaneuver"],"picked":"Catalyst","floor":7},{"not_picked":["Prepared","Concentrate"],"picked":"Sucker Punch","floor":8},{"not_picked":["Acrobatics","Cloak And Dagger"],"picked":"Dagger Spray","floor":10},{"not_picked":["Acrobatics","Deflect"],"picked":"Deadly Poison","floor":11},{"not_picked":["Backflip","Calculated Gamble"],"picked":"Noxious Fumes","floor":12},{"not_picked":["Outmaneuver","Choke","Dash"],"picked":"SKIP","floor":14}],"player_experience":3073945,"relics_obtained":[{"floor":7,"key":"Lantern"},{"floor":9,"key":"StoneCalendar"}],"event_choices":[{"damage_healed":20,"gold_gain":0,"player_choice":"Healed","damage_taken":0,"max_hp_gain":0,"max_hp_loss":0,"event_name":"The Cleric","floor":3,"gold_loss":35}],"is_beta":false,"boss_relics":[],"items_purged_floors":[],"is_endless":false,"potions_floor_spawned":[2,5,7,10,11],"killed_by":"Slime Boss","ascension_level":20}