{"gold_per_floor":[113,133,145,220,220,220,252,252,252,252,266,266],"floor_reached":12,"playtime":1271,"items_purged":[],"score":94,"play_id":"fd019d9f-2ec9-4435-8b30-9b124392389d","local_time":"20180726133032","is_ascension_mode":true,"campfire_choices":[{"floor":6,"key":"REST"},{"floor":8,"key":"REST"},{"floor":10,"key":"REST"}],"neow_cost":"NONE","seed_source_timestamp":2059522481375174,"circlet_count":0,"master_deck":["Defend_G","Defend_G","Defend_G","Defend_G","Defend_G","Strike_G","Strike_G+1","Strike_G","Strike_G","Survivor","Neutralize","Setup+1","Deflect","Quick Slash","Endless Agony+1","Prepared"],"relics":["Ring of the Snake","Molten Egg 2","Potion Belt"],"potions_floor_usage":[7,7],"damage_taken":[{"damage":5,"enemies":"Small Slimes","floor":1,"turns":4},{"damage":0,"enemies":"2 Louse","floor":2,"turns":3},{"damage":0,"enemies":"Jaw Worm","floor":3,"turns":7},{"damage":39,"enemies":"Lagavulin","floor":7,"turns":8},{"damage":0,"enemies":"Blue Slaver","floor":11,"turns":3},{"damage":69,"enemies":"Gremlin Nob","floor":12,"turns":5}],"seed_played":"1154731458994944920","potions_obtained":[{"floor":2,"key":"Swift Potion"},{"floor":3,"key":"Fire Potion"}],"is_trial":false,"path_per_floor":["M","M","M","?","?","R","E","R","T","R","M"],"character_chosen":"THE_SILENT","items_purchased":[],"campfire_rested":3,"item_purchase_floors":[],"current_hp_per_floor":[65,65,65,54,40,61,22,43,43,64,64,0],"gold":266,"neow_bonus":"REMOVE_CARD","is_prod":false,"is_daily":false,"chose_seed":false,"campfire_upgraded":0,"win_rate":0,"timestamp":1532626232,"path_taken":["M","M","M","?","?","R","E","R","T","R","M","E"],"build_version":"2018-07-19v2","purchased_purges":0,"victory":false,"max_hp_per_floor":[70,70,70,70,70,70,70,70,70,70,70,70],"card_choices":[{"not_picked":["Dagger Throw","Prepared"],"picked":"Setup","floor":1},{"not_picked":["Bane","Dodge and Roll"],"picked":"Deflect","floor":2},{"not_picked":["Acrobatics","Slice"],"picked":"Quick Slash","floor":3},{"not_picked":["Sucker Punch","Dodge and Roll"],"picked":"Endless Agony","floor":7},{"not_picked":["Poisoned Stab+1","Eviscerate+1"],"picked":"Prepared","floor":11}],"player_experience":1336996,"relics_obtained":[{"floor":7,"key":"Molten Egg 2"},{"floor":9,"key":"Potion Belt"}],"event_choices":[{"event_name":"World of Goop","player_choice":"Gather Gold","floor":4,"damage_taken":0},{"event_name":"Shining Light","player_choice":"Entered Light","floor":5,"damage_taken":0}],"is_beta":false,"boss_relics":[],"items_purged_floors":[],"is_endless":false,"potions_floor_spawned":[2,3],"killed_by":"Gremlin Nob","ascension_level":4}