{"gold_per_floor":[119,70,70,70,70,70,70,70,152,4,41,53,65,93,105,117],"floor_reached":16,"playtime":420,"items_purged":[],"score":132,"play_id":"2f50b947-50c9-42d5-8c9b-cccdf70414bf","local_time":"20180913233217","is_ascension_mode":true,"campfire_choices":[{"floor":6,"key":"REST"},{"data":"White Noise","floor":8,"key":"SMITH"},{"floor":12,"key":"REST"},{"data":"Dualcast","floor":15,"key":"SMITH"}],"neow_cost":"","seed_source_timestamp":132223329624204,"circlet_count":0,"master_deck":["Strike_B","Strike_B","Strike_B","Strike_B+1","Defend_B","Defend_B","Defend_B","Defend_B","Zap+1","Dualcast+1","White Noise+1","Force Field","Turbo"],"relics":["Cracked Core","Anchor","Lantern","Bird Faced Urn","Shuriken","MawBank","Turnip"],"potions_floor_usage":[],"damage_taken":[{"damage":10,"enemies":"Small Slimes","floor":1,"turns":3},{"damage":34,"enemies":"Gremlin Nob","floor":11,"turns":4},{"damage":0,"enemies":"2 Louse","floor":14,"turns":3},{"damage":59,"enemies":"Slime Boss","floor":16,"turns":7}],"seed_played":"-5276918182711189714","potions_obtained":[{"floor":1,"key":"Energy Potion"}],"is_trial":false,"path_per_floor":["M","?","T","?","?","R","?","R","T","$","E","R","$","M","R"],"character_chosen":"DEFECT","items_purchased":["MawBank"],"campfire_rested":2,"item_purchase_floors":[10],"current_hp_per_floor":[58,58,58,51,36,58,58,58,58,58,26,48,48,50,50,0],"gold":117,"neow_bonus":"","is_prod":false,"is_daily":false,"chose_seed":false,"campfire_upgraded":2,"win_rate":0,"timestamp":1536895937,"path_taken":["M","?","?","?","?","R","?","R","T","$","E","R","$","M","R","BOSS"],"build_version":"2018-08-23v2","purchased_purges":0,"victory":false,"max_hp_per_floor":[75,75,75,75,75,75,75,75,75,75,75,75,75,75,75,75],"card_choices":[{"not_picked":["Steam","Redo"],"picked":"White Noise","floor":1},{"not_picked":["Coolheaded","Sunder"],"picked":"Force Field","floor":11},{"not_picked":["Steam","Steam Power"],"picked":"Turbo","floor":14}],"player_experience":1707567,"relics_obtained":[{"floor":3,"key":"Anchor"},{"floor":9,"key":"Shuriken"},{"floor":11,"key":"Turnip"}],"event_choices":[{"event_name":"World of Goop","player_choice":"Left","floor":2,"damage_taken":0},{"event_name":"Scrap Ooze","player_choice":"success","floor":4,"damage_taken":7},{"event_name":"Shining Light","player_choice":"Entered Light","floor":5,"damage_taken":0},{"event_name":"Dead Adventurer","player_choice":"Searched \u00271\u0027 times","floor":7,"damage_taken":0}],"is_beta":false,"boss_relics":[],"items_purged_floors":[],"is_endless":false,"potions_floor_spawned":[1],"killed_by":"Slime Boss","ascension_level":8}