{"gold_per_floor":[16,33,52,72,72,99,99,126,181,195,195,207,218,238,238,311,311,284,300,215,230,130,130,130],"floor_reached":24,"playtime":3434,"items_purged":[],"score":524,"play_id":"f1a17648-6556-43c5-8f6d-d82381b7798d","local_time":"20190922195610","is_ascension_mode":true,"campfire_choices":[{"data":"BattleHymn","floor":7.0,"key":"SMITH"},{"data":"CrushJoints","floor":15.0,"key":"SMITH"},{"data":"Devotion","floor":23,"key":"SMITH"}],"neow_cost":"NO_GOLD","seed_source_timestamp":0,"circlet_count":0,"master_deck":["AscendersBane","Strike_P","Strike_P","Strike_P","Defend_P","Defend_P+1","Defend_P","Defend_P+1","Eruption+1","Vigilance+1","LessonLearned+1","BattleHymn+1","EmptyBody","Protect+1","CutThroughFate+1","Establishment+1","EmptyMind","CrushJoints+1","ThirdEye+1","Brilliance","MasterReality","Devotion+1","Protect"],"special_seed":0,"relics":["PureWater","Oddly Smooth Stone","Mummified Hand","Lantern","Busted Crown","Boot"],"potions_floor_usage":[24],"damage_taken":[{"damage":2.0,"enemies":"Small Slimes","floor":1.0,"turns":6.0},{"damage":4.0,"enemies":"Jaw Worm","floor":2.0,"turns":4.0},{"damage":0.0,"enemies":"2 Louse","floor":3.0,"turns":3.0},{"damage":0.0,"enemies":"Looter","floor":4.0,"turns":3.0},{"damage":2.0,"enemies":"Lagavulin","floor":6.0,"turns":7.0},{"damage":4.0,"enemies":"3 Sentries","floor":8.0,"turns":8.0},{"damage":8.0,"enemies":"3 Louse","floor":10.0,"turns":2.0},{"damage":0.0,"enemies":"2 Fungi Beasts","floor":12.0,"turns":4.0},{"damage":0.0,"enemies":"Looter","floor":13.0,"turns":4.0},{"damage":7.0,"enemies":"Large Slime","floor":14.0,"turns":5.0},{"damage":0,"enemies":"Slime Boss","floor":16,"turns":5},{"damage":8,"enemies":"2 Thieves","floor":18,"turns":4},{"damage":21,"enemies":"3 Byrds","floor":19,"turns":6},{"damage":3,"enemies":"Snake Plant","floor":21,"turns":4},{"damage":25,"enemies":"Slavers","floor":24,"turns":4}],"seed_played":"-1088509899611626736","potions_obtained":[{"floor":3.0,"key":"SpeedPotion"},{"floor":4.0,"key":"Fire Potion"},{"floor":6.0,"key":"Ambrosia"},{"floor":10.0,"key":"EssenceOfSteel"},{"floor":12.0,"key":"Weak Potion"},{"floor":14.0,"key":"StancePotion"}],"is_trial":false,"path_per_floor":["M","M","M","M","?","E","R","E","T","M","?","M","M","M","R","B",null,"M","M","?","M","$","R","E"],"character_chosen":"WATCHER","items_purchased":["Devotion","Protect"],"campfire_rested":0,"item_purchase_floors":[22,22],"current_hp_per_floor":[53,49,49,49,49,47,47,43,43,35,28,28,28,21,21,21,51,43,22,22,19,19,19,0],"gold":130,"neow_bonus":"THREE_RARE_CARDS","is_prod":false,"is_daily":false,"chose_seed":false,"campfire_upgraded":3,"win_rate":0,"timestamp":1569138970,"path_taken":["M","M","M","M","?","E","R","E","T","M","?","M","M","M","R","BOSS","M","M","?","M","$","R","E"],"build_version":"2019-09-20","purchased_purges":0,"victory":false,"max_hp_per_floor":[61,61,61,61,61,61,61,61,61,61,61,61,61,61,61,61,61,61,61,61,61,61,61,61],"card_choices":[{"not_picked":["MasterReality","Omniscience"],"picked":"LessonLearned","floor":0.0},{"not_picked":["ClearTheMind","Wireheading"],"picked":"BattleHymn","floor":1.0},{"not_picked":["Weave","JustLucky"],"picked":"EmptyBody","floor":2.0},{"not_picked":["StepAndStrike","BattleHymn"],"picked":"Protect","floor":3.0},{"not_picked":["WaveOfTheHand","ThirdEye"],"picked":"CutThroughFate","floor":4.0},{"not_picked":["Perseverance","Weave"],"picked":"Establishment","floor":6.0},{"not_picked":["WreathOfFlame","ClearTheMind"],"picked":"EmptyMind","floor":8.0},{"not_picked":["Prostrate","Establishment","ThirdEye"],"picked":"SKIP","floor":10.0},{"not_picked":["Establishment","Consecrate"],"picked":"CrushJoints","floor":12.0},{"not_picked":["Wireheading","FlyingSleeves"],"picked":"ThirdEye","floor":13.0},{"not_picked":["Wireheading","SashWhip"],"picked":"Brilliance","floor":14.0},{"not_picked":["Alpha","Adaptation"],"picked":"MasterReality","floor":16},{"not_picked":["FollowUp"],"picked":"SKIP","floor":18},{"not_picked":["Vengeance"],"picked":"SKIP","floor":19},{"not_picked":["Evaluate"],"picked":"SKIP","floor":21}],"player_experience":1204860,"relics_obtained":[{"floor":6.0,"key":"Oddly Smooth Stone"},{"floor":8.0,"key":"Mummified Hand"},{"floor":9.0,"key":"Lantern"}],"event_choices":[{"damage_healed":0.0,"max_hp_gain":0.0,"max_hp_loss":0.0,"gold_gain":0.0,"event_name":"Liars Game","player_choice":"Ignored","floor":5.0,"gold_loss":0.0,"damage_taken":0.0},{"cards_removed":["Strike_P"],"damage_healed":0.0,"max_hp_gain":0.0,"max_hp_loss":0.0,"gold_gain":0.0,"event_name":"Golden Wing","player_choice":"Card Removal","floor":11.0,"gold_loss":0.0,"damage_taken":7.0},{"damage_healed":0,"gold_gain":0,"player_choice":"Obtained Relic","damage_taken":0,"relics_obtained":["Boot"],"max_hp_gain":0,"max_hp_loss":0,"event_name":"Addict","floor":20,"gold_loss":85}],"is_beta":true,"boss_relics":[{"not_picked":["Pandora\u0027s Box","Coffee Dripper"],"picked":"Busted Crown"}],"items_purged_floors":[],"is_endless":false,"potions_floor_spawned":[3,4,6,10,12,13,14],"killed_by":"Slavers","ascension_level":20}