{"gold_per_floor":[216,216,72,90,60,92,92,127,127,141,3,3,17,17,17,93,93,103,35,53,53,65,65,100,117,117,117,127,127,127,142,142,219,219,234,62,82,82],"floor_reached":38,"playtime":5857,"items_purged":[],"score":772,"play_id":"1379273a-5f4b-49ed-b260-543191866473","local_time":"20190219003518","is_ascension_mode":true,"campfire_choices":[{"floor":7,"key":"REST"},{"floor":12,"key":"REST"},{"data":"Buffer","floor":15,"key":"SMITH"},{"floor":23,"key":"REST"},{"floor":27,"key":"REST"},{"floor":29,"key":"REST"},{"data":"1","floor":32,"key":"LIFT"}],"neow_cost":"NONE","seed_source_timestamp":798778911438543,"circlet_count":0,"master_deck":["AscendersBane","Strike_B","Strike_B","Strike_B","Strike_B","Defend_B","Defend_B","Zap","Dualcast+1","Streamline","Beam Cell","Hologram","Scrape","Skim","Beam Cell+1","Rip and Tear+1","Buffer+1","Go for the Eyes+1","Dark Shackles","Hologram","Core Surge+1","Sunder+1","Turbo+1","Writhe","Cold Snap+1","Auto Shields","Undo","Conserve Battery+1","All For One+1","Leap+1","Panache"],"relics":["Cracked Core","Molten Egg 2","Matryoshka","Vajra","Singing Bowl","Empty Cage","Emotion Chip","War Paint","Pantograph","Girya","Sozu"],"potions_floor_usage":[6,6,18,18,20,24,33],"damage_taken":[{"damage":4,"enemies":"Jaw Worm","floor":1,"turns":5},{"damage":1,"enemies":"Cultist","floor":4,"turns":3},{"damage":33,"enemies":"Gremlin Nob","floor":6,"turns":4},{"damage":34,"enemies":"3 Sentries","floor":8,"turns":9},{"damage":0,"enemies":"2 Louse","floor":10,"turns":1},{"damage":0,"enemies":"Exordium Wildlife","floor":13,"turns":3},{"damage":0,"enemies":"Slime Boss","floor":16,"turns":9},{"damage":26,"enemies":"2 Thieves","floor":18,"turns":4},{"damage":12,"enemies":"3 Byrds","floor":20,"turns":3},{"damage":18,"enemies":"Snake Plant","floor":22,"turns":3},{"damage":14,"enemies":"Gremlin Leader","floor":24,"turns":6},{"damage":11,"enemies":"Sentry and Sphere","floor":25,"turns":4},{"damage":10,"enemies":"Cultist and Chosen","floor":28,"turns":6},{"damage":14,"enemies":"Centurion and Healer","floor":31,"turns":4},{"damage":65,"enemies":"Champ","floor":33,"turns":12},{"damage":30,"enemies":"3 Darklings","floor":35,"turns":5},{"damage":16,"enemies":"3 Shapes","floor":37,"turns":5},{"damage":16,"enemies":"Writhing Mass","floor":38,"turns":1}],"seed_played":"2723729515764043753","potions_obtained":[{"floor":2,"key":"FearPotion"},{"floor":2,"key":"Swift Potion"},{"floor":8,"key":"EssenceOfSteel"},{"floor":16,"key":"SkillPotion"},{"floor":18,"key":"LiquidBronze"},{"floor":22,"key":"EssenceOfSteel"},{"floor":28,"key":"Swift Potion"}],"is_trial":false,"path_per_floor":["M","?","$","M","?","E","R","E","T","M","$","R","M","$","R","B",null,"M","$","M","?","M","R","E","M","T","R","M","R","?","M","R","B",null,"M","$","M","M"],"character_chosen":"DEFECT","items_purchased":["Beam Cell","Hologram","Scrape","Go for the Eyes+1","Dark Shackles","Sunder+1","Panache"],"campfire_rested":5,"item_purchase_floors":[3,3,3,11,11,19,36],"current_hp_per_floor":[60,60,60,59,59,26,47,13,13,13,13,34,34,34,34,34,62,38,38,26,26,8,29,15,4,4,25,15,36,60,48,48,8,58,28,28,14,0],"gold":82,"neow_bonus":"HUNDRED_GOLD","is_prod":false,"is_daily":false,"chose_seed":false,"campfire_upgraded":1,"win_rate":0,"timestamp":1550554518,"path_taken":["M","?","$","?","?","E","R","E","T","M","$","R","M","?","R","BOSS","M","$","?","?","M","R","E","M","T","R","M","R","?","M","R","BOSS","M","$","M","M"],"build_version":"2019-01-23","purchased_purges":0,"victory":false,"max_hp_per_floor":[71,71,71,71,71,71,71,71,71,71,71,71,71,71,71,71,71,73,73,73,73,73,73,73,73,73,73,73,73,73,75,75,75,75,75,75,77,77],"card_choices":[{"not_picked":["Leap","Barrage"],"picked":"Streamline","floor":1},{"not_picked":["Conserve Battery","Turbo"],"picked":"Skim","floor":4},{"not_picked":["Loop","Steam"],"picked":"Beam Cell","floor":6},{"not_picked":["Defragment","Coolheaded"],"picked":"Rip and Tear+1","floor":8},{"not_picked":["Stack","Leap"],"picked":"Buffer","floor":10},{"not_picked":["Conserve Battery","Glacier"],"picked":"Hologram","floor":13},{"not_picked":["Multi-Cast","Machine Learning"],"picked":"Core Surge+1","floor":16},{"not_picked":["Stack","Redo","Genetic Algorithm"],"picked":"Singing Bowl","floor":18},{"not_picked":["Rebound+1","Coolheaded"],"picked":"Turbo","floor":20},{"not_picked":["Ball Lightning+1","Melter+1"],"picked":"Cold Snap+1","floor":22},{"not_picked":["Static Discharge","Creative AI"],"picked":"Auto Shields","floor":24},{"not_picked":["Streamline+1","Aggregate"],"picked":"Undo","floor":25},{"not_picked":["Hologram","Darkness"],"picked":"Conserve Battery+1","floor":28},{"not_picked":["Defragment","Aggregate+1","Leap"],"picked":"Singing Bowl","floor":31},{"not_picked":["Amplify","Electrodynamics"],"picked":"All For One+1","floor":33},{"not_picked":["Stack","Redo"],"picked":"Leap+1","floor":35},{"not_picked":["Reprogram","Turbo","Leap"],"picked":"Singing Bowl","floor":37}],"player_experience":2290593,"relics_obtained":[{"floor":6,"key":"Molten Egg 2"},{"floor":8,"key":"Matryoshka"},{"floor":9,"key":"Vajra"},{"floor":9,"key":"Singing Bowl"},{"floor":24,"key":"War Paint"},{"floor":26,"key":"Pantograph"},{"floor":26,"key":"Girya"}],"event_choices":[{"damage_healed":0,"gold_gain":0,"player_choice":"Got Potions","damage_taken":0,"max_hp_gain":0,"max_hp_loss":0,"event_name":"Lab","floor":2,"gold_loss":0},{"damage_healed":0,"gold_gain":0,"player_choice":"Left Gold","damage_taken":0,"max_hp_gain":0,"max_hp_loss":0,"event_name":"World of Goop","floor":5,"gold_loss":30},{"damage_healed":0,"gold_gain":0,"player_choice":"Opened","damage_taken":0,"relics_obtained":["Emotion Chip"],"max_hp_gain":0,"max_hp_loss":0,"event_name":"The Mausoleum","floor":21,"gold_loss":0,"cards_obtained":["Writhe"]},{"damage_healed":24,"gold_gain":0,"player_choice":"Heal","damage_taken":0,"max_hp_gain":0,"max_hp_loss":0,"event_name":"The Library","floor":30,"gold_loss":0}],"is_beta":false,"boss_relics":[{"not_picked":["Black Star","Lizard Tail"],"picked":"Empty Cage"},{"not_picked":["Pandora\u0027s Box","Runic Dome"],"picked":"Sozu"}],"items_purged_floors":[],"is_endless":false,"potions_floor_spawned":[8,16,18,22,28,35],"killed_by":"Writhing Mass","ascension_level":14}