{"path_per_floor":["M","?","M","?","$","E","?","R","T","M","M","E","M","M","R","B",null,"M","?","?","?","$","E","R","?","T","$","M","T","$","E","R","B",null,"M","M","?","M","?","R","M","R","T","R","M","E","M","$","R","B"],"character_chosen":"IRONCLAD","items_purchased":["Carnage","Evolve","Rampage","Blind","Master of Strategy","Inflame","Second Wind"],"gold_per_floor":[110,110,123,123,41,68,68,68,68,78,92,120,138,148,148,249,249,259,259,159,159,52,84,84,334,360,195,209,209,19,54,54,154,154,169,184,184,197,197,197,207,207,207,207,226,255,269,28,28,28],"floor_reached":51,"campfire_rested":4,"playtime":5655,"current_hp_per_floor":[80,80,80,64,64,46,46,46,46,52,48,43,49,46,70,75,80,80,80,80,70,70,66,66,72,72,72,78,78,78,33,60,39,92,91,74,62,46,52,52,31,60,60,60,56,32,22,22,51,7],"items_purged":["Regret","Strike_R"],"gold":28,"score":599,"play_id":"38c0111e-b5f1-4f89-a06b-bb9cd7b41337","is_prod":false,"is_daily":false,"is_ascension_mode":false,"campfire_upgraded":1,"path_taken":["M","?","?","?","$","E","?","R","T","M","M","E","?","M","R","BOSS","M","?","?","?","$","E","R","?","T","$","M","?","?","E","R","BOSS","M","M","?","M","?","R","M","R","T","R","M","E","M","$","R","BOSS"],"build_version":"2018-02-22-PROD1","purchased_purges":2,"victory":true,"master_deck":["Strike_R","Strike_R","Defend_R+1","Defend_R","Bash","Anger+1","Flex","Headbutt","Flex","Carnage+1","Power Through","True Grit","Bludgeon+1","Warcry","Cleave","Inflame","Offering","Power Through","J.A.X.","Necronomicurse","Evolve+1","Rampage","Body Slam+1","Blind","Wild Strike+1","Flex+1","Master of Strategy","Fiend Fire","Offering","Rupture","Spot Weakness","Madness","Madness","Barricade+1","Injury","Clash","Shrug It Off+1","Ghostly Armor","Demon Form","Flex+1","Inflame","Second Wind"],"max_hp_per_floor":[80,80,80,80,80,80,80,80,80,80,80,80,80,80,80,80,80,80,80,80,86,86,86,86,92,92,92,92,92,92,92,92,92,92,92,92,92,92,98,98,98,98,98,98,98,98,98,98,98,98],"relics":["Burning Blood","Girya","Darkstone Periapt","Whetstone","Runic Cube","Necronomicon","Shuriken","Prayer Wheel","Gambling Chip","Ornamental Fan","Sozu","Anchor","Paper Frog"],"card_choices":[{"not_picked":["Pommel Strike","Whirlwind"],"picked":"Flex"},{"not_picked":["Havoc","Clash"],"picked":"Flex"},{"not_picked":["Bloodletting","Corruption"],"picked":"Power Through"},{"not_picked":["Heavy Blade","Warcry"],"picked":"True Grit"},{"not_picked":["Iron Wave","Uppercut"],"picked":"Bludgeon"},{"not_picked":["Perfected Strike","Twin Strike"],"picked":"Warcry"},{"not_picked":["Clothesline","Armaments"],"picked":"Cleave"},{"not_picked":["Dual Wield","Flex"],"picked":"Inflame"},{"not_picked":["Juggernaut","Bludgeon"],"picked":"Offering"},{"not_picked":["Flex","Cleave"],"picked":"Power Through"},{"not_picked":["Clash","Sword Boomerang"],"picked":"Body Slam"},{"not_picked":["Cleave","Burning Pact"],"picked":"Wild Strike"},{"not_picked":["Warcry","Twin Strike"],"picked":"Flex"},{"not_picked":["Corruption","Rage"],"picked":"Fiend Fire"},{"not_picked":["Double Tap","Feed"],"picked":"Offering"},{"not_picked":["Perfected Strike","Havoc"],"picked":"Rupture"},{"not_picked":["Sword Boomerang","Metallicize"],"picked":"Spot Weakness"},{"not_picked":["Clash","Metallicize"],"picked":"Barricade"},{"not_picked":["Twin Strike","Feel No Pain"],"picked":"Clash"},{"not_picked":["Body Slam","Anger"],"picked":"Shrug It Off"},{"not_picked":["Sever Soul","Thunderclap"],"picked":"Ghostly Armor"},{"not_picked":["Sword Boomerang","Twin Strike"],"picked":"Demon Form"},{"not_picked":["Clash","Havoc"],"picked":"Flex"}],"player_experience":139863,"potions_floor_usage":[12,16,18,31,33,50],"damage_taken":[{"damage":0,"enemies":"2 Louse","floor":1,"turns":2},{"damage":0,"enemies":"Small Slimes","floor":3,"turns":2},{"damage":24,"enemies":"3 Sentries","floor":6,"turns":6},{"damage":0,"enemies":"Jaw Worm","floor":10,"turns":3},{"damage":10,"enemies":"Gremlin Gang","floor":11,"turns":6},{"damage":11,"enemies":"Lagavulin","floor":12,"turns":5},{"damage":0,"enemies":"Looter","floor":13,"turns":2},{"damage":9,"enemies":"Large Slime","floor":14,"turns":4},{"damage":1,"enemies":"Slime Boss","floor":16,"turns":6},{"damage":4,"enemies":"3 Byrds","floor":18,"turns":4},{"damage":10,"enemies":"Book of Stabbing","floor":23,"turns":3},{"damage":0,"enemies":"Chosen","floor":28,"turns":2},{"damage":51,"enemies":"Slavers","floor":31,"turns":4},{"damage":27,"enemies":"Champ","floor":33,"turns":4},{"damage":7,"enemies":"3 Shapes","floor":35,"turns":3},{"damage":23,"enemies":"3 Darklings","floor":36,"turns":4},{"damage":22,"enemies":"Maw","floor":38,"turns":4},{"damage":27,"enemies":"Sphere and 2 Shapes","floor":41,"turns":4},{"damage":10,"enemies":"3 Darklings","floor":45,"turns":4},{"damage":30,"enemies":"Nemesis","floor":46,"turns":7},{"damage":16,"enemies":"4 Shapes","floor":47,"turns":9},{"damage":50,"enemies":"Donu and Deca","floor":50,"turns":8}],"event_choices":[{"event_name":"Living Wall","player_choice":"Change","floor":2,"damage_taken":0},{"event_name":"Shining Light","player_choice":"Entered Light","floor":4,"damage_taken":0},{"event_name":"Bonfire Elementals","player_choice":"BASIC","floor":7,"damage_taken":0},{"event_name":"Back to Basics","player_choice":"Elegance","floor":19,"damage_taken":0},{"event_name":"Drug Dealer","player_choice":"Got JAXXED","floor":20,"damage_taken":0},{"event_name":"Cursed Tome","player_choice":"Obtained Book","floor":21,"damage_taken":0},{"event_name":"Golden Shrine","player_choice":"Desecrate","floor":25,"damage_taken":0},{"event_name":"Winding Halls","player_choice":"Embrace Madness","floor":37,"damage_taken":0},{"event_name":"Accursed Blacksmith","player_choice":"Forge","floor":39,"damage_taken":0}],"boss_relics":[{"not_picked":["Snecko Eye","Velvet Choker"],"picked":"Runic Cube"},{"not_picked":["Tiny House","Black Blood"],"picked":"Sozu"}],"potions_floor_spawned":[3,11,12,13,18,31,33,35,41],"seed_played":"5854110367230977909","ascension_level":0,"is_trial":false}