{"gold_per_floor":[111,129,140,140,154,154,3,3,3,3,17,17,17,33,33,152,152,167,103,123,123,143,143,143],"floor_reached":24,"playtime":1401,"items_purged":[],"score":213,"play_id":"ce845be5-b867-4ea6-8001-5f9b45733b6a","local_time":"20190910134739","is_ascension_mode":false,"campfire_choices":[{"floor":6,"key":"RECALL"},{"data":"ReachHeaven","floor":8,"key":"SMITH"},{"data":"Crescendo","floor":12,"key":"SMITH"},{"data":"WindmillStrike","floor":15,"key":"SMITH"},{"floor":23,"key":"REST"}],"neow_cost":"NONE","seed_source_timestamp":88571193909997,"circlet_count":0,"master_deck":["Strike_P","Strike_P","Strike_P","Defend_P","Defend_P","Defend_P","Defend_P","Eruption","EmptyFist","WindmillStrike+1","Crescendo+1","ReachHeaven+1","Parasite","Injury","WindmillStrike+1","Judgement","Vault+1","SignatureMove+1","FlowState+1","FollowUp+1","CleanseEvil","EmptyBody+1"],"relics":["PureWater","Bag of Marbles","Darkstone Periapt","Golden Idol","Astrolabe","Toy Ornithopter"],"potions_floor_usage":[16,20,24],"damage_taken":[{"damage":1,"enemies":"2 Louse","floor":1,"turns":3},{"damage":0,"enemies":"Small Slimes","floor":2,"turns":3},{"damage":6,"enemies":"Jaw Worm","floor":3,"turns":3},{"damage":3,"enemies":"Red Slaver","floor":5,"turns":3},{"damage":7,"enemies":"Blue Slaver","floor":11,"turns":3},{"damage":5,"enemies":"3 Louse","floor":14,"turns":2},{"damage":49,"enemies":"Hexaghost","floor":16,"turns":8},{"damage":10,"enemies":"Chosen","floor":18,"turns":4},{"damage":10,"enemies":"3 Byrds","floor":20,"turns":5},{"damage":33,"enemies":"Cultist and Chosen","floor":22,"turns":7},{"damage":90,"enemies":"Gremlin Leader","floor":24,"turns":6}],"seed_played":"-1529743884538530344","potions_obtained":[{"floor":11,"key":"Explosive Potion"},{"floor":14,"key":"Dexterity Potion"},{"floor":16,"key":"Block Potion"},{"floor":18,"key":"DuplicationPotion"}],"is_trial":false,"path_per_floor":["M","M","M","?","M","R","$","R","T","?","M","R","?","M","R","B",null,"M","?","M","?","M","R","E"],"character_chosen":"WATCHER","items_purchased":["Bag of Marbles"],"campfire_rested":1,"item_purchase_floors":[7],"current_hp_per_floor":[70,70,64,64,61,61,61,61,61,77,70,70,76,71,71,22,83,73,73,68,83,50,74,0],"gold":143,"neow_bonus":"TEN_PERCENT_HP_BONUS","is_prod":false,"is_daily":false,"chose_seed":false,"campfire_upgraded":3,"win_rate":0.0,"timestamp":1568134059,"path_taken":["M","M","M","?","M","R","$","R","T","?","M","R","?","M","R","BOSS","M","?","?","?","M","R","E"],"build_version":"2019-09-09v2","purchased_purges":0,"victory":false,"max_hp_per_floor":[71,71,71,71,71,71,71,71,71,77,77,77,83,83,83,83,83,83,83,83,83,83,83,83],"card_choices":[{"not_picked":["Sanctity","ClearTheMind"],"picked":"EmptyFist","floor":1},{"not_picked":["FlyingSleeves","CrushJoints"],"picked":"WindmillStrike","floor":2},{"not_picked":["CrushJoints","Fasting"],"picked":"Crescendo","floor":3},{"not_picked":["Fasting","Consecrate"],"picked":"ReachHeaven","floor":5},{"not_picked":["ClearTheMind","FearNoEvil"],"picked":"Conclude","floor":11},{"not_picked":["ThirdEye","FearNoEvil"],"picked":"WindmillStrike","floor":14},{"not_picked":["LessonLearned","Vault"],"picked":"Judgement","floor":16},{"not_picked":["FlyingSleeves+1","CleanseEvil"],"picked":"FollowUp+1","floor":18},{"not_picked":["Weave","EmptyBody"],"picked":"CleanseEvil","floor":20},{"not_picked":["Sanctity","Scrawl"],"picked":"EmptyBody+1","floor":22}],"player_experience":405642,"relics_obtained":[{"floor":9,"key":"Darkstone Periapt"}],"event_choices":[{"damage_healed":0,"gold_gain":0,"player_choice":"Grow","damage_taken":0,"max_hp_gain":0,"max_hp_loss":0,"event_name":"Living Wall","floor":4,"gold_loss":0,"cards_upgraded":["WindmillStrike"]},{"damage_healed":17,"gold_gain":0,"player_choice":"Healed and dodged fight","damage_taken":0,"max_hp_gain":0,"max_hp_loss":0,"event_name":"Mushrooms","floor":10,"gold_loss":0,"cards_obtained":["Parasite"]},{"damage_healed":0,"gold_gain":0,"player_choice":"Take Wound","damage_taken":0,"relics_obtained":["Golden Idol"],"max_hp_gain":0,"max_hp_loss":0,"event_name":"Golden Idol","floor":13,"gold_loss":0,"cards_obtained":["Injury"]},{"damage_healed":0,"gold_gain":0,"player_choice":"Paid Gold","damage_taken":0,"relics_obtained":["Toy Ornithopter"],"max_hp_gain":0,"max_hp_loss":0,"event_name":"WeMeetAgain","floor":19,"gold_loss":64},{"damage_healed":27,"gold_gain":0,"player_choice":"Heal","damage_taken":0,"max_hp_gain":0,"max_hp_loss":0,"event_name":"The Library","floor":21,"gold_loss":0}],"is_beta":true,"boss_relics":[{"not_picked":["Velvet Choker","Sozu"],"picked":"Astrolabe"}],"items_purged_floors":[],"is_endless":false,"potions_floor_spawned":[11,14,16,18],"killed_by":"Gremlin Leader","ascension_level":0}