{"gold_per_floor":[119,138,150,163,181,213,223,223,223,242,277,277,289,306,306,406,406,423,423,442,2,14,32,32,46,46,56,156,156,156,156,156,156],"floor_reached":33,"playtime":3664,"items_purged":[],"score":265,"play_id":"93a1b824-ba37-4410-b70c-6011c77c61a6","local_time":"20190704140928","is_ascension_mode":false,"campfire_choices":[{"floor":12,"key":"REST"},{"floor":15,"key":"REST"},{"floor":24,"key":"REST"},{"floor":30,"key":"REST"},{"floor":32,"key":"REST"}],"neow_cost":"NONE","seed_source_timestamp":812660077783095,"circlet_count":0,"master_deck":["Strike_R","Strike_R","Strike_R","Strike_R","Strike_R+1","Defend_R","Defend_R","Defend_R","Defend_R","Bash","Headbutt","Whirlwind","Shrug It Off","Cleave","Clothesline+1","Shrug It Off","Dropkick","Shrug It Off","Rage+1","Armaments+1","Headbutt","Evolve+1","Iron Wave+1","Mind Blast","Flex+1","Sword Boomerang+1","Wild Strike","Rage+1","Infernal Blade+1","RitualDagger"],"relics":["Black Blood","Regal Pillow","Whetstone","Question Card","Toxic Egg 2","Oddly Smooth Stone","Strange Spoon","Letter Opener","WingedGreaves","Meat on the Bone"],"potions_floor_usage":[4,7,11,11,18,23,25],"damage_taken":[{"damage":1,"enemies":"Cultist","floor":1,"turns":4},{"damage":5,"enemies":"Jaw Worm","floor":2,"turns":4},{"damage":2,"enemies":"Small Slimes","floor":3,"turns":3},{"damage":13,"enemies":"Red Slaver","floor":4,"turns":4},{"damage":12,"enemies":"2 Fungi Beasts","floor":5,"turns":2},{"damage":32,"enemies":"Lagavulin","floor":6,"turns":8},{"damage":0,"enemies":"Looter","floor":7,"turns":3},{"damage":29,"enemies":"Large Slime","floor":10,"turns":6},{"damage":27,"enemies":"3 Sentries","floor":11,"turns":6},{"damage":0,"enemies":"3 Louse","floor":13,"turns":3},{"damage":0,"enemies":"Blue Slaver","floor":14,"turns":4},{"damage":67,"enemies":"The Guardian","floor":16,"turns":21},{"damage":10,"enemies":"Shell Parasite","floor":18,"turns":8},{"damage":6,"enemies":"Chosen","floor":20,"turns":7},{"damage":50,"enemies":"Centurion and Healer","floor":22,"turns":12},{"damage":32,"enemies":"Snake Plant","floor":23,"turns":4},{"damage":38,"enemies":"Chosen and Byrds","floor":25,"turns":10},{"damage":16,"enemies":"Centurion and Healer","floor":27,"turns":11},{"damage":17,"enemies":"Colosseum Slavers","floor":28,"turns":5},{"damage":46,"enemies":"Colosseum Nobs","floor":28,"turns":6},{"damage":90,"enemies":"Collector","floor":33,"turns":7}],"seed_played":"9061426252529072053","potions_obtained":[{"floor":3,"key":"Regen Potion"},{"floor":4,"key":"SpeedPotion"},{"floor":6,"key":"Swift Potion"},{"floor":10,"key":"Dexterity Potion"},{"floor":13,"key":"Energy Potion"},{"floor":22,"key":"BloodPotion"},{"floor":23,"key":"LiquidBronze"},{"floor":28,"key":"Poison Potion"}],"is_trial":false,"path_per_floor":["M","M","M","M","M","E","M","?","T","M","E","R","M","M","R","B",null,"M","?","M","$","M","M","R","M","T","M","?","$","R","?","R","B"],"character_chosen":"IRONCLAD","items_purchased":["Oddly Smooth Stone","Strange Spoon","Mind Blast"],"campfire_rested":5,"item_purchase_floors":[21,21,21],"current_hp_per_floor":[80,80,80,80,74,48,54,54,54,31,10,49,55,61,80,19,80,80,90,90,90,50,50,90,62,62,56,13,13,55,49,90,0],"gold":156,"neow_bonus":"RANDOM_COMMON_RELIC","is_prod":false,"is_daily":false,"chose_seed":false,"campfire_upgraded":0,"win_rate":0.0,"timestamp":1562260168,"path_taken":["M","?","M","M","M","E","M","?","T","M","E","R","M","M","R","BOSS","M","?","?","$","M","M","R","M","T","M","?","$","R","?","R","BOSS"],"build_version":"2019-07-01","purchased_purges":0,"victory":false,"max_hp_per_floor":[80,80,80,80,80,80,80,80,80,80,80,80,80,80,80,80,80,80,90,90,90,90,90,90,90,90,90,90,90,90,90,90,90],"card_choices":[{"not_picked":["Twin Strike","Uppercut"],"picked":"Headbutt","floor":1},{"not_picked":["Corruption","True Grit"],"picked":"Whirlwind","floor":2},{"not_picked":["Corruption","Inflame"],"picked":"Shrug It Off","floor":3},{"not_picked":["Pommel Strike","Armaments"],"picked":"Cleave","floor":4},{"not_picked":["Entrench","Shockwave"],"picked":"Clothesline","floor":5},{"not_picked":["Spot Weakness","Feel No Pain"],"picked":"Shrug It Off","floor":6},{"not_picked":["Havoc","Iron Wave"],"picked":"Dropkick","floor":7},{"not_picked":["Dropkick","Havoc","Offering"],"picked":"Shrug It Off","floor":10},{"not_picked":["True Grit","Berserk","Heavy Blade"],"picked":"Rage","floor":11},{"not_picked":["Twin Strike","Perfected Strike","Iron Wave"],"picked":"Armaments+1","floor":13},{"not_picked":["Battle Trance+1","Clothesline","Burning Pact+1"],"picked":"Headbutt","floor":14},{"not_picked":["Exhume+1","Limit Break+1","Impervious+1"],"picked":"Demon Form","floor":16},{"not_picked":["Searing Blow","Seeing Red+1","Armaments+1"],"picked":"Evolve+1","floor":18},{"not_picked":["Battle Trance+1","Thunderclap","Seeing Red+1"],"picked":"Iron Wave+1","floor":20},{"not_picked":["Uppercut","True Grit+1","Clothesline"],"picked":"Flex+1","floor":22},{"not_picked":["Bloodletting+1","Metallicize","Havoc+1"],"picked":"Sword Boomerang+1","floor":23},{"not_picked":["Flame Barrier+1","Flex+1","Havoc+1"],"picked":"Wild Strike","floor":25},{"not_picked":["Fire Breathing","Searing Blow","Sword Boomerang"],"picked":"Rage+1","floor":27},{"not_picked":["Armaments+1","Flame Barrier+1","Iron Wave"],"picked":"Infernal Blade+1","floor":28}],"player_experience":86521,"relics_obtained":[{"floor":6,"key":"Whetstone"},{"floor":9,"key":"Question Card"},{"floor":11,"key":"Toxic Egg 2"},{"floor":26,"key":"Letter Opener"},{"floor":28,"key":"WingedGreaves"},{"floor":28,"key":"Meat on the Bone"}],"event_choices":[{"damage_healed":0,"gold_gain":0,"player_choice":"Ignored","damage_taken":0,"max_hp_gain":0,"max_hp_loss":0,"event_name":"Golden Idol","floor":8,"gold_loss":0},{"cards_removed":["Demon Form"],"damage_healed":0,"gold_gain":0,"player_choice":"Offered Rare","damage_taken":0,"max_hp_gain":10,"max_hp_loss":0,"event_name":"Bonfire Elementals","floor":19,"gold_loss":0},{"damage_healed":0,"gold_gain":0,"player_choice":"Fight","damage_taken":0,"max_hp_gain":0,"max_hp_loss":0,"event_name":"Colosseum","floor":28,"gold_loss":0},{"damage_healed":0,"gold_gain":0,"player_choice":"Fought Nobs","damage_taken":0,"max_hp_gain":0,"max_hp_loss":0,"event_name":"Colosseum","floor":28,"gold_loss":0},{"damage_healed":0,"gold_gain":0,"player_choice":"Joined the Cult","damage_taken":6,"max_hp_gain":0,"max_hp_loss":0,"event_name":"Nest","floor":31,"gold_loss":0,"cards_obtained":["RitualDagger"]}],"is_beta":false,"boss_relics":[{"not_picked":["Coffee Dripper","Runic Pyramid"],"picked":"Black Blood"}],"items_purged_floors":[],"is_endless":false,"potions_floor_spawned":[3,4,6,10,13,22,23,28],"killed_by":"Collector","ascension_level":0}