{"gold_per_floor":[118,135,150,168,9,9,37,54,84,84,103,103,122,72,72,148,148,167,167,187,207,207,207,3,33,60,72,72,22,32,32,32,105,105,122,136,136,86,86,86],"floor_reached":40,"playtime":4865,"items_purged":["Strike_B","Defend_B","Strike_B","Strike_B"],"score":734,"play_id":"34d1bee3-430c-44f9-9d83-ac890e354b2c","local_time":"20190414235830","is_ascension_mode":true,"campfire_choices":[{"data":"Lockon","floor":6,"key":"SMITH"},{"floor":10,"key":"REST"},{"data":"Beam Cell","floor":12,"key":"SMITH"},{"data":"Reinforced Body","floor":15,"key":"SMITH"},{"floor":23,"key":"REST"},{"floor":28,"key":"REST"},{"floor":32,"key":"REST"}],"neow_cost":"NONE","seed_source_timestamp":140113475304334,"circlet_count":0,"master_deck":["AscendersBane","Strike_B+1","Defend_B","Defend_B","Defend_B","Zap","Dualcast","Chill","Lockon+1","Melter+1","Beam Cell+1","Doom and Gloom","Steam","Reinforced Body+1","Turbo","Cold Snap","Seek","Go for the Eyes","RitualDagger","Stack","Compile Driver","Apotheosis","Go for the Eyes","Sweeping Beam","BootSequence","Sweeping Beam","Doom and Gloom"],"relics":["Cracked Core","Smiling Mask","Tiny Chest","Velvet Choker","Regal Pillow","Whetstone","Nilry\u0027s Codex","Cursed Key"],"potions_floor_usage":[7,16,22,25,27,33,40],"damage_taken":[{"damage":0,"enemies":"2 Louse","floor":1,"turns":3},{"damage":10,"enemies":"Small Slimes","floor":2,"turns":3},{"damage":0,"enemies":"Cultist","floor":3,"turns":3},{"damage":4,"enemies":"Looter","floor":4,"turns":3},{"damage":11,"enemies":"Lagavulin","floor":7,"turns":4},{"damage":8,"enemies":"2 Fungi Beasts","floor":8,"turns":3},{"damage":3,"enemies":"Blue Slaver","floor":11,"turns":3},{"damage":0,"enemies":"Red Slaver","floor":13,"turns":2},{"damage":31,"enemies":"The Guardian","floor":16,"turns":12},{"damage":0,"enemies":"Spheric Guardian","floor":18,"turns":2},{"damage":17,"enemies":"2 Thieves","floor":20,"turns":5},{"damage":2,"enemies":"Sentry and Sphere","floor":21,"turns":3},{"damage":6,"enemies":"Colosseum Slavers","floor":22,"turns":4},{"damage":1,"enemies":"Slavers","floor":25,"turns":7},{"damage":25,"enemies":"Shelled Parasite and Fungi","floor":27,"turns":8},{"damage":8,"enemies":"Chosen and Byrds","floor":30,"turns":5},{"damage":53,"enemies":"Champ","floor":33,"turns":16},{"damage":12,"enemies":"Orb Walker","floor":35,"turns":3},{"damage":16,"enemies":"3 Darklings","floor":36,"turns":6},{"damage":33,"enemies":"Nemesis","floor":40,"turns":6}],"seed_played":"-54064110669710293","potions_obtained":[{"floor":0,"key":"Fire Potion"},{"floor":0,"key":"Weak Potion"},{"floor":7,"key":"Fire Potion"},{"floor":16,"key":"AttackPotion"},{"floor":20,"key":"Swift Potion"},{"floor":25,"key":"SneckoOil"},{"floor":27,"key":"SpeedPotion"},{"floor":36,"key":"Weak Potion"}],"is_trial":false,"path_per_floor":["M","M","M","M","$","R","E","M","T","R","M","R","M","$","R","B",null,"M","?","M","M","?","R","$","E","T","M","R","$","M","?","R","B",null,"M","M","?","$","?","E"],"character_chosen":"DEFECT","items_purchased":["Doom and Gloom","Apotheosis"],"campfire_rested":4,"item_purchase_floors":[5,24],"current_hp_per_floor":[64,54,54,50,50,50,39,31,31,52,49,49,49,49,49,18,58,58,52,35,33,27,48,48,47,47,22,58,58,50,29,65,12,56,44,28,28,28,28,0],"gold":86,"neow_bonus":"THREE_SMALL_POTIONS","is_prod":false,"is_daily":false,"chose_seed":false,"campfire_upgraded":3,"win_rate":0,"timestamp":1555300710,"path_taken":["M","M","M","M","$","R","E","M","T","R","M","R","M","$","R","BOSS","M","?","M","M","?","R","$","E","T","M","R","$","M","?","R","BOSS","M","M","?","?","?","E"],"build_version":"2019-01-23","purchased_purges":4,"victory":false,"max_hp_per_floor":[71,71,71,71,71,71,71,71,71,71,71,71,71,71,71,71,71,71,71,71,71,71,71,71,71,71,71,71,71,71,71,71,71,71,71,71,71,71,71,71],"card_choices":[{"not_picked":["Loop","Static Discharge"],"picked":"Chill","floor":1},{"not_picked":["Turbo","Chaos"],"picked":"Lockon","floor":2},{"not_picked":["Turbo","Stack"],"picked":"Melter","floor":3},{"not_picked":["Redo","Heatsinks"],"picked":"Beam Cell","floor":4},{"not_picked":["Leap","Compile Driver"],"picked":"Steam","floor":7},{"not_picked":["Blizzard","Turbo"],"picked":"Reinforced Body","floor":8},{"not_picked":["Genetic Algorithm","Reprogram"],"picked":"Turbo","floor":11},{"not_picked":["Chill","Streamline"],"picked":"Cold Snap","floor":13},{"not_picked":["Thunder Strike","Meteor Strike"],"picked":"Seek","floor":16},{"not_picked":["Steam","Streamline"],"picked":"Go for the Eyes","floor":18},{"not_picked":["Streamline","Cold Snap"],"picked":"Stack","floor":20},{"not_picked":["Stack","Sunder"],"picked":"Compile Driver","floor":21},{"not_picked":["Reprogram","Genetic Algorithm+1"],"picked":"Go for the Eyes","floor":25},{"not_picked":["Streamline","Cold Snap","Undo"],"picked":"SKIP","floor":27},{"not_picked":["Genetic Algorithm","Barrage"],"picked":"Sweeping Beam","floor":30},{"not_picked":["Amplify","Meteor Strike"],"picked":"Creative AI","floor":33},{"not_picked":["Rebound","Consume"],"picked":"BootSequence","floor":35},{"not_picked":["Streamline","Fusion"],"picked":"Sweeping Beam","floor":36}],"player_experience":2491575,"relics_obtained":[{"floor":7,"key":"Smiling Mask"},{"floor":9,"key":"Tiny Chest"},{"floor":25,"key":"Regal Pillow"},{"floor":26,"key":"Whetstone"},{"floor":31,"key":"Nilry\u0027s Codex"}],"event_choices":[{"damage_healed":0,"gold_gain":0,"player_choice":"Joined the Cult","damage_taken":6,"max_hp_gain":0,"max_hp_loss":0,"event_name":"Nest","floor":19,"gold_loss":0,"cards_obtained":["RitualDagger"]},{"damage_healed":0,"gold_gain":0,"player_choice":"Fight","damage_taken":0,"max_hp_gain":0,"max_hp_loss":0,"event_name":"Colosseum","floor":22,"gold_loss":0},{"damage_healed":0,"gold_gain":0,"player_choice":"Fled From Nobs","damage_taken":0,"max_hp_gain":0,"max_hp_loss":0,"event_name":"Colosseum","floor":22,"gold_loss":0},{"damage_healed":0,"gold_gain":0,"player_choice":"Obtained Book","damage_taken":21,"max_hp_gain":0,"max_hp_loss":0,"event_name":"Cursed Tome","floor":31,"gold_loss":0},{"damage_healed":0,"gold_gain":0,"cards_transformed":["Creative AI"],"player_choice":"Transformed","damage_taken":0,"max_hp_gain":0,"max_hp_loss":0,"event_name":"Transmorgrifier","floor":37,"gold_loss":0,"cards_obtained":["Doom and Gloom"]},{"damage_healed":0,"gold_gain":0,"player_choice":"Ignored","damage_taken":0,"max_hp_gain":0,"max_hp_loss":0,"event_name":"Mysterious Sphere","floor":39,"gold_loss":0}],"is_beta":false,"boss_relics":[{"not_picked":["Coffee Dripper","Sozu"],"picked":"Velvet Choker"},{"not_picked":["Lizard Tail","Runic Pyramid"],"picked":"Cursed Key"}],"items_purged_floors":[5,14,29,38],"is_endless":false,"potions_floor_spawned":[2,3,7,13,16,20,25,27,36],"killed_by":"Nemesis","ascension_level":16}