{"path_per_floor":["M","?","M","$","?","E","M","R","T","E","M","?","E","$","R","B",null,"M","?","M","M","$","R","E","M","T","M","M","M","T","M","R"],"character_chosen":"THE_SILENT","items_purchased":["Purity","PiercingWail","Escape Plan","Catalyst"],"gold_per_floor":[112,112,124,22,22,52,68,68,68,99,115,167,200,25,25,124,124,105,105,118,135,58,58,90,104,104,120,136,147,147,157,157,157],"floor_reached":33,"campfire_rested":4,"playtime":5303,"item_purchase_floors":[],"current_hp_per_floor":[62,62,62,62,62,30,30,48,48,39,33,33,22,22,40,31,63,56,31,15,13,13,22,8,9,9,7,10,6,6,3,13,0],"items_purged":["Defend_G"],"gold":157,"score":343,"play_id":"0686ecd3-ecac-415c-9bc4-720c6ca1a538","local_time":"20180606230051","is_prod":false,"is_daily":false,"chose_seed":false,"is_ascension_mode":true,"campfire_upgraded":0,"win_rate":0,"timestamp":1528351251,"campfire_choices":[{"floor":8.0,"key":"REST"},{"floor":15.0,"key":"REST"},{"floor":23,"key":"REST"},{"floor":32,"key":"REST"}],"path_taken":["M","?","M","$","?","E","M","R","T","E","M","?","E","$","R","BOSS","M","?","M","M","$","R","E","M","T","M","M","M","?","?","R","BOSS"],"build_version":"2018-05-31","seed_source_timestamp":0,"purchased_purges":1,"victory":false,"master_deck":["Defend_G","Defend_G","Defend_G","Strike_G","Strike_G","Strike_G","Strike_G","Survivor","Neutralize","Leg Sweep+1","Poisoned Stab","Purity","Deadly Poison","Choke","Poisoned Stab","Bouncing Flask","Caltrops","PiercingWail","Escape Plan","Bullet Time","Backflip+1","Ghostly","Ghostly","Ghostly","Ghostly","Ghostly","Dash+1","Prepared+1","Catalyst","Bane","Noxious Fumes","Flying Knee","Flying Knee"],"max_hp_per_floor":[63,63,63,63,63,63,63,63,63,63,63,63,63,63,63,63,63,63,31,31,31,31,31,31,31,31,31,33,33,33,35,35,35],"relics":["Ring of the Snake","Ornamental Fan","Toolbox","The Specimen","Girya","Black Star","Calipers","Bird Faced Urn","Singing Bowl","Smiling Mask"],"card_choices":[{"not_picked":["PiercingWail","Slice"],"picked":"Leg Sweep","floor":1.0},{"not_picked":["Finisher","Prepared"],"picked":"Poisoned Stab","floor":3.0},{"not_picked":["Unload","Dagger Spray"],"picked":"Deadly Poison","floor":6.0},{"not_picked":["Dodge and Roll","Blur"],"picked":"Choke","floor":7.0},{"not_picked":["Outmaneuver","Underhanded Strike"],"picked":"Poisoned Stab","floor":10.0},{"not_picked":["Backflip","Footwork"],"picked":"Bouncing Flask","floor":11.0},{"not_picked":["Slice","Dodge and Roll"],"picked":"Caltrops","floor":13.0},{"not_picked":["Grand Finale","Tactician"],"picked":"Bullet Time","floor":16.0},{"not_picked":["Finisher","Poisoned Stab"],"picked":"Backflip+1","floor":18.0},{"not_picked":["Flying Knee","Poisoned Stab"],"picked":"Dash+1","floor":20.0},{"not_picked":["All Out Attack","Distraction"],"picked":"Prepared+1","floor":21},{"not_picked":["Backstab","Dash"],"picked":"Bane","floor":24},{"not_picked":["Underhanded Strike","Skewer"],"picked":"Noxious Fumes","floor":25},{"not_picked":["Terror","All Out Attack"],"picked":"Flying Knee","floor":27},{"not_picked":["All Out Attack","Cloak And Dagger","Deflect"],"picked":"Singing Bowl","floor":28},{"not_picked":["Quick Slash","Distraction"],"picked":"Flying Knee","floor":29},{"not_picked":["Prepared","Underhanded Strike","Dodge and Roll"],"picked":"Singing Bowl","floor":31}],"player_experience":507936,"potions_floor_usage":[27,33],"damage_taken":[{"damage":1.0,"enemies":"2 Louse","floor":1.0,"turns":3.0},{"damage":0.0,"enemies":"Cultist","floor":3.0,"turns":5.0},{"damage":32.0,"enemies":"3 Sentries","floor":6.0,"turns":17.0},{"damage":0.0,"enemies":"Jaw Worm","floor":7.0,"turns":4.0},{"damage":9.0,"enemies":"Gremlin Nob","floor":10.0,"turns":4.0},{"damage":6.0,"enemies":"Looter","floor":11.0,"turns":3.0},{"damage":11.0,"enemies":"3 Sentries","floor":13.0,"turns":9.0},{"damage":9.0,"enemies":"The Guardian","floor":16.0,"turns":10.0},{"damage":7.0,"enemies":"2 Thieves","floor":18.0,"turns":4.0},{"damage":16.0,"enemies":"3 Byrds","floor":20.0,"turns":6.0},{"damage":2.0,"enemies":"Cultist and Chosen","floor":21.0,"turns":4.0},{"damage":14,"enemies":"Slavers","floor":24,"turns":10},{"damage":1,"enemies":"Centurion and Healer","floor":25,"turns":5},{"damage":4,"enemies":"3 Cultists","floor":27,"turns":6},{"damage":3,"enemies":"Snake Plant","floor":28,"turns":5},{"damage":8,"enemies":"Slaver and Parasite","floor":29,"turns":8},{"damage":9,"enemies":"3 Cultists","floor":31,"turns":7},{"damage":15,"enemies":"Automaton","floor":33,"turns":3}],"relics_obtained":[{"floor":6.0,"key":"Ornamental Fan"},{"floor":9.0,"key":"Toolbox"},{"floor":10.0,"key":"The Specimen"},{"floor":13.0,"key":"Girya"},{"floor":24,"key":"Calipers"},{"floor":24,"key":"Bird Faced Urn"},{"floor":26,"key":"Singing Bowl"},{"floor":30,"key":"Smiling Mask"}],"event_choices":[{"event_name":"Upgrade Shrine","player_choice":"Upgraded","floor":2.0,"damage_taken":0.0},{"event_name":"The Cleric","player_choice":"Leave","floor":5.0,"damage_taken":0.0},{"event_name":"Golden Wing","player_choice":"Gained Gold","floor":12.0,"damage_taken":0.0},{"event_name":"Ghosts","player_choice":"Became a Ghost","floor":19.0,"damage_taken":0.0}],"boss_relics":[],"items_purged_floors":[],"potions_floor_spawned":[3,7,10,20,24,27,29],"seed_played":"-6238341187453542976","killed_by":"Automaton","ascension_level":2,"potions_obtained":[{"floor":3.0,"key":"Block Potion"},{"floor":7.0,"key":"AttackPotion"},{"floor":10.0,"key":"Dexterity Potion"},{"floor":20.0,"key":"SmokeBomb"},{"floor":24,"key":"Explosive Potion"},{"floor":27,"key":"SmokeBomb"},{"floor":29,"key":"GamblersBrew"}],"is_trial":false}