{"gold_per_floor":[116,135,145,163,338,338,295,329,397,397,414,472,472,491,491,491],"floor_reached":16,"playtime":661,"items_purged":[],"score":102,"play_id":"8b129a94-19a7-4ce5-81ae-ec88211fab2a","local_time":"20191014170730","is_ascension_mode":false,"campfire_choices":[{"data":"BowlingBash","floor":6,"key":"SMITH"},{"floor":10,"key":"REST"},{"floor":13,"key":"REST"},{"floor":15,"key":"REST"}],"neow_cost":"NONE","seed_source_timestamp":178881795714476,"circlet_count":0,"master_deck":["Strike_P","Strike_P","Strike_P","Strike_P","Defend_P","Defend_P","Defend_P","Defend_P","Eruption","Vigilance","BowlingBash","BowlingBash+1","JustLucky","WaveOfTheHand","Doubt","CarveReality","Consecrate","Weave"],"relics":["PureWater","PreservedInsect","Ice Cream"],"potions_floor_usage":[8,8],"damage_taken":[{"damage":1,"enemies":"2 Louse","floor":1,"turns":4},{"damage":0,"enemies":"Small Slimes","floor":2,"turns":2},{"damage":0,"enemies":"Cultist","floor":3,"turns":3},{"damage":6,"enemies":"Lots of Slimes","floor":4,"turns":4},{"damage":54,"enemies":"Lagavulin","floor":8,"turns":9},{"damage":4,"enemies":"2 Fungi Beasts","floor":11,"turns":2},{"damage":15,"enemies":"Gremlin Gang","floor":14,"turns":5},{"damage":56,"enemies":"The Guardian","floor":16,"turns":11}],"seed_played":"-4013006945543377520","potions_obtained":[{"floor":1,"key":"Weak Potion"},{"floor":4,"key":"LiquidBronze"}],"is_trial":false,"path_per_floor":["M","M","M","M","?","R","?","E","T","R","M","?","R","M","R","B"],"character_chosen":"WATCHER","items_purchased":[],"campfire_rested":3,"item_purchase_floors":[],"current_hp_per_floor":[71,71,71,65,65,65,65,11,11,32,28,28,49,34,55,0],"gold":491,"neow_bonus":"RANDOM_COMMON_RELIC","is_prod":false,"is_daily":false,"chose_seed":false,"campfire_upgraded":1,"win_rate":0.0,"timestamp":1571083650,"path_taken":["M","M","M","M","?","R","?","E","T","R","M","?","R","M","R","BOSS"],"build_version":"2019-10-14","purchased_purges":0,"victory":false,"max_hp_per_floor":[72,72,72,72,72,72,72,72,72,72,72,72,72,72,72,72],"card_choices":[{"not_picked":["Scrawl","SashWhip"],"picked":"BowlingBash","floor":1},{"not_picked":["ClearTheMind","EmptyBody"],"picked":"BowlingBash","floor":2},{"not_picked":["Sanctity","SpiritShield"],"picked":"JustLucky","floor":3},{"not_picked":["EmptyBody","Meditate"],"picked":"WaveOfTheHand","floor":4},{"not_picked":["Prostrate","SandsOfTime"],"picked":"CarveReality","floor":8},{"not_picked":["Pray","SandsOfTime"],"picked":"Consecrate","floor":11},{"not_picked":["SashWhip","SandsOfTime"],"picked":"Weave","floor":14}],"player_experience":453578,"relics_obtained":[{"floor":8,"key":"Ice Cream"}],"event_choices":[{"damage_healed":0,"gold_gain":175,"player_choice":"AGREE","damage_taken":0,"max_hp_gain":0,"max_hp_loss":0,"event_name":"Liars Game","floor":5,"gold_loss":0,"cards_obtained":["Doubt"]},{"damage_healed":0,"gold_gain":0,"player_choice":"Left Gold","damage_taken":0,"max_hp_gain":0,"max_hp_loss":0,"event_name":"World of Goop","floor":7,"gold_loss":43},{"damage_healed":0,"gold_gain":58,"player_choice":"Gained Gold","damage_taken":0,"max_hp_gain":0,"max_hp_loss":0,"event_name":"Golden Wing","floor":12,"gold_loss":0}],"is_beta":true,"boss_relics":[],"items_purged_floors":[],"is_endless":false,"potions_floor_spawned":[1,4,14],"killed_by":"The Guardian","ascension_level":0}