{"path_per_floor":["M","M","M","$","?","R","?","M","T","E","M","?","R","E","R","B",null,"M","M","?","?","$","R","M","M","T","R","?","?","R","E","R","B",null,"M","?","?","?","M","R","$","R","T","?","E","R","M"],"character_chosen":"THE_SILENT","items_purchased":["Blade Dance","Bouncing Flask","Poisoned Stab","Blur","Well Laid Plans","Corpse Explosion","Prepared","Caltrops"],"gold_per_floor":[116,133,146,32,32,32,32,47,70,102,118,169,169,203,203,305,305,318,333,258,258,12,12,29,45,45,45,45,45,45,77,77,176,176,195,195,195,248,265,265,21,21,75,75,103,103,118],"floor_reached":48,"campfire_rested":7,"playtime":5960,"current_hp_per_floor":[63,58,57,57,57,57,57,52,52,26,26,26,47,40,61,58,70,70,59,59,59,59,59,36,36,36,57,57,57,57,33,54,26,70,11,61,61,29,28,46,46,61,61,53,12,30,16],"items_purged":["Pain"],"gold":118,"score":484,"play_id":"d434b984-3dd1-400a-bb8e-905f42d80db3","local_time":"20180304011108","is_prod":false,"is_daily":false,"is_ascension_mode":false,"campfire_upgraded":3,"timestamp":1520143868,"path_taken":["M","?","M","$","?","R","?","?","T","E","M","?","R","E","R","BOSS","M","M","?","?","$","R","M","M","T","R","?","?","R","E","R","BOSS","M","?","?","?","?","R","$","R","T","?","E","R","M","M"],"build_version":"2018-03-01-PROD1","purchased_purges":1,"victory":false,"master_deck":["Defend_G","Defend_G","Defend_G","Defend_G","Strike_G","Strike_G","Strike_G","Strike_G","Strike_G","Survivor","Neutralize","Bullet Time","All Out Attack","Backflip","Infinite Blades+1","Blade Dance","Good Instincts","Neutralize","Glass Knife","Dagger Throw","Flying Knee","Terror","Envenom+1","After Image+1","Bouncing Flask+1","Poisoned Stab","Bouncing Flask","Poisoned Stab","Blur","Well Laid Plans","Crippling Poison","Flying Knee+1","Dagger Spray","Acrobatics","Escape Plan","Outmaneuver","Catalyst","A Thousand Cuts","Predator+1","All Out Attack","PiercingWail+1","Bane","Corpse Explosion","Prepared","Caltrops","Quick Slash+1","Madness","Madness","Terror+1","Malaise+1","Predator+1"],"max_hp_per_floor":[70,70,70,70,70,70,70,70,70,70,70,70,70,70,70,70,70,70,70,70,70,70,70,70,70,70,70,70,70,70,70,70,70,70,70,61,61,61,61,61,61,61,61,61,61,61,61],"relics":["Ring of the Snake","Bag of Marbles","Dream Catcher","Mummified Hand","The Specimen","Sundial","Oddly Smooth Stone","Lizard Tail","Calipers","Prayer Wheel","Shuriken"],"card_choices":[{"not_picked":["A Thousand Cuts","Glass Knife"],"picked":"Bullet Time"},{"not_picked":["Deadly Poison","Bane"],"picked":"All Out Attack"},{"not_picked":["Dagger Spray","Underhanded Strike"],"picked":"Backflip"},{"not_picked":["Deflect","Dagger Spray"],"picked":"Infinite Blades"},{"not_picked":["Flechettes","Endless Agony"],"picked":"Glass Knife"},{"not_picked":["Escape Plan","Dagger Spray"],"picked":"Dagger Throw"},{"not_picked":["Slice","Outmaneuver"],"picked":"Flying Knee"},{"not_picked":["Eviscerate","Sucker Punch"],"picked":"Acrobatics"},{"not_picked":["Bane","Heel Hook"],"picked":"Terror"},{"not_picked":["Acrobatics","Deadly Poison"],"picked":"Envenom"},{"not_picked":["Glass Knife","Bullet Time"],"picked":"After Image"},{"not_picked":["Malaise","Dagger Throw"],"picked":"Bouncing Flask"},{"not_picked":["Deflect","Prepared"],"picked":"Poisoned Stab"},{"not_picked":["PiercingWail","Finisher"],"picked":"Crippling Poison"},{"not_picked":["Dagger Throw","Footwork"],"picked":"Flying Knee"},{"not_picked":["Heel Hook","Reflex"],"picked":"Dagger Spray"},{"not_picked":["Backflip","Endless Agony"],"picked":"Outmaneuver"},{"not_picked":["Backstab","Slice"],"picked":"Catalyst"},{"not_picked":["Wraith Form","Venomology"],"picked":"A Thousand Cuts"},{"not_picked":["Escape Plan","Crippling Poison"],"picked":"Predator"},{"not_picked":["Endless Agony","Dodge and Roll"],"picked":"All Out Attack"},{"not_picked":["Dagger Spray","Backflip"],"picked":"PiercingWail"},{"not_picked":["Dodge and Roll","Eviscerate"],"picked":"Bane"},{"not_picked":["Well Laid Plans","Terror"],"picked":"Quick Slash"},{"not_picked":["Dagger Throw","Slice"],"picked":"Terror"},{"not_picked":["Underhanded Strike","PiercingWail"],"picked":"Malaise"},{"not_picked":["Slice","Prepared"],"picked":"Predator"}],"player_experience":161857,"potions_floor_usage":[25,33,33,45],"damage_taken":[{"damage":7.0,"enemies":"Cultist","floor":1.0,"turns":5.0},{"damage":5.0,"enemies":"Small Slimes","floor":2.0,"turns":3.0},{"damage":1.0,"enemies":"2 Louse","floor":3.0,"turns":4.0},{"damage":5.0,"enemies":"Looter","floor":8.0,"turns":3.0},{"damage":26.0,"enemies":"3 Sentries","floor":10.0,"turns":7.0},{"damage":0.0,"enemies":"Exordium Wildlife","floor":11.0,"turns":4.0},{"damage":19.0,"enemies":"Lagavulin","floor":14.0,"turns":6.0},{"damage":3.0,"enemies":"Slime Boss","floor":16.0,"turns":6.0},{"damage":0,"enemies":"Chosen","floor":18,"turns":4},{"damage":11,"enemies":"Spheric Guardian","floor":19,"turns":6},{"damage":23,"enemies":"Centurion and Healer","floor":24,"turns":4},{"damage":0,"enemies":"Snecko","floor":25,"turns":4},{"damage":24,"enemies":"Gremlin Leader","floor":31,"turns":7},{"damage":28,"enemies":"Collector","floor":33,"turns":6},{"damage":59,"enemies":"3 Darklings","floor":35,"turns":7},{"damage":65,"enemies":"Mysterious Sphere","floor":38,"turns":7},{"damage":1,"enemies":"3 Shapes","floor":39,"turns":5},{"damage":41,"enemies":"Nemesis","floor":45,"turns":9},{"damage":14,"enemies":"Maw","floor":47,"turns":7},{"damage":24,"enemies":"3 Darklings","floor":48,"turns":2}],"event_choices":[{"event_name":"Match and Keep!","player_choice":"2 cards matched","floor":5.0,"damage_taken":0.0},{"event_name":"Liars Game","player_choice":"disagreed","floor":7.0,"damage_taken":0.0},{"event_name":"Golden Wing","player_choice":"Gained Gold","floor":12.0,"damage_taken":0.0},{"event_name":"Beggar","player_choice":"Gave Gold","floor":20,"damage_taken":0},{"event_name":"The Lab","player_choice":"Got Potions","floor":21,"damage_taken":0},{"event_name":"Match and Keep!","player_choice":"2 cards matched","floor":28,"damage_taken":0},{"event_name":"Drug Dealer","player_choice":"Ignored","floor":29,"damage_taken":0},{"event_name":"The Moai Head","player_choice":"Heal","floor":36,"damage_taken":0},{"event_name":"Mysterious Sphere","player_choice":"Fight","floor":38,"damage_taken":0},{"event_name":"Winding Halls","player_choice":"Embrace Madness","floor":44,"damage_taken":0}],"boss_relics":[{"not_picked":["Orrery","Tiny House"],"picked":"The Specimen"},{"not_picked":["Velvet Choker","Runic Pyramid"],"picked":"Lizard Tail"}],"potions_floor_spawned":[1,8,11,19,24,35,47],"seed_played":"6344454949440897311","killed_by":"3 Darklings","ascension_level":0,"is_trial":false}