{"gold_per_floor":[109,109,124,124,141,171,171,205,231,251,15,56,82,148,160,249,261,340,242,270,299,33,66,91],"floor_reached":24,"playtime":4160,"items_purged":["Defend_P","Strike_P"],"score":672,"play_id":"326b5f5b-7764-4c86-9f29-1f821b5ca433","local_time":"20190921231630","is_ascension_mode":true,"campfire_choices":[{"data":"Eruption","floor":7.0,"key":"SMITH"},{"data":"HandOfGreed","floor":15.0,"key":"SMITH"}],"neow_cost":"NONE","seed_source_timestamp":0,"circlet_count":0,"master_deck":["AscendersBane","Strike_P+1","Strike_P","Defend_P","Defend_P","Defend_P","Eruption+1","Vigilance","CrushJoints","SandsOfTime","BattleHymn","DeceiveReality","BowlingBash","Protect","HandOfGreed+1","EmptyBody","SashWhip","Wallop","Ragnarok","Crescendo","EmptyMind"],"special_seed":0,"relics":["SlaversCollar","Happy Flower","Orichalcum","Smiling Mask","Odd Mushroom","MawBank","Cursed Key","Regal Pillow","Anchor"],"potions_floor_usage":[23],"damage_taken":[{"damage":6.0,"enemies":"Small Slimes","floor":1.0,"turns":4.0},{"damage":12.0,"enemies":"2 Louse","floor":3.0,"turns":3.0},{"damage":7.0,"enemies":"Jaw Worm","floor":5.0,"turns":3.0},{"damage":16.0,"enemies":"Gremlin Nob","floor":6.0,"turns":3.0},{"damage":0.0,"enemies":"Lagavulin","floor":8.0,"turns":4.0},{"damage":0.0,"enemies":"Looter","floor":10.0,"turns":3.0},{"damage":3.0,"enemies":"The Mushroom Lair","floor":12.0,"turns":2.0},{"damage":2.0,"enemies":"Gremlin Nob","floor":13.0,"turns":3.0},{"damage":13.0,"enemies":"Gremlin Gang","floor":14.0,"turns":11.0},{"damage":0.0,"enemies":"Slime Boss","floor":16.0,"turns":4.0},{"damage":10.0,"enemies":"3 Byrds","floor":18.0,"turns":6.0},{"damage":30,"enemies":"Shell Parasite","floor":20,"turns":5},{"damage":5,"enemies":"Sentry and Sphere","floor":21,"turns":4},{"damage":0,"enemies":"Book of Stabbing","floor":23,"turns":3},{"damage":18,"enemies":"3 Cultists","floor":24,"turns":4}],"seed_played":"-320555067118955806","potions_obtained":[{"floor":1.0,"key":"Fire Potion"},{"floor":5.0,"key":"Swift Potion"},{"floor":6.0,"key":"Explosive Potion"},{"floor":20,"key":"Block Potion"}],"is_trial":false,"path_per_floor":["M","?","M","?","M","E","R","E","T","M","$","?","E","M","R","B",null,"M","?","M","M","$","E","M"],"character_chosen":"WATCHER","items_purchased":["HandOfGreed","Regal Pillow","AttackPotion"],"campfire_rested":0,"item_purchase_floors":[11,22,22],"current_hp_per_floor":[49,54,42,42,35,19,19,19,19,19,19,16,14,1,1,1,50,40,40,10,5,5,5,0],"gold":91,"neow_bonus":"BOSS_RELIC","is_prod":false,"is_daily":false,"chose_seed":false,"campfire_upgraded":2,"win_rate":0,"timestamp":1569064590,"path_taken":["M","?","M","?","M","E","R","E","T","M","$","?","E","M","R","BOSS","M","?","?","M","$","E","M"],"build_version":"2019-09-20","purchased_purges":2,"victory":false,"max_hp_per_floor":[61,66,66,66,66,66,66,66,66,66,66,66,66,66,66,66,66,66,66,66,66,66,66,66],"card_choices":[{"not_picked":["InnerPeace","JustLucky"],"picked":"CrushJoints","floor":1.0},{"not_picked":["FollowUp","FlyingSleeves"],"picked":"SandsOfTime","floor":3.0},{"not_picked":["FollowUp","Prostrate"],"picked":"BattleHymn","floor":5.0},{"not_picked":["Vengeance","SashWhip"],"picked":"DeceiveReality","floor":6.0},{"not_picked":["Devotion","ForeignInfluence"],"picked":"BowlingBash","floor":8.0},{"not_picked":["Halt","Tantrum"],"picked":"Protect","floor":10.0},{"not_picked":["BowlingBash","Sanctity"],"picked":"EmptyBody","floor":12.0},{"not_picked":["Metaphysics","Adaptation"],"picked":"SashWhip","floor":13.0},{"not_picked":["WreathOfFlame","EmptyBody"],"picked":"Wallop","floor":14.0},{"not_picked":["Unraveling","DeusExMachina"],"picked":"Ragnarok","floor":16.0},{"not_picked":["FlyingSleeves","CutThroughFate","Consecrate"],"picked":"SKIP","floor":18.0},{"not_picked":["Halt","CrushJoints","InnerPeace"],"picked":"SKIP","floor":20},{"not_picked":["EmptyFist+1","ThirdEye"],"picked":"Crescendo","floor":21},{"not_picked":["Tantrum","Consecrate"],"picked":"EmptyMind","floor":23}],"player_experience":1170541,"relics_obtained":[{"floor":6.0,"key":"Happy Flower"},{"floor":8.0,"key":"Orichalcum"},{"floor":9.0,"key":"Smiling Mask"},{"floor":12.0,"key":"Odd Mushroom"},{"floor":13.0,"key":"MawBank"},{"floor":23,"key":"Anchor"}],"event_choices":[{"damage_healed":0.0,"max_hp_gain":5.0,"max_hp_loss":0.0,"gold_gain":0.0,"event_name":"Big Fish","player_choice":"Donut","floor":2.0,"gold_loss":0.0,"damage_taken":0.0},{"damage_healed":0.0,"max_hp_gain":0.0,"max_hp_loss":0.0,"gold_gain":0.0,"event_name":"Shining Light","player_choice":"Ignored","floor":4.0,"gold_loss":0.0,"damage_taken":0.0},{"damage_healed":0.0,"max_hp_gain":0.0,"max_hp_loss":0.0,"gold_gain":0.0,"event_name":"Mushrooms","player_choice":"Fought Mushrooms","floor":12.0,"gold_loss":0.0,"damage_taken":0.0},{"cards_removed":["Strike_P"],"damage_healed":0.0,"max_hp_gain":0.0,"max_hp_loss":0.0,"gold_gain":0.0,"event_name":"Designer","player_choice":"Upgrade and Remove","floor":19.0,"gold_loss":110.0,"damage_taken":0.0,"cards_upgraded":["Strike_P"]}],"is_beta":true,"boss_relics":[{"not_picked":["Ectoplasm","Empty Cage"],"picked":"Cursed Key"}],"items_purged_floors":[11,22],"is_endless":false,"potions_floor_spawned":[1,5,6,8,20],"killed_by":"3 Cultists","ascension_level":20}