{"gold_per_floor":[13,13,13,13,33,64,64,89,89,89,89,104,132,145,145,249,249,267,282,282,301,263,263,17,34,61,61,111,122,122],"floor_reached":30,"playtime":3175,"items_purged":[],"score":360,"play_id":"72947bad-7c86-44b8-b204-a2905b523c4a","local_time":"20180902014307","is_ascension_mode":true,"campfire_choices":[{"floor":7,"key":"REST"},{"floor":11,"key":"REST"},{"data":"Corpse Explosion","floor":15,"key":"SMITH"},{"floor":23,"key":"REST"},{"floor":27,"key":"REST"}],"neow_cost":"NO_GOLD","seed_source_timestamp":0,"circlet_count":0,"master_deck":["Defend_G","Defend_G","Defend_G","Defend_G","Defend_G","Strike_G","Strike_G","Strike_G","Strike_G","Strike_G","Survivor","Neutralize+1","Acrobatics","Endless Agony","Dagger Throw","Backflip","Corpse Explosion+1","Cloak And Dagger","Prepared+1","Backflip+1","Die Die Die+1","Endless Agony+1","Poisoned Stab+1","Bullet Time","Bouncing Flask","Blade Dance","Footwork+1","Underhanded Strike+1","Concentrate","Eviscerate+1","Noxious Fumes+1","Finisher+1","Choke+1","Blade Dance","Accuracy+1","Crippling Poison","Well Laid Plans+1","Outmaneuver","Dash+1"],"special_seed":0,"relics":["Ring of the Serpent","Prayer Wheel","Unceasing Top","Frozen Egg 2","Ornamental Fan","Molten Egg 2","War Paint"],"potions_floor_usage":[8,8,13,16,16],"damage_taken":[{"damage":0.0,"enemies":"2 Louse","floor":1.0,"turns":3.0},{"damage":0,"enemies":"Cultist","floor":5,"turns":4},{"damage":42,"enemies":"3 Sentries","floor":6,"turns":14},{"damage":44,"enemies":"Lagavulin","floor":8,"turns":9},{"damage":0,"enemies":"Jaw Worm","floor":12,"turns":3},{"damage":5,"enemies":"3 Sentries","floor":13,"turns":3},{"damage":0,"enemies":"Exordium Wildlife","floor":14,"turns":3},{"damage":24,"enemies":"The Guardian","floor":16,"turns":11},{"damage":18,"enemies":"Shell Parasite","floor":18,"turns":6},{"damage":0,"enemies":"3 Byrds","floor":19,"turns":4},{"damage":12,"enemies":"Cultist and Chosen","floor":21,"turns":3},{"damage":36,"enemies":"Shelled Parasite and Fungi","floor":25,"turns":5},{"damage":21,"enemies":"Snecko","floor":29,"turns":4},{"damage":17,"enemies":"Gremlin Leader","floor":30,"turns":4}],"seed_played":"5516847235585912385","potions_obtained":[{"floor":1.0,"key":"Regen Potion"},{"floor":5,"key":"Regen Potion"},{"floor":6,"key":"Fire Potion"},{"floor":13,"key":"Weak Potion"},{"floor":14,"key":"LiquidBronze"}],"is_trial":false,"path_per_floor":["M","?","?","$","M","E","R","E","T","?","R","M","E","M","R","B",null,"M","M","?","M","$","R","$","M","T","R","?","M"],"character_chosen":"THE_SILENT","items_purchased":["Noxious Fumes+1","Finisher+1","Choke+1","Blade Dance","Accuracy+1"],"campfire_rested":4,"item_purchase_floors":[22,24,24,24,24],"current_hp_per_floor":[63,63,63,63,63,21,42,46,46,46,67,67,62,62,62,38,62,44,44,44,32,32,53,53,17,17,38,38,17,0],"gold":122,"neow_bonus":"ONE_RARE_RELIC","is_prod":false,"is_daily":false,"chose_seed":false,"campfire_upgraded":1,"win_rate":0,"timestamp":1535866987,"path_taken":["M","?","?","$","M","E","R","E","T","?","R","M","E","M","R","BOSS","M","M","?","M","$","R","$","M","T","R","?","?","E"],"build_version":"2018-08-23v2","purchased_purges":0,"victory":false,"max_hp_per_floor":[70,70,70,70,70,70,70,70,70,70,70,70,70,70,70,70,70,70,70,70,70,70,70,70,70,70,70,70,70,70],"card_choices":[{"not_picked":["Footwork","Crippling Poison"],"picked":"Acrobatics","floor":1.0},{"not_picked":["Predator","Skewer"],"picked":"Endless Agony","floor":1.0},{"not_picked":["Prepared","Flechettes"],"picked":"Dagger Throw","floor":5},{"not_picked":["Slice","Dagger Spray"],"picked":"Backflip","floor":5},{"not_picked":["Flying Knee","Calculated Gamble"],"picked":"Corpse Explosion","floor":6},{"not_picked":["Cloak And Dagger","Outmaneuver","Deadly Poison"],"picked":"SKIP","floor":8},{"not_picked":["Outmaneuver","Deadly Poison"],"picked":"Cloak And Dagger","floor":8},{"not_picked":["Backflip","Cloak And Dagger"],"picked":"Prepared","floor":12},{"not_picked":["Dagger Spray","Distraction"],"picked":"Backflip","floor":12},{"not_picked":["Deflect","Finisher"],"picked":"Die Die Die","floor":13},{"not_picked":["Acrobatics","Dodge and Roll"],"picked":"Endless Agony+1","floor":14},{"not_picked":["Dagger Spray+1","Acrobatics"],"picked":"Poisoned Stab+1","floor":14},{"not_picked":["Adrenaline","Unload+1"],"picked":"Bullet Time","floor":16},{"not_picked":["Slice+1","Deadly Poison"],"picked":"Bouncing Flask","floor":18},{"not_picked":["Dagger Throw+1","Reflex+1"],"picked":"Blade Dance","floor":18},{"not_picked":["Escape Plan","Endless Agony+1"],"picked":"Footwork+1","floor":19},{"not_picked":["Acrobatics","Prepared"],"picked":"Underhanded Strike+1","floor":19},{"not_picked":["Flechettes+1","Bouncing Flask"],"picked":"Concentrate","floor":21},{"not_picked":["Sucker Punch+1","Slice+1"],"picked":"Eviscerate+1","floor":21},{"not_picked":["Slice+1","Expertise"],"picked":"Crippling Poison","floor":25},{"not_picked":["Poisoned Stab+1","Cloak And Dagger"],"picked":"Well Laid Plans+1","floor":25},{"not_picked":["Cloak And Dagger","Slice+1"],"picked":"Outmaneuver","floor":29},{"not_picked":["Calculated Gamble","Sucker Punch+1"],"picked":"Dash+1","floor":29}],"player_experience":1629958,"relics_obtained":[{"floor":6,"key":"Unceasing Top"},{"floor":8,"key":"Frozen Egg 2"},{"floor":9,"key":"Ornamental Fan"},{"floor":13,"key":"Molten Egg 2"},{"floor":26,"key":"War Paint"}],"event_choices":[{"event_name":"Accursed Blacksmith","player_choice":"Forge","floor":2.0,"damage_taken":0.0},{"event_name":"Living Wall","player_choice":"Forget","floor":3,"damage_taken":0},{"event_name":"Liars Game","player_choice":"disagreed","floor":10,"damage_taken":0},{"event_name":"Vampires","player_choice":"Ignored","floor":20,"damage_taken":0},{"event_name":"The Joust","player_choice":"Bet on Murderer","floor":28,"damage_taken":0}],"is_beta":false,"boss_relics":[{"not_picked":["Empty Cage","Philosopher\u0027s Stone"],"picked":"Ring of the Serpent"}],"items_purged_floors":[],"is_endless":false,"potions_floor_spawned":[1,5,6,13,14],"killed_by":"Gremlin Leader","ascension_level":7}