{"gold_per_floor":[111,127,2,2,2,2,18,18,18,18,34,66,83,95,95,192,192,206,216,216,28,48,48,76,76,76,1,1,14,14,28,28,123,123,136,136,136,43,56,56,119,119,144,144,160,160,176,192,192,192],"floor_reached":50,"playtime":8890,"items_purged":[],"score":801,"play_id":"58181b2c-f8d4-48d5-9c2f-1e961bad0597","local_time":"20181011015507","is_ascension_mode":true,"campfire_choices":[{"floor":6,"key":"REST"},{"data":"Deep Breath","floor":8,"key":"SMITH"},{"data":"Zap","floor":10,"key":"SMITH"},{"data":"Go for the Eyes","floor":15,"key":"SMITH"},{"floor":23,"key":"REST"},{"floor":30,"key":"REST"},{"data":"Apotheosis","floor":32,"key":"SMITH"},{"data":"Capacitor","floor":40,"key":"SMITH"},{"floor":42,"key":"REST"},{"data":"Echo Form","floor":44,"key":"SMITH"},{"floor":49,"key":"REST"}],"neow_cost":"NONE","seed_source_timestamp":20528584089647,"circlet_count":0,"master_deck":["Strike_B","Strike_B","Defend_B","Defend_B","Defend_B","Zap+1","Dualcast+1","AscendersBane","Chill","Ball Lightning","Genetic Algorithm","FTL","Deep Breath+1","Reinforced Body","Go for the Eyes+1","Self Repair","Loop","Compile Driver","Biased Cognition","Ball Lightning+1","Cold Snap+1","Apotheosis+1","Sweeping Beam","Consume","Darkness","Conserve Battery","Echo Form+1","Amplify","White Noise+1","Madness+1","Madness","Compile Driver","Capacitor+1","Go for the Eyes+1","Leap+1","Consume+1","Skim"],"relics":["Cracked Core","Smiling Mask","Strawberry","Regal Pillow","Nuclear Battery","Gambling Chip","Happy Flower","Bag of Marbles","Philosopher\u0027s Stone","Tiny Chest","War Paint","Girya"],"potions_floor_usage":[12,14,18,22,45,45,50],"damage_taken":[{"damage":0,"enemies":"Cultist","floor":1,"turns":4},{"damage":0,"enemies":"2 Louse","floor":2,"turns":2},{"damage":7,"enemies":"Jaw Worm","floor":7,"turns":4},{"damage":0,"enemies":"3 Louse","floor":11,"turns":5},{"damage":0,"enemies":"3 Sentries","floor":12,"turns":2},{"damage":1,"enemies":"Blue Slaver","floor":13,"turns":3},{"damage":23,"enemies":"Lots of Slimes","floor":14,"turns":4},{"damage":22,"enemies":"Slime Boss","floor":16,"turns":10},{"damage":24,"enemies":"Chosen","floor":18,"turns":5},{"damage":17,"enemies":"2 Thieves","floor":19,"turns":5},{"damage":9,"enemies":"Shelled Parasite and Fungi","floor":22,"turns":6},{"damage":22,"enemies":"Slavers","floor":24,"turns":7},{"damage":20,"enemies":"Cultist and Chosen","floor":29,"turns":4},{"damage":1,"enemies":"Chosen and Byrds","floor":31,"turns":4},{"damage":95,"enemies":"Automaton","floor":33,"turns":10},{"damage":3,"enemies":"Orb Walker","floor":35,"turns":3},{"damage":6,"enemies":"3 Darklings","floor":39,"turns":5},{"damage":47,"enemies":"Giant Head","floor":41,"turns":6},{"damage":56,"enemies":"Transient","floor":45,"turns":5},{"damage":3,"enemies":"4 Shapes","floor":47,"turns":7},{"damage":0,"enemies":"Sphere and 2 Shapes","floor":48,"turns":6},{"damage":87,"enemies":"Awakened One","floor":50,"turns":7}],"seed_played":"4259843614708894396","potions_obtained":[{"floor":2,"key":"PowerPotion"},{"floor":12,"key":"SpeedPotion"},{"floor":16,"key":"LiquidBronze"},{"floor":18,"key":"SpeedPotion"},{"floor":29,"key":"FairyPotion"},{"floor":33,"key":"FearPotion"},{"floor":39,"key":"SteroidPotion"},{"floor":41,"key":"FearPotion"}],"is_trial":false,"path_per_floor":["M","M","$","?","?","R","M","R","T","R","M","E","M","M","R","B",null,"M","M","?","$","M","R","E","?","T","?","T","M","R","M","R","B",null,"M","?","?","$","M","R","E","R","T","R","M","T","M","M","R"],"character_chosen":"DEFECT","items_purchased":["FTL","Deep Breath","Apotheosis","Compile Driver","Capacitor"],"campfire_rested":5,"item_purchase_floors":[3,3,21,38,38],"current_hp_per_floor":[68,68,68,43,43,65,58,58,65,65,65,65,71,55,55,40,72,55,45,45,45,36,75,60,60,60,60,60,40,79,82,82,18,66,82,82,72,72,82,82,42,81,81,81,35,35,39,49,82,0],"gold":192,"neow_bonus":"THREE_CARDS","is_prod":false,"is_daily":false,"chose_seed":false,"campfire_upgraded":6,"win_rate":0,"timestamp":1539237307,"path_taken":["M","M","$","?","?","R","M","R","T","R","?","E","?","M","R","BOSS","M","M","?","$","?","R","E","?","T","?","?","M","R","M","R","BOSS","M","?","?","$","M","R","E","R","T","R","?","?","?","M","R","BOSS"],"build_version":"2018-10-04v2","purchased_purges":0,"victory":false,"max_hp_per_floor":[75,75,75,75,75,75,75,75,82,82,82,82,82,82,82,82,82,82,82,82,82,82,82,82,82,82,82,82,82,82,82,82,82,82,82,82,82,82,82,82,82,82,82,82,82,82,82,82,82,82],"card_choices":[{"not_picked":["Double Energy","Redo"],"picked":"Chill","floor":0},{"not_picked":["Leap","Rebound"],"picked":"Ball Lightning","floor":1},{"not_picked":["Redo","Beam Cell"],"picked":"Genetic Algorithm","floor":2},{"not_picked":["Aggregate","Leap"],"picked":"Reinforced Body","floor":7},{"not_picked":["Reinforced Body","Sweeping Beam"],"picked":"Go for the Eyes","floor":11},{"not_picked":["Loop","Reinforced Body"],"picked":"Self Repair","floor":12},{"not_picked":["Coolheaded","Redo"],"picked":"Loop","floor":13},{"not_picked":["Go for the Eyes","Stack"],"picked":"Compile Driver","floor":14},{"not_picked":["Echo Form","Fission"],"picked":"Biased Cognition","floor":16},{"not_picked":["Steam","Turbo+1"],"picked":"Ball Lightning+1","floor":18},{"not_picked":["Go for the Eyes","BootSequence"],"picked":"Cold Snap+1","floor":19},{"not_picked":["Coolheaded","Hologram"],"picked":"Sweeping Beam","floor":22},{"not_picked":["Compile Driver+1","Fusion"],"picked":"Consume","floor":24},{"not_picked":["Leap","Tempest"],"picked":"Conserve Battery","floor":29},{"not_picked":["Stack","Cold Snap"],"picked":"Echo Form","floor":31},{"not_picked":["Multi-Cast","Machine Learning"],"picked":"Amplify","floor":33},{"not_picked":["Defragment","Chill"],"picked":"White Noise+1","floor":35},{"not_picked":["Rebound","Chaos"],"picked":"Go for the Eyes+1","floor":39},{"not_picked":["Hello World","Rebound+1","Coolheaded"],"picked":"SKIP","floor":41},{"not_picked":["Sweeping Beam","Gash+1"],"picked":"Leap+1","floor":45},{"not_picked":["Streamline","Capacitor"],"picked":"Consume+1","floor":47},{"not_picked":["Thunder Strike","Turbo"],"picked":"Skim","floor":48}],"player_experience":1834556,"relics_obtained":[{"floor":9,"key":"Strawberry"},{"floor":12,"key":"Regal Pillow"},{"floor":24,"key":"Gambling Chip"},{"floor":26,"key":"Happy Flower"},{"floor":28,"key":"Bag of Marbles"},{"floor":41,"key":"Tiny Chest"},{"floor":43,"key":"War Paint"},{"floor":46,"key":"Girya"}],"event_choices":[{"event_name":"Scrap Ooze","player_choice":"success","floor":4,"damage_taken":25},{"event_name":"The Cleric","player_choice":"Leave","floor":5,"damage_taken":0},{"event_name":"Ghosts","player_choice":"Ignored","floor":20,"damage_taken":0},{"event_name":"Transmorgrifier","player_choice":"Transform","floor":25,"damage_taken":0},{"event_name":"Beggar","player_choice":"Gave Gold","floor":27,"damage_taken":0},{"event_name":"Falling","player_choice":"Removed Skill","floor":36,"damage_taken":0},{"event_name":"Winding Halls","player_choice":"Embrace Madness","floor":37,"damage_taken":0}],"is_beta":false,"boss_relics":[{"not_picked":["Empty Cage","Fusion Hammer"],"picked":"Nuclear Battery"},{"not_picked":["Orrery","Black Star"],"picked":"Philosopher\u0027s Stone"}],"items_purged_floors":[],"is_endless":false,"potions_floor_spawned":[2,12,16,18,29,33,39,41],"killed_by":"Awakened One","ascension_level":10}