{"gold_per_floor":[114,114,135,135,135,168,168,202,202,222,247,247,272,29,29,122,122,140,28,48,48,66,66,104,118,118,134,34,34,97,97,97,190,190,208,208,233,43,168,168,208,235,235,259,259,273,273,291,291,291],"floor_reached":51,"playtime":5601,"items_purged":["Strike_B","Strike_B"],"score":1196,"play_id":"b9f3dc22-f318-4a07-991f-f68e89a09d25","local_time":"20190216001557","is_ascension_mode":true,"campfire_choices":[{"data":"Zap","floor":7.0,"key":"SMITH"},{"data":"Static Discharge","floor":12.0,"key":"SMITH"},{"data":"Dualcast","floor":15.0,"key":"SMITH"},{"floor":23.0,"key":"REST"},{"data":"Hologram","floor":29.0,"key":"SMITH"},{"data":"Hologram","floor":32.0,"key":"SMITH"},{"floor":40.0,"key":"REST"},{"data":"Turbo","floor":45,"key":"SMITH"},{"data":"Blind","floor":47,"key":"SMITH"},{"floor":49,"key":"REST"}],"neow_cost":"NONE","seed_source_timestamp":725136161950448,"circlet_count":0,"master_deck":["AscendersBane","Strike_B+1","Defend_B","Defend_B","Defend_B+1","Defend_B","Zap+1","Dualcast+1","Self Repair","Lockon+1","Reinforced Body","Rebound","Beam Cell","Static Discharge+1","All For One","Blind+1","All For One","Beam Cell+1","Steam Power+1","Turbo+1","Echo Form","Sweeping Beam","Hologram+1","Hologram+1","J.A.X.","Machine Learning","Enlightenment","Swift Strike","Master of Strategy","Conserve Battery","All For One","Undo+1"],"special_seed":0,"relics":["Cracked Core","NeowsBlessing","Golden Idol","Ornamental Fan","Whetstone","Happy Flower","DataDisk","Lizard Tail","Juzu Bracelet","Thread and Needle","Tiny Chest","White Beast Statue","Du-Vu Doll","War Paint","Blood Vial","Ginger"],"potions_floor_usage":[41,48,50,50],"damage_taken":[{"damage":0.0,"enemies":"2 Louse","floor":1.0,"turns":1.0},{"damage":0.0,"enemies":"Jaw Worm","floor":3.0,"turns":1.0},{"damage":0.0,"enemies":"3 Sentries","floor":6.0,"turns":1.0},{"damage":35.0,"enemies":"Lagavulin","floor":8.0,"turns":8.0},{"damage":1.0,"enemies":"Cultist","floor":10.0,"turns":3.0},{"damage":3.0,"enemies":"3 Louse","floor":11.0,"turns":4.0},{"damage":4.0,"enemies":"Blue Slaver","floor":13.0,"turns":3.0},{"damage":16.0,"enemies":"The Guardian","floor":16.0,"turns":8.0},{"damage":22.0,"enemies":"2 Thieves","floor":18.0,"turns":3.0},{"damage":17.0,"enemies":"3 Byrds","floor":20.0,"turns":4.0},{"damage":22.0,"enemies":"Shelled Parasite and Fungi","floor":22.0,"turns":4.0},{"damage":23.0,"enemies":"Slavers","floor":24.0,"turns":4.0},{"damage":12.0,"enemies":"Centurion and Healer","floor":25.0,"turns":7.0},{"damage":0.0,"enemies":"Cultist and Chosen","floor":27.0,"turns":3.0},{"damage":1.0,"enemies":"Book of Stabbing","floor":30.0,"turns":3.0},{"damage":41.0,"enemies":"Automaton","floor":33.0,"turns":10.0},{"damage":2.0,"enemies":"3 Shapes","floor":35.0,"turns":4.0},{"damage":18.0,"enemies":"Orb Walker","floor":37.0,"turns":3.0},{"damage":6.0,"enemies":"Mind Bloom Boss Battle","floor":39.0,"turns":4.0},{"damage":22,"enemies":"Nemesis","floor":41,"turns":5},{"damage":25,"enemies":"Writhing Mass","floor":44,"turns":5},{"damage":3,"enemies":"Maw","floor":46,"turns":3},{"damage":15,"enemies":"3 Darklings","floor":48,"turns":3},{"damage":43,"enemies":"Awakened One","floor":50,"turns":10}],"seed_played":"-479818274228986297","potions_obtained":[{"floor":1.0,"key":"SteroidPotion"},{"floor":3.0,"key":"AttackPotion"},{"floor":6.0,"key":"LiquidBronze"},{"floor":18.0,"key":"Fruit Juice"},{"floor":20.0,"key":"AttackPotion"},{"floor":21.0,"key":"Block Potion"},{"floor":24.0,"key":"Explosive Potion"},{"floor":30.0,"key":"Swift Potion"},{"floor":33.0,"key":"SpeedPotion"},{"floor":41,"key":"SteroidPotion"},{"floor":44,"key":"Dexterity Potion"},{"floor":48,"key":"SkillPotion"}],"is_trial":false,"path_per_floor":["M","?","M","?","?","E","R","E","T","M","M","R","M","$","R","B",null,"M","$","M","?","M","R","E","M","T","M","$","R","E","?","R","B",null,"M","?","M","$","?","R","E","T","T","M","R","M","R","M","R","B",null],"character_chosen":"DEFECT","items_purchased":["Blind","DataDisk","Steam Power","Master of Strategy"],"campfire_rested":3,"item_purchase_floors":[14,14,19,38],"current_hp_per_floor":[68,50,50,43,43,50,50,22,22,28,32,32,35,35,35,26,63,53,53,36,36,21,45,36,31,31,38,38,38,44,44,44,10,63,68,63,45,45,39,63,41,41,41,32,32,31,31,18,42,1],"gold":291,"neow_bonus":"THREE_ENEMY_KILL","is_prod":false,"is_daily":false,"chose_seed":false,"campfire_upgraded":7,"win_rate":0,"timestamp":1550294157,"path_taken":["M","?","M","?","?","E","R","E","T","M","M","R","M","$","R","BOSS","M","$","M","?","?","R","E","M","T","M","$","R","E","?","R","BOSS","M","?","M","$","?","R","E","?","T","M","R","M","R","M","R","BOSS"],"build_version":"2019-01-23","purchased_purges":2,"victory":true,"max_hp_per_floor":[75,75,75,75,75,75,75,75,75,75,75,75,75,75,75,75,75,80,80,80,80,80,80,80,80,80,80,80,80,80,80,80,80,80,80,80,80,80,80,80,80,80,80,80,80,80,80,80,80,80],"card_choices":[{"not_picked":["Steam Power","Capacitor"],"picked":"Self Repair","floor":1.0},{"not_picked":["Stack","Storm"],"picked":"Lockon","floor":3.0},{"not_picked":["Leap","Turbo"],"picked":"Reinforced Body","floor":6.0},{"not_picked":["Leap","Storm"],"picked":"Rebound","floor":8.0},{"not_picked":["Rebound","Glacier"],"picked":"Beam Cell","floor":10.0},{"not_picked":["Hologram","Coolheaded"],"picked":"Static Discharge","floor":11.0},{"not_picked":["Leap","Streamline"],"picked":"All For One","floor":13.0},{"not_picked":["Creative AI","Core Surge"],"picked":"All For One","floor":16.0},{"not_picked":["Hologram","Chaos"],"picked":"Beam Cell+1","floor":18.0},{"not_picked":["Tempest","Blizzard"],"picked":"Turbo","floor":20.0},{"not_picked":["Go for the Eyes+1","Leap+1"],"picked":"Echo Form","floor":22.0},{"not_picked":["Ball Lightning","Darkness"],"picked":"Sweeping Beam","floor":24.0},{"not_picked":["Cold Snap+1","Sweeping Beam"],"picked":"Hologram","floor":25.0},{"not_picked":["Recycle","Reprogram","Go for the Eyes"],"picked":"SKIP","floor":27.0},{"not_picked":["Compile Driver","Amplify"],"picked":"Hologram","floor":30.0},{"not_picked":["Multi-Cast","Reboot"],"picked":"Machine Learning","floor":33.0},{"not_picked":["Rebound","Streamline","Ball Lightning"],"picked":"SKIP","floor":35.0},{"not_picked":["Magnetism","Violence"],"picked":"Enlightenment","floor":36.0},{"not_picked":["Impatience","Purity"],"picked":"Swift Strike","floor":36.0},{"not_picked":["Cold Snap","Redo","Consume+1"],"picked":"SKIP","floor":37.0},{"not_picked":["Cold Snap","Redo","Consume+1"],"picked":"SKIP","floor":37.0},{"not_picked":["Gash","Storm"],"picked":"Conserve Battery","floor":41},{"not_picked":["Beam Cell","Compile Driver"],"picked":"All For One","floor":44},{"not_picked":["Hologram","Force Field","Heatsinks+1"],"picked":"SKIP","floor":46},{"not_picked":["Barrage","Ball Lightning+1"],"picked":"Undo+1","floor":48}],"player_experience":2276358,"relics_obtained":[{"floor":6.0,"key":"Ornamental Fan"},{"floor":8.0,"key":"Whetstone"},{"floor":9.0,"key":"Happy Flower"},{"floor":24.0,"key":"Juzu Bracelet"},{"floor":26.0,"key":"Thread and Needle"},{"floor":30.0,"key":"Tiny Chest"},{"floor":39.0,"key":"Du-Vu Doll"},{"floor":41,"key":"War Paint"},{"floor":42,"key":"Blood Vial"},{"floor":43,"key":"Ginger"}],"event_choices":[{"damage_healed":0.0,"max_hp_gain":0.0,"max_hp_loss":0.0,"gold_gain":0.0,"event_name":"Golden Idol","player_choice":"Take Damage","floor":2.0,"gold_loss":0.0,"damage_taken":18.0,"relics_obtained":["Golden Idol"]},{"cards_removed":["Strike_B"],"damage_healed":0.0,"max_hp_gain":0.0,"max_hp_loss":0.0,"gold_gain":0.0,"event_name":"Golden Wing","player_choice":"Card Removal","floor":4.0,"gold_loss":0.0,"damage_taken":7.0},{"damage_healed":0.0,"max_hp_gain":0.0,"max_hp_loss":0.0,"gold_gain":0.0,"event_name":"Scrap Ooze","player_choice":"Fled","floor":5.0,"gold_loss":0.0,"damage_taken":0.0},{"damage_healed":0.0,"max_hp_gain":0.0,"max_hp_loss":0.0,"gold_gain":0.0,"event_name":"Lab","player_choice":"Got Potions","floor":21.0,"gold_loss":0.0,"damage_taken":0.0},{"damage_healed":0.0,"max_hp_gain":0.0,"max_hp_loss":0.0,"gold_gain":0.0,"event_name":"Drug Dealer","player_choice":"Obtain J.A.X.","floor":31.0,"gold_loss":0.0,"damage_taken":0.0,"cards_obtained":["J.A.X."]},{"damage_healed":0.0,"max_hp_gain":0.0,"max_hp_loss":0.0,"gold_gain":0.0,"event_name":"SensoryStone","player_choice":"Memory 2","floor":36.0,"gold_loss":0.0,"damage_taken":5.0},{"damage_healed":0.0,"max_hp_gain":0.0,"max_hp_loss":0.0,"gold_gain":0.0,"event_name":"MindBloom","player_choice":"Fight","floor":39.0,"gold_loss":0.0,"damage_taken":0.0}],"is_beta":false,"boss_relics":[{"not_picked":["Coffee Dripper","FrozenCore"],"picked":"Lizard Tail"},{"not_picked":["Runic Dome","Inserter"],"picked":"White Beast Statue"}],"items_purged_floors":[19,28],"is_endless":false,"potions_floor_spawned":[1,3,6,18,20,24,30,33,35,37,39,41,44,46,48],"ascension_level":13}