{"gold_per_floor":[19,19,29,43,55,55,75,107,181,209,209,219,121,138,138,239,239,257,270,303,319,319,319],"floor_reached":23,"playtime":1967,"items_purged":["Strike_B"],"score":304,"play_id":"507e8328-9e37-4ff0-a0bc-e3468201933f","local_time":"20180804144404","is_ascension_mode":true,"campfire_choices":[{"data":"Streamline","floor":6,"key":"SMITH"},{"floor":11,"key":"REST"},{"floor":15,"key":"REST"}],"neow_cost":"NO_GOLD","seed_source_timestamp":120136900686205,"circlet_count":0,"master_deck":["Strike_B","Strike_B","Strike_B","Defend_B","Defend_B","Defend_B","Defend_B","Zap","Dualcast+1","Streamline+1","Ball Lightning","Gash","Reprogram","Hologram","FTL","Echo Form","Beam Cell","Ball Lightning","Genetic Algorithm","Core Surge","Leap","Gash","Steam","Aggregate"],"relics":["Cracked Core","Odd Mushroom","StoneCalendar","Singing Bowl","Pen Nib","Sozu","Red Mask","Blue Candle"],"potions_floor_usage":[7,7,7,10,14,16,18,20],"damage_taken":[{"damage":4,"enemies":"Jaw Worm","floor":1,"turns":4},{"damage":1,"enemies":"Cultist","floor":3,"turns":3},{"damage":0,"enemies":"2 Louse","floor":4,"turns":1},{"damage":15,"enemies":"2 Fungi Beasts","floor":5,"turns":3},{"damage":18,"floor":7,"turns":4},{"damage":8,"enemies":"3 Sentries","floor":8,"turns":6},{"damage":16,"enemies":"Gremlin Nob","floor":10,"turns":3},{"damage":11,"enemies":"Looter","floor":12,"turns":2},{"damage":17,"enemies":"Lots of Slimes","floor":14,"turns":3},{"damage":0,"enemies":"Slime Boss","floor":16,"turns":5},{"damage":9,"enemies":"Shell Parasite","floor":18,"turns":2},{"damage":9,"enemies":"3 Byrds","floor":19,"turns":5},{"damage":36,"floor":20,"turns":4},{"damage":29,"enemies":"Slaver and Parasite","floor":21,"turns":5},{"damage":11,"enemies":"Slavers","floor":23,"turns":1}],"seed_played":"4763142412722176299","potions_obtained":[{"floor":1,"key":"Regen Potion"},{"floor":3,"key":"EntropicBrew"},{"floor":7,"key":"Swift Potion"},{"floor":12,"key":"SkillPotion"},{"floor":16,"key":"Poison Potion"}],"is_trial":false,"path_per_floor":["M","?","M","M","M","R","?","E","T","E","R","M","$","M","R","B",null,"M","M","?","M","T"],"character_chosen":"DEFECT","items_purchased":["Ball Lightning"],"campfire_rested":2,"item_purchase_floors":[13],"current_hp_per_floor":[85,85,84,84,69,69,63,55,55,39,65,54,54,37,63,63,89,80,71,35,6,6,0],"gold":319,"neow_bonus":"TWENTY_PERCENT_HP_BONUS","is_prod":false,"is_daily":false,"chose_seed":false,"campfire_upgraded":1,"win_rate":0,"timestamp":1533408244,"path_taken":["M","?","M","M","M","R","?","E","T","E","R","M","?","M","R","BOSS","M","M","?","?","?","E"],"build_version":"2018-07-26","purchased_purges":1,"victory":false,"max_hp_per_floor":[89,89,89,89,89,89,89,89,89,89,89,89,89,89,89,89,89,89,89,89,89,89,89],"card_choices":[{"not_picked":["Tempest","Capacitor"],"picked":"Streamline","floor":1},{"not_picked":["Coolheaded","Streamline"],"picked":"Ball Lightning","floor":3},{"not_picked":["Sunder","Barrage"],"picked":"Gash","floor":4},{"not_picked":["Compile Driver","Fusion"],"picked":"Reprogram","floor":5},{"not_picked":["Darkness","Doom and Gloom"],"picked":"Hologram","floor":7},{"not_picked":["Barrage","Sweeping Beam"],"picked":"FTL","floor":8},{"not_picked":["Reprogram","Chaos"],"picked":"Echo Form","floor":10},{"not_picked":["Sweeping Beam","Tempest"],"picked":"Beam Cell","floor":12},{"not_picked":["Recycle","Compile Driver"],"picked":"Genetic Algorithm","floor":14},{"not_picked":["Machine Learning","Meteor Strike"],"picked":"Core Surge","floor":16},{"not_picked":["Lockon","Barrage"],"picked":"Leap","floor":18},{"not_picked":["Cold Snap","Leap"],"picked":"Gash","floor":19},{"not_picked":["Turbo","Aggregate"],"picked":"Steam","floor":20},{"not_picked":["Chaos","Heatsinks"],"picked":"Aggregate","floor":21}],"player_experience":1435078,"relics_obtained":[{"floor":7,"key":"Odd Mushroom"},{"floor":8,"key":"StoneCalendar"},{"floor":9,"key":"Singing Bowl"},{"floor":10,"key":"Pen Nib"},{"floor":20,"key":"Red Mask"},{"floor":22,"key":"Blue Candle"}],"event_choices":[{"event_name":"Upgrade Shrine","player_choice":"Upgraded","floor":2,"damage_taken":0},{"event_name":"Mushrooms","player_choice":"Fought Mushrooms","floor":7,"damage_taken":0},{"event_name":"Masked Bandits","player_choice":"Fought over 270 gold","floor":20,"damage_taken":0}],"is_beta":false,"boss_relics":[{"not_picked":["Black Star","Velvet Choker"],"picked":"Sozu"}],"items_purged_floors":[13],"is_endless":false,"potions_floor_spawned":[1,3,7,12,16,20,21],"killed_by":"Slavers","ascension_level":4}