{"gold_per_floor":[113,42,42,4,4,4,18,32,32,32,56,68,83,46,46,144,144,159,159],"floor_reached":19,"playtime":1366,"items_purged":[],"score":157,"play_id":"2b38c44c-cf00-45ad-beae-a7a5547277e3","local_time":"20190716182635","is_ascension_mode":false,"campfire_choices":[{"data":"Accuracy","floor":6.0,"key":"SMITH"},{"data":"Deadly Poison","floor":10.0,"key":"SMITH"},{"floor":15,"key":"REST"}],"neow_cost":"NONE","seed_source_timestamp":0,"circlet_count":0,"master_deck":["Strike_G","Strike_G","Strike_G","Strike_G","Strike_G","Defend_G","Defend_G","Defend_G","Defend_G","Defend_G","Survivor","Neutralize","Madness","Deadly Poison+1","Accuracy+1","Dodge and Roll","Backflip","Flying Knee","Dagger Throw","Caltrops","Burst","Distraction"],"special_seed":0,"relics":["Ring of the Snake","Du-Vu Doll","Omamori","Lizard Tail"],"potions_floor_usage":[13,19],"damage_taken":[{"damage":0.0,"enemies":"Cultist","floor":1.0,"turns":5.0},{"damage":4.0,"enemies":"Jaw Worm","floor":7.0,"turns":5.0},{"damage":0.0,"enemies":"2 Louse","floor":8.0,"turns":1.0},{"damage":24.0,"enemies":"Gremlin Gang","floor":12.0,"turns":8.0},{"damage":0,"enemies":"Exordium Thugs","floor":13,"turns":5},{"damage":28,"enemies":"The Guardian","floor":16,"turns":13},{"damage":40,"enemies":"Spheric Guardian","floor":18,"turns":9},{"damage":81,"enemies":"Masked Bandits","floor":19,"turns":7}],"seed_played":"3340212477689833266","potions_obtained":[{"floor":1.0,"key":"Explosive Potion"},{"floor":12.0,"key":"Fire Potion"},{"floor":18,"key":"AttackPotion"}],"is_trial":false,"path_per_floor":["M","$","?","$","?","R","M","M","T","R","T","M","M","$","R","B",null,"M","?"],"character_chosen":"THE_SILENT","items_purchased":["Accuracy","Riddle With Holes","Caltrops"],"campfire_rested":1,"item_purchase_floors":[2,4,14],"current_hp_per_floor":[70,70,70,70,70,70,66,66,66,66,66,42,42,42,63,35,70,30,0],"gold":159,"neow_bonus":"RANDOM_COLORLESS","is_prod":false,"is_daily":false,"chose_seed":false,"campfire_upgraded":2,"win_rate":0.0,"timestamp":1563312395,"path_taken":["M","?","?","$","?","R","M","?","T","R","?","M","M","$","R","BOSS","M","?"],"build_version":"2019-07-05","purchased_purges":0,"victory":false,"max_hp_per_floor":[70,70,70,70,70,70,70,70,70,70,70,70,70,70,70,70,70,70,70],"card_choices":[{"not_picked":["PiercingWail","Tactician"],"picked":"Deadly Poison","floor":1.0},{"not_picked":["Deflect","Underhanded Strike"],"picked":"Dodge and Roll","floor":7.0},{"not_picked":["Slice","Deflect"],"picked":"Backflip","floor":8.0},{"not_picked":["Quick Slash","Masterful Stab"],"picked":"Flying Knee","floor":12.0},{"not_picked":["Concentrate","Well Laid Plans"],"picked":"Dagger Throw","floor":13},{"not_picked":["Venomology","Envenom"],"picked":"Burst","floor":16},{"not_picked":["Underhanded Strike","Dagger Throw"],"picked":"Distraction","floor":18}],"player_experience":169429,"relics_obtained":[{"floor":9.0,"key":"Du-Vu Doll"},{"floor":11.0,"key":"Omamori"}],"event_choices":[{"damage_healed":0.0,"max_hp_gain":0.0,"max_hp_loss":0.0,"gold_gain":0.0,"event_name":"Liars Game","player_choice":"Ignored","floor":3.0,"gold_loss":0.0,"damage_taken":0.0},{"cards_removed":["Riddle With Holes"],"damage_healed":0.0,"max_hp_gain":0.0,"max_hp_loss":0.0,"gold_gain":0.0,"event_name":"Bonfire Elementals","player_choice":"Offered Uncommon","floor":5.0,"gold_loss":0.0,"damage_taken":0.0},{"damage_healed":0,"gold_gain":0,"player_choice":"Fought Bandits","damage_taken":0,"max_hp_gain":0,"max_hp_loss":0,"event_name":"Masked Bandits","floor":19,"gold_loss":0}],"is_beta":false,"boss_relics":[{"not_picked":["Cursed Key","Black Star"],"picked":"Lizard Tail"}],"items_purged_floors":[],"is_endless":false,"potions_floor_spawned":[1,12,18],"killed_by":"Masked Bandits","ascension_level":0}