{"gold_per_floor":[216,236,3,3,15,15,45,21,21,40,40,111,111,111,111,111],"floor_reached":16,"playtime":540,"items_purged":[],"score":98,"play_id":"939a254f-555e-475e-8632-e76b013a6ac7","local_time":"20190729173603","is_ascension_mode":false,"campfire_choices":[{"data":"Genetic Algorithm","floor":6,"key":"SMITH"},{"floor":11,"key":"REST"},{"floor":13,"key":"REST"},{"data":"Capacitor","floor":15,"key":"SMITH"}],"neow_cost":"NONE","seed_source_timestamp":168319486347610,"circlet_count":0,"master_deck":["Strike_B","Strike_B","Strike_B","Strike_B","Defend_B","Defend_B","Defend_B","Defend_B","Zap","Dualcast","Leap","Streamline","Genetic Algorithm+1","Meteor Strike+1","Capacitor+1","Double Energy","Beam Cell","Undo","Parasite"],"relics":["Cracked Core","Mummified Hand","Blood Vial"],"potions_floor_usage":[16,16],"damage_taken":[{"damage":0,"enemies":"Small Slimes","floor":1,"turns":2},{"damage":0,"enemies":"Jaw Worm","floor":2,"turns":4},{"damage":0,"enemies":"2 Louse","floor":5,"turns":2},{"damage":45,"enemies":"Lagavulin","floor":7,"turns":7},{"damage":10,"enemies":"Looter","floor":10,"turns":3},{"damage":76,"enemies":"Hexaghost","floor":16,"turns":13}],"seed_played":"1238119108263574575","potions_obtained":[{"floor":2,"key":"SpeedPotion"},{"floor":10,"key":"Explosive Potion"}],"is_trial":false,"path_per_floor":["M","M","$","?","M","R","E","$","T","M","R","?","R","?","R","B"],"character_chosen":"DEFECT","items_purchased":["Genetic Algorithm","Meteor Strike","Beam Cell"],"campfire_rested":2,"item_purchase_floors":[3,3,8],"current_hp_per_floor":[75,75,75,75,75,75,30,30,30,22,44,44,66,75,75,0],"gold":111,"neow_bonus":"HUNDRED_GOLD","is_prod":false,"is_daily":false,"chose_seed":false,"campfire_upgraded":2,"win_rate":0.0,"timestamp":1564432563,"path_taken":["M","M","$","?","M","R","E","?","T","M","R","?","R","?","R","BOSS"],"build_version":"2019-07-17","purchased_purges":0,"victory":false,"max_hp_per_floor":[75,75,75,75,75,75,75,75,75,75,75,75,75,75,75,75],"card_choices":[{"not_picked":["Rebound","Ball Lightning"],"picked":"Leap","floor":1},{"not_picked":["Hologram","Beam Cell"],"picked":"Streamline","floor":2},{"not_picked":["Rebound","Tempest"],"picked":"Capacitor","floor":5},{"not_picked":["Coolheaded","Blizzard"],"picked":"Double Energy","floor":7},{"not_picked":["Rebound","Go for the Eyes"],"picked":"Undo","floor":10}],"player_experience":255797,"relics_obtained":[{"floor":7,"key":"Mummified Hand"},{"floor":9,"key":"Blood Vial"}],"event_choices":[{"damage_healed":0,"gold_gain":0,"player_choice":"Grow","damage_taken":0,"max_hp_gain":0,"max_hp_loss":0,"event_name":"Living Wall","floor":4,"gold_loss":0,"cards_upgraded":["Meteor Strike"]},{"damage_healed":0,"gold_gain":71,"player_choice":"Gained Gold","damage_taken":0,"max_hp_gain":0,"max_hp_loss":0,"event_name":"Golden Wing","floor":12,"gold_loss":0},{"damage_healed":18,"gold_gain":0,"player_choice":"Healed and dodged fight","damage_taken":0,"max_hp_gain":0,"max_hp_loss":0,"event_name":"Mushrooms","floor":14,"gold_loss":0,"cards_obtained":["Parasite"]}],"is_beta":false,"boss_relics":[],"items_purged_floors":[],"is_endless":false,"potions_floor_spawned":[2,10],"killed_by":"Hexaghost","ascension_level":0}