{"gold_per_floor":[117,117,137,137,147,147,4,4,4,22,39,52,52,77,77,177,177,190,203,203,223,236,236],"floor_reached":23,"playtime":2180,"items_purged":["Strike_R"],"score":195,"play_id":"00d4222e-911b-40fa-85d1-dedb286296bf","local_time":"20191003214225","is_ascension_mode":false,"campfire_choices":[{"data":"Bash","floor":6.0,"key":"SMITH"},{"data":"Inflame","floor":8.0,"key":"SMITH"},{"data":"Berserk","floor":15.0,"key":"SMITH"}],"neow_cost":"NONE","seed_source_timestamp":0,"circlet_count":0,"master_deck":["Strike_R","Strike_R","Strike_R","Strike_R","Defend_R","Defend_R","Defend_R","Defend_R","Bash+1","Deep Breath","Perfected Strike","Iron Wave","Heavy Blade","Inflame+1","Twin Strike","Clothesline","Berserk+1","Twin Strike","Reaper","Headbutt","Cleave","Shrug It Off"],"special_seed":0,"relics":["Burning Blood","Sundial","FaceOfCleric","Calipers","Pantograph","Velvet Choker","Centennial Puzzle"],"potions_floor_usage":[21,23],"damage_taken":[{"damage":6.0,"enemies":"Jaw Worm","floor":1.0,"turns":4.0},{"damage":0.0,"enemies":"2 Louse","floor":3.0,"turns":2.0},{"damage":6.0,"enemies":"Cultist","floor":5.0,"turns":3.0},{"damage":6.0,"enemies":"2 Fungi Beasts","floor":10.0,"turns":3.0},{"damage":3.0,"enemies":"Gremlin Gang","floor":11.0,"turns":3.0},{"damage":6.0,"enemies":"Red Slaver","floor":12.0,"turns":3.0},{"damage":26.0,"enemies":"Gremlin Nob","floor":14.0,"turns":4.0},{"damage":21.0,"enemies":"Slime Boss","floor":16.0,"turns":7.0},{"damage":26.0,"enemies":"Shell Parasite","floor":18.0,"turns":4.0},{"damage":0,"enemies":"Chosen","floor":19,"turns":3},{"damage":24,"enemies":"Snake Plant","floor":21,"turns":4},{"damage":20,"enemies":"Cultist and Chosen","floor":22,"turns":4},{"damage":69,"enemies":"Slavers","floor":23,"turns":3}],"seed_played":"927649137914784985","potions_obtained":[{"floor":5.0,"key":"Explosive Potion"},{"floor":10.0,"key":"Strength Potion"},{"floor":12.0,"key":"Ancient Potion"},{"floor":13.0,"key":"FairyPotion"},{"floor":18,"key":"SkillPotion"},{"floor":22,"key":"FearPotion"}],"is_trial":false,"path_per_floor":["M","?","M","?","M","R","$","R","T","M","M","M","?","E","R","B",null,"M","M","T","M","M","E"],"character_chosen":"IRONCLAD","items_purchased":["Inflame"],"campfire_rested":0,"item_purchase_floors":[7],"current_hp_per_floor":[80,73,79,79,80,80,80,80,80,81,83,84,84,65,65,71,86,67,74,74,57,51,0],"gold":236,"neow_bonus":"RANDOM_COLORLESS","is_prod":false,"is_daily":false,"chose_seed":false,"campfire_upgraded":3,"win_rate":0.0,"timestamp":1570110145,"path_taken":["M","?","M","?","M","R","$","R","T","?","M","M","?","E","R","BOSS","M","?","?","M","?","E"],"build_version":"2019-07-17","purchased_purges":1,"victory":false,"max_hp_per_floor":[80,80,80,80,81,81,81,81,81,82,83,84,84,85,85,86,86,87,88,88,89,90,90],"card_choices":[{"not_picked":["Shrug It Off","Armaments"],"picked":"Perfected Strike","floor":1.0},{"not_picked":["Clash","Dropkick"],"picked":"Iron Wave","floor":3.0},{"not_picked":["Warcry","True Grit"],"picked":"Heavy Blade","floor":5.0},{"not_picked":["Shockwave","Hemokinesis"],"picked":"Twin Strike","floor":10.0},{"not_picked":["Shrug It Off","Thunderclap"],"picked":"Clothesline","floor":11.0},{"not_picked":["Bloodletting","Warcry"],"picked":"Berserk","floor":12.0},{"not_picked":["Rupture","Clash"],"picked":"Twin Strike","floor":14.0},{"not_picked":["Barricade","Fiend Fire"],"picked":"Reaper","floor":16.0},{"not_picked":["Clash","Entrench","Anger"],"picked":"SKIP","floor":18},{"not_picked":["Pummel","Sword Boomerang"],"picked":"Headbutt","floor":19},{"not_picked":["Seeing Red+1","Flex+1"],"picked":"Cleave","floor":21},{"not_picked":["Body Slam","Pommel Strike"],"picked":"Shrug It Off","floor":22}],"player_experience":57484,"relics_obtained":[{"floor":9.0,"key":"Calipers"},{"floor":14.0,"key":"Pantograph"},{"floor":20,"key":"Centennial Puzzle"}],"event_choices":[{"damage_healed":0.0,"max_hp_gain":0.0,"max_hp_loss":0.0,"gold_gain":0.0,"event_name":"Scrap Ooze","player_choice":"Success","floor":2.0,"gold_loss":0.0,"damage_taken":7.0,"relics_obtained":["Sundial"]},{"damage_healed":0.0,"max_hp_gain":0.0,"max_hp_loss":0.0,"gold_gain":0.0,"event_name":"FaceTrader","player_choice":"Trade","floor":4.0,"gold_loss":0.0,"damage_taken":0.0,"relics_obtained":["FaceOfCleric"]},{"damage_healed":0.0,"max_hp_gain":0.0,"max_hp_loss":0.0,"gold_gain":0.0,"event_name":"Lab","player_choice":"Got Potions","floor":13.0,"gold_loss":0.0,"damage_taken":0.0}],"is_beta":false,"boss_relics":[{"not_picked":["Sozu","Busted Crown"],"picked":"Velvet Choker"}],"items_purged_floors":[7],"is_endless":false,"potions_floor_spawned":[5,10,12,16,18,22],"killed_by":"Slavers","ascension_level":0}