{"gold_per_floor":[144,14,59,59,104,104,149,149,149,194,239,284,329,419,419,719,719,764,809,313,358,358,358,403,403,428,518,563,608,653,653,653,953,953,998,1043,1043,285,330,330,375,420,420,510,470,470,470,515,515,515],"floor_reached":50,"playtime":5741,"items_purged":[],"score":552,"play_id":"ac3c784d-9df6-4291-9641-7ee3bd602aec","local_time":"20181221230857","daily_mods":["Draft","Uncertain Future","Midas"],"is_ascension_mode":false,"campfire_choices":[{"floor":6,"key":"REST"},{"floor":8,"key":"REST"},{"floor":15,"key":"REST"},{"floor":23,"key":"REST"},{"floor":25,"key":"REST"},{"floor":32,"key":"REST"},{"floor":40,"key":"REST"},{"floor":47,"key":"REST"},{"floor":49,"key":"REST"}],"neow_cost":"","seed_source_timestamp":0,"circlet_count":0,"master_deck":["Iron Wave","Shrug It Off","Pommel Strike","Spot Weakness","Clothesline","Carnage","Spot Weakness","Power Through","Iron Wave","Combust","Shockwave","Headbutt","Armaments+1","Rupture","Heavy Blade","Dark Shackles","Armaments","Metallicize","Rage","Exhume","Whirlwind","Metallicize","Rage","Bludgeon","Double Tap","Rampage","Headbutt","Dark Shackles","Sword Boomerang","Hemokinesis+1","Hemokinesis+1","Flame Barrier+1","Dropkick","Anger+1","Fiend Fire","Flex","Havoc+1","Exhume+1","Anger+1","Dual Wield+1","Sentinel+1","Burning Pact+1"],"special_seed":17887,"relics":["Burning Blood","Paper Frog","Torii","Eternal Feather","Pear","Red Skull","Oddly Smooth Stone","Meat on the Bone","Unceasing Top","Philosopher\u0027s Stone","ClockworkSouvenir","Toxic Egg 2","Ancient Tea Set","Question Card","Juzu Bracelet","Kunai"],"potions_floor_usage":[12,13,14,14,18,21,39,44,44,44,50,50,50],"damage_taken":[{"damage":0,"enemies":"Small Slimes","floor":1,"turns":3},{"damage":1,"enemies":"Cultist","floor":3,"turns":3},{"damage":13,"enemies":"Jaw Worm","floor":5,"turns":3},{"damage":9,"enemies":"Red Slaver","floor":7,"turns":3},{"damage":2,"enemies":"Exordium Thugs","floor":10,"turns":4},{"damage":7,"enemies":"Large Slime","floor":11,"turns":5},{"damage":9,"enemies":"Red Slaver","floor":12,"turns":2},{"damage":17,"enemies":"Exordium Thugs","floor":13,"turns":4},{"damage":11,"enemies":"Gremlin Nob","floor":14,"turns":6},{"damage":27,"enemies":"Hexaghost","floor":16,"turns":11},{"damage":11,"enemies":"Spheric Guardian","floor":18,"turns":6},{"damage":17,"enemies":"Chosen","floor":19,"turns":8},{"damage":8,"enemies":"Snake Plant","floor":21,"turns":5},{"damage":43,"enemies":"3 Cultists","floor":24,"turns":7},{"damage":47,"enemies":"Book of Stabbing","floor":27,"turns":8},{"damage":6,"enemies":"Chosen and Byrds","floor":28,"turns":5},{"damage":6,"enemies":"Centurion and Healer","floor":29,"turns":5},{"damage":18,"enemies":"Shelled Parasite and Fungi","floor":30,"turns":6},{"damage":43,"enemies":"Collector","floor":33,"turns":13},{"damage":20,"enemies":"3 Darklings","floor":35,"turns":7},{"damage":10,"enemies":"Orb Walker","floor":36,"turns":3},{"damage":33,"enemies":"Sphere and 2 Shapes","floor":39,"turns":5},{"damage":13,"enemies":"4 Shapes","floor":41,"turns":10},{"damage":10,"enemies":"3 Darklings","floor":42,"turns":5},{"damage":56,"enemies":"Reptomancer","floor":44,"turns":6},{"damage":12,"enemies":"Sphere and 2 Shapes","floor":48,"turns":5},{"damage":96,"enemies":"Time Eater","floor":50,"turns":8}],"seed_played":"8592770132625514496","potions_obtained":[{"floor":5,"key":"SmokeBomb"},{"floor":7,"key":"SkillPotion"},{"floor":11,"key":"SkillPotion"},{"floor":12,"key":"Dexterity Potion"},{"floor":13,"key":"Dexterity Potion"},{"floor":16,"key":"FearPotion"},{"floor":18,"key":"Poison Potion"},{"floor":28,"key":"Ancient Potion"},{"floor":30,"key":"Ancient Potion"},{"floor":35,"key":"Poison Potion"},{"floor":36,"key":"Energy Potion"},{"floor":41,"key":"GamblersBrew"},{"floor":45,"key":"SpeedPotion"},{"floor":45,"key":"LiquidBronze"},{"floor":45,"key":"Strength Potion"}],"is_trial":false,"path_per_floor":["M","$","M","?","M","R","M","R","T","M","M","M","M","E","R","B",null,"M","M","$","M","?","R","M","R","T","E","M","M","M","T","R","B",null,"M","M","?","$","M","R","M","M","T","E","?","T","R","M","R","B"],"character_chosen":"IRONCLAD","items_purchased":["Heavy Blade","Dark Shackles","Pear","Red Skull","Dark Shackles","ClockworkSouvenir","Toxic Egg 2","Exhume+1","Ancient Tea Set"],"campfire_rested":9,"item_purchase_floors":[2,2,20,20,20,38,38,38,38],"current_hp_per_floor":[80,80,80,80,73,80,77,80,80,80,79,76,65,60,80,59,80,75,64,74,72,72,90,53,90,90,49,61,61,61,61,90,53,90,76,72,72,72,57,90,83,79,79,41,41,41,90,84,90,0],"gold":515,"neow_bonus":"","is_prod":false,"is_daily":true,"chose_seed":false,"campfire_upgraded":0,"win_rate":0,"timestamp":1545451737,"path_taken":["M","$","M","?","M","R","?","R","T","M","M","?","M","E","R","BOSS","M","M","$","M","?","R","M","R","T","E","?","M","M","?","R","BOSS","M","M","?","$","M","R","M","M","T","E","?","?","R","M","R","BOSS"],"build_version":"2018-12-13","purchased_purges":0,"victory":false,"max_hp_per_floor":[80,80,80,80,80,80,80,80,80,80,80,80,80,80,80,80,80,80,80,90,90,90,90,90,90,90,90,90,90,90,90,90,90,90,90,90,90,90,90,90,90,90,90,90,90,90,90,90,90,90],"card_choices":[{"not_picked":["Wild Strike","Havoc"],"picked":"Iron Wave","floor":0},{"not_picked":["Iron Wave","Clothesline"],"picked":"Shrug It Off","floor":0},{"not_picked":["Iron Wave","Cleave"],"picked":"Pommel Strike","floor":0},{"not_picked":["Flex","Evolve"],"picked":"True Grit","floor":0},{"not_picked":["Disarm","Headbutt"],"picked":"Spot Weakness","floor":0},{"not_picked":["Pommel Strike","Dropkick"],"picked":"Clothesline","floor":0},{"not_picked":["Entrench","Flex"],"picked":"Carnage","floor":0},{"not_picked":["True Grit","Thunderclap"],"picked":"Spot Weakness","floor":0},{"not_picked":["Evolve","Headbutt"],"picked":"Power Through","floor":0},{"not_picked":["Rampage","Body Slam"],"picked":"Iron Wave","floor":0},{"not_picked":["Anger","Feel No Pain"],"picked":"Combust","floor":0},{"not_picked":["Thunderclap","Perfected Strike"],"picked":"Shockwave","floor":0},{"not_picked":["Shrug It Off","Flex"],"picked":"Headbutt","floor":0},{"not_picked":["Dual Wield","Blood for Blood"],"picked":"Armaments","floor":0},{"not_picked":["Sword Boomerang","Heavy Blade"],"picked":"Rupture","floor":0},{"not_picked":["Wild Strike","Sever Soul"],"picked":"Armaments","floor":1},{"not_picked":["Intimidate","Shrug It Off"],"picked":"Armaments","floor":3},{"not_picked":["True Grit","Pommel Strike"],"picked":"Metallicize","floor":5},{"not_picked":["Perfected Strike","Warcry"],"picked":"Rage","floor":7},{"not_picked":["True Grit","Pommel Strike"],"picked":"Exhume","floor":10},{"not_picked":["Perfected Strike","Ghostly Armor"],"picked":"Whirlwind","floor":11},{"not_picked":["Searing Blow","Twin Strike"],"picked":"Metallicize","floor":12},{"not_picked":["Ghostly Armor","Havoc"],"picked":"Rage","floor":13},{"not_picked":["Warcry","Headbutt"],"picked":"Bludgeon","floor":14},{"not_picked":["Fiend Fire","Juggernaut"],"picked":"Double Tap","floor":16},{"not_picked":["Second Wind+1","Cleave"],"picked":"Rampage","floor":18},{"not_picked":["Pommel Strike","Power Through"],"picked":"Headbutt","floor":19},{"not_picked":["Sever Soul","Spot Weakness"],"picked":"Sword Boomerang","floor":21},{"not_picked":["Pommel Strike+1","Wild Strike+1"],"picked":"Hemokinesis+1","floor":24},{"not_picked":["Feel No Pain+1","True Grit+1"],"picked":"Hemokinesis+1","floor":27},{"not_picked":["Spot Weakness","Dual Wield"],"picked":"Flame Barrier+1","floor":28},{"not_picked":["Spot Weakness+1","Rampage+1"],"picked":"Dropkick","floor":29},{"not_picked":["Havoc","Armaments"],"picked":"Anger+1","floor":30},{"not_picked":["Barricade","Double Tap"],"picked":"Fiend Fire","floor":33},{"not_picked":["True Grit","Shrug It Off+1"],"picked":"Flex","floor":35},{"not_picked":["Wild Strike+1","Twin Strike+1"],"picked":"Havoc+1","floor":36},{"not_picked":["Thunderclap+1","Headbutt"],"picked":"Anger+1","floor":39},{"not_picked":["Body Slam","Pommel Strike"],"picked":"Dual Wield+1","floor":41},{"not_picked":["Sever Soul","Second Wind+1"],"picked":"Sentinel+1","floor":42},{"not_picked":["Dark Embrace","Heavy Blade","Perfected Strike+1"],"picked":"Burning Pact+1","floor":44},{"not_picked":["Clash+1","Hemokinesis","Searing Blow+1","Perfected Strike+1"],"picked":"SKIP","floor":48}],"player_experience":2096256,"relics_obtained":[{"floor":9,"key":"Paper Frog"},{"floor":14,"key":"Torii"},{"floor":26,"key":"Oddly Smooth Stone"},{"floor":27,"key":"Meat on the Bone"},{"floor":31,"key":"Unceasing Top"},{"floor":43,"key":"Question Card"},{"floor":44,"key":"Juzu Bracelet"},{"floor":46,"key":"Kunai"}],"event_choices":[{"cards_removed":["True Grit"],"damage_healed":5,"gold_gain":0,"player_choice":"Offered Common","damage_taken":0,"max_hp_gain":0,"max_hp_loss":0,"event_name":"Bonfire Elementals","floor":4,"gold_loss":0},{"cards_removed":["True Grit"],"damage_healed":5,"gold_gain":0,"player_choice":"Offered Special","damage_taken":0,"max_hp_gain":0,"max_hp_loss":0,"event_name":"Bonfire Elementals","floor":4,"gold_loss":0},{"cards_removed":["Armaments"],"damage_healed":0,"gold_gain":0,"player_choice":"Purged","damage_taken":0,"max_hp_gain":0,"max_hp_loss":0,"event_name":"Purifier","floor":22,"gold_loss":0},{"damage_healed":0,"gold_gain":0,"player_choice":"Forge","damage_taken":0,"max_hp_gain":0,"max_hp_loss":0,"event_name":"Accursed Blacksmith","floor":37,"gold_loss":0,"cards_upgraded":["Armaments"]},{"damage_healed":0,"gold_gain":0,"player_choice":"Bought 3 Potions","damage_taken":0,"max_hp_gain":0,"max_hp_loss":0,"event_name":"The Woman in Blue","floor":45,"gold_loss":0}],"is_beta":false,"boss_relics":[{"not_picked":["Snecko Eye","Runic Dome"],"picked":"Eternal Feather"},{"not_picked":["Orrery","Empty Cage"],"picked":"Philosopher\u0027s Stone"}],"items_purged_floors":[],"is_endless":false,"potions_floor_spawned":[5,7,11,12,13,16,18,28,30,35,36,41],"killed_by":"Time Eater","ascension_level":0}