{"gold_per_floor":[366,541,551,551,224,224,237,278,305,305,128,171,171,190,190,314,314,339,248,268,287,287,287,287],"floor_reached":24,"playtime":3145,"items_purged":["Doubt","Defend_R"],"score":245,"play_id":"5528ad16-d8d4-4734-abc1-f1449eb4a15e","local_time":"20180727194322","is_ascension_mode":true,"campfire_choices":[{"floor":6,"key":"REST"},{"data":"Armaments","floor":13,"key":"SMITH"},{"data":"Armaments","floor":15,"key":"SMITH"},{"floor":23,"key":"REST"}],"neow_cost":"CURSE","seed_source_timestamp":2086617100698737,"circlet_count":0,"master_deck":["Strike_R","Strike_R","Strike_R","Defend_R","Defend_R","Bash","Clumsy","Rampage","Armaments+1","Armaments+1","Thunderclap","Intimidate","Inflame","Whirlwind","Limit Break","Whirlwind+1","Burning Pact+1","Wild Strike+1","Carnage","True Grit","Clash+1","Power Through"],"relics":["Burning Blood","Golden Idol","Meat on the Bone","Ancient Tea Set","Vajra","Boot","Nloth\u0027s Gift"],"potions_floor_usage":[16,16,20,24],"damage_taken":[{"damage":1,"enemies":"Cultist","floor":1,"turns":3},{"damage":13,"enemies":"Jaw Worm","floor":3,"turns":4},{"damage":1,"enemies":"2 Louse","floor":7,"turns":3},{"damage":21,"enemies":"3 Sentries","floor":8,"turns":10},{"damage":37,"enemies":"Lagavulin","floor":12,"turns":7},{"damage":4,"enemies":"Looter","floor":14,"turns":4},{"damage":52,"enemies":"Hexaghost","floor":16,"turns":8},{"damage":4,"enemies":"3 Byrds","floor":18,"turns":4},{"damage":38,"enemies":"Shell Parasite","floor":20,"turns":8},{"damage":23,"enemies":"Snake Plant","floor":21,"turns":4},{"damage":74,"enemies":"Gremlin Leader","floor":24,"turns":7}],"seed_played":"48082529426112477","potions_obtained":[{"floor":3,"key":"Strength Potion"},{"floor":12,"key":"BloodPotion"},{"floor":16,"key":"Weak Potion"},{"floor":18,"key":"Explosive Potion"}],"is_trial":false,"path_per_floor":["M","?","M","?","$","R","M","E","T","?","$","E","R","M","R","B",null,"M","$","M","M","?","R"],"character_chosen":"IRONCLAD","items_purchased":["Meat on the Bone","Intimidate","Carnage","True Grit"],"campfire_rested":2,"item_purchase_floors":[5,11,19,19],"current_hp_per_floor":[80,80,73,53,53,77,80,65,65,70,70,51,51,53,53,27,85,85,85,53,48,48,73,0],"gold":287,"neow_bonus":"TWO_FIFTY_GOLD","is_prod":false,"is_daily":false,"chose_seed":false,"campfire_upgraded":2,"win_rate":0,"timestamp":1532735002,"path_taken":["M","?","M","?","$","R","M","E","T","?","$","E","R","M","R","BOSS","M","$","M","M","?","R","E"],"build_version":"2018-07-19v2","purchased_purges":2,"victory":false,"max_hp_per_floor":[80,80,80,80,80,80,80,80,80,85,85,85,85,85,85,85,85,85,85,85,85,85,85,85],"card_choices":[{"not_picked":["Clothesline","Second Wind"],"picked":"Rampage","floor":1},{"not_picked":["Sentinel","Wild Strike"],"picked":"Armaments","floor":3},{"not_picked":["Ghostly Armor","Fire Breathing"],"picked":"Armaments","floor":7},{"not_picked":["Sentinel","Dual Wield"],"picked":"Thunderclap","floor":8},{"not_picked":["Rampage","Sword Boomerang"],"picked":"Inflame","floor":12},{"not_picked":["Infernal Blade","Sword Boomerang"],"picked":"Whirlwind","floor":14},{"not_picked":["Juggernaut","Exhume"],"picked":"Limit Break","floor":16},{"not_picked":["Sword Boomerang","Thunderclap","Rampage"],"picked":"SKIP","floor":18},{"not_picked":["Hemokinesis","Battle Trance"],"picked":"Clash+1","floor":20},{"not_picked":["Entrench","Hemokinesis"],"picked":"Power Through","floor":21}],"player_experience":1361587,"relics_obtained":[{"floor":8,"key":"Ancient Tea Set"},{"floor":9,"key":"Vajra"},{"floor":12,"key":"Boot"}],"event_choices":[{"event_name":"Liars Game","player_choice":"agreed","floor":2,"damage_taken":0},{"event_name":"Golden Idol","player_choice":"Take Damage","floor":4,"damage_taken":0},{"event_name":"Big Fish","player_choice":"Donut","floor":10,"damage_taken":0},{"event_name":"N\u0027loth","player_choice":"Traded a Astrolabe","floor":22,"damage_taken":0}],"is_beta":false,"boss_relics":[{"not_picked":["Coffee Dripper","Fusion Hammer"],"picked":"Astrolabe"}],"items_purged_floors":[5,11],"is_endless":false,"potions_floor_spawned":[3,12,16,18],"killed_by":"Gremlin Leader","ascension_level":4}