{"gold_per_floor":[16,35,210,224,16,47,47,59,59,59,84,84,84,84,84,189,189,200,1,18,18,37,67,81,81,107,127,187,187,187,198,198,293,293,306,31,31,50,64,64],"floor_reached":40,"playtime":5266,"items_purged":["Doubt","Strike_R"],"score":595,"play_id":"53cac6bb-8607-4bb8-9170-97f792220bbe","local_time":"20190626223613","is_ascension_mode":true,"campfire_choices":[{"data":"Armaments","floor":7,"key":"SMITH"},{"data":"Whirlwind","floor":10,"key":"SMITH"},{"data":"Double Tap","floor":12,"key":"SMITH"},{"data":"Disarm","floor":15,"key":"SMITH"},{"floor":25,"key":"REST"},{"data":"Brutality","floor":29,"key":"SMITH"},{"floor":32,"key":"REST"}],"neow_cost":"NO_GOLD","seed_source_timestamp":728521344947405,"circlet_count":0,"master_deck":["Strike_R","Strike_R","Strike_R","Defend_R","Defend_R","Defend_R","Defend_R","Bash","Double Tap+1","Iron Wave","Disarm+1","Shockwave","Whirlwind+1","Armaments+1","Brutality+1","Intimidate","Anger","Impervious","Intimidate","Disarm","Cleave","True Grit","Disarm","Blood for Blood","Flex+1","Injury","Impervious","Rupture+1","Seeing Red","Demon Form","Combust","Madness","Madness","Dual Wield","True Grit+1"],"relics":["Burning Blood","Blood Vial","Pear","Darkstone Periapt","Cursed Key","Juzu Bracelet","Boot","Tiny Chest","Art of War","Fusion Hammer","Chemical X"],"potions_floor_usage":[2,6,16,24,27,28,38,39,40],"damage_taken":[{"damage":6,"enemies":"2 Louse","floor":1,"turns":2},{"damage":3,"enemies":"Small Slimes","floor":2,"turns":2},{"damage":12,"enemies":"Cultist","floor":4,"turns":5},{"damage":11,"enemies":"3 Sentries","floor":6,"turns":5},{"damage":12,"enemies":"Looter","floor":8,"turns":3},{"damage":6,"enemies":"Lagavulin","floor":11,"turns":7},{"damage":38,"enemies":"The Guardian","floor":16,"turns":12},{"damage":21,"enemies":"2 Thieves","floor":18,"turns":3},{"damage":12,"enemies":"Shell Parasite","floor":20,"turns":6},{"damage":12,"enemies":"Centurion and Healer","floor":22,"turns":3},{"damage":14,"enemies":"Book of Stabbing","floor":23,"turns":6},{"damage":11,"enemies":"3 Cultists","floor":24,"turns":5},{"damage":26,"enemies":"Sentry and Sphere","floor":27,"turns":5},{"damage":15,"enemies":"Gremlin Leader","floor":28,"turns":9},{"damage":15,"enemies":"Cultist and Chosen","floor":31,"turns":7},{"damage":54,"enemies":"Collector","floor":33,"turns":11},{"damage":7,"enemies":"3 Shapes","floor":35,"turns":4},{"damage":40,"enemies":"3 Darklings","floor":38,"turns":3},{"damage":26,"enemies":"Spire Growth","floor":39,"turns":6},{"damage":28,"enemies":"Giant Head","floor":40,"turns":5}],"seed_played":"7102974228928443244","potions_obtained":[{"floor":1,"key":"AttackPotion"},{"floor":4,"key":"PowerPotion"},{"floor":11,"key":"LiquidBronze"},{"floor":20,"key":"Ancient Potion"},{"floor":23,"key":"Poison Potion"},{"floor":24,"key":"LiquidBronze"},{"floor":33,"key":"Ancient Potion"},{"floor":38,"key":"Ancient Potion"}],"is_trial":false,"path_per_floor":["M","M","?","M","$","E","R","M","T","R","E","R","?","?","R","B",null,"M","$","M","?","M","E","M","R","T","M","E","R","?","M","R","B",null,"M","$","?","M","M","E"],"character_chosen":"IRONCLAD","items_purchased":["Whirlwind","Armaments","Disarm","Cleave","Combust","Chemical X","PowerPotion"],"campfire_rested":2,"item_purchase_floors":[5,5,19,19,36,36,36],"current_hp_per_floor":[80,80,80,74,74,69,69,65,75,75,77,77,70,70,70,40,78,65,65,61,61,57,51,48,75,81,63,56,56,56,49,77,31,80,81,81,69,37,19,0],"gold":64,"neow_bonus":"THREE_RARE_CARDS","is_prod":false,"is_daily":false,"chose_seed":false,"campfire_upgraded":5,"win_rate":0,"timestamp":1561602973,"path_taken":["M","M","?","M","$","E","R","M","T","R","E","R","?","?","R","BOSS","M","?","M","?","?","E","M","R","T","M","E","R","?","M","R","BOSS","M","$","?","M","M","E"],"build_version":"2019-01-23","purchased_purges":2,"victory":false,"max_hp_per_floor":[80,80,80,80,80,80,80,80,90,90,90,90,90,90,90,90,90,90,90,90,90,90,90,90,90,96,96,96,96,96,96,96,96,96,96,96,96,96,96,96],"card_choices":[{"not_picked":["Exhume","Limit Break"],"picked":"Double Tap","floor":0},{"not_picked":["Burning Pact","Havoc"],"picked":"Iron Wave","floor":1},{"not_picked":["Metallicize","Battle Trance"],"picked":"Disarm","floor":2},{"not_picked":["Heavy Blade","Body Slam"],"picked":"Shockwave","floor":4},{"not_picked":["Havoc","Warcry"],"picked":"Brutality","floor":6},{"not_picked":["Dropkick","Warcry"],"picked":"Intimidate","floor":8},{"not_picked":["Feel No Pain","Ghostly Armor"],"picked":"Anger","floor":11},{"not_picked":["Exhume","Juggernaut"],"picked":"Impervious","floor":16},{"not_picked":["Wild Strike+1","Clash+1"],"picked":"Intimidate","floor":18},{"not_picked":["Cleave","Sever Soul"],"picked":"True Grit","floor":20},{"not_picked":["Shrug It Off","Warcry+1"],"picked":"Disarm","floor":22},{"not_picked":["Perfected Strike+1","Thunderclap"],"picked":"Blood for Blood","floor":23},{"not_picked":["Twin Strike","Wild Strike"],"picked":"Flex+1","floor":24},{"not_picked":["Clash","Thunderclap"],"picked":"Impervious","floor":27},{"not_picked":["Perfected Strike","Dual Wield"],"picked":"Rupture+1","floor":28},{"not_picked":["Carnage","Anger"],"picked":"Seeing Red","floor":31},{"not_picked":["Berserk","Immolate"],"picked":"Demon Form","floor":33},{"not_picked":["Perfected Strike","Searing Blow+1","Fire Breathing"],"picked":"SKIP","floor":35},{"not_picked":["Iron Wave","Pommel Strike"],"picked":"Dual Wield","floor":38},{"not_picked":["Perfected Strike","Fiend Fire"],"picked":"True Grit+1","floor":39}],"player_experience":2644912,"relics_obtained":[{"floor":6,"key":"Blood Vial"},{"floor":9,"key":"Pear"},{"floor":11,"key":"Darkstone Periapt"},{"floor":23,"key":"Juzu Bracelet"},{"floor":26,"key":"Boot"},{"floor":28,"key":"Tiny Chest"}],"event_choices":[{"damage_healed":0,"gold_gain":175,"player_choice":"AGREE","damage_taken":0,"max_hp_gain":0,"max_hp_loss":0,"event_name":"Liars Game","floor":3,"gold_loss":0,"cards_obtained":["Doubt"]},{"cards_removed":["Strike_R"],"damage_healed":0,"gold_gain":0,"player_choice":"Card Removal","damage_taken":7,"max_hp_gain":0,"max_hp_loss":0,"event_name":"Golden Wing","floor":13,"gold_loss":0},{"damage_healed":0,"gold_gain":0,"player_choice":"0 cards matched","damage_taken":0,"max_hp_gain":0,"max_hp_loss":0,"event_name":"Match and Keep!","floor":14,"gold_loss":0,"cards_obtained":[]},{"damage_healed":0,"gold_gain":0,"player_choice":"Ignored","damage_taken":0,"max_hp_gain":0,"max_hp_loss":0,"event_name":"Ghosts","floor":21,"gold_loss":0},{"damage_healed":0,"gold_gain":0,"player_choice":"Opened","damage_taken":0,"relics_obtained":["Art of War"],"max_hp_gain":0,"max_hp_loss":0,"event_name":"The Mausoleum","floor":30,"gold_loss":0},{"damage_healed":0,"gold_gain":0,"player_choice":"Embrace Madness","damage_taken":12,"max_hp_gain":0,"max_hp_loss":0,"event_name":"Winding Halls","floor":37,"gold_loss":0,"cards_obtained":["Madness","Madness"]}],"is_beta":false,"boss_relics":[{"not_picked":["Lizard Tail","Velvet Choker"],"picked":"Cursed Key"},{"not_picked":["Astrolabe","Pandora\u0027s Box"],"picked":"Fusion Hammer"}],"items_purged_floors":[5,19],"is_endless":false,"potions_floor_spawned":[1,4,11,20,23,24,33,38],"killed_by":"Giant Head","ascension_level":5}