{"gold_per_floor":[119,139,159,175,158,188,198,198,198,208,238,238,249,264,264,264],"floor_reached":16,"playtime":1043,"items_purged":[],"score":118,"play_id":"b613abcc-e044-4ac7-a26f-afa2705a7926","local_time":"20190704101708","is_ascension_mode":false,"campfire_choices":[{"floor":8,"key":"REST"},{"floor":12,"key":"REST"},{"floor":15,"key":"REST"}],"neow_cost":"NONE","seed_source_timestamp":801342699396790,"circlet_count":0,"master_deck":["Strike_B","Strike_B","Strike_B","Strike_B","Defend_B","Defend_B","Defend_B","Defend_B","Zap","Dualcast","Streamline","Leap","Turbo","Redo","Gash+1","Steam","Capacitor","Go for the Eyes+1","Redo","Conserve Battery","Ball Lightning"],"relics":["Cracked Core","Happy Flower","Dodecahedron","Darkstone Periapt","Whetstone"],"potions_floor_usage":[6,11,13,16,16],"damage_taken":[{"damage":0,"enemies":"2 Louse","floor":1,"turns":3},{"damage":1,"enemies":"Cultist","floor":2,"turns":3},{"damage":0,"enemies":"Small Slimes","floor":3,"turns":3},{"damage":7,"enemies":"Blue Slaver","floor":4,"turns":3},{"damage":9,"enemies":"Exordium Thugs","floor":5,"turns":4},{"damage":22,"enemies":"Lagavulin","floor":6,"turns":6},{"damage":5,"enemies":"Red Slaver","floor":7,"turns":3},{"damage":8,"enemies":"3 Louse","floor":10,"turns":4},{"damage":28,"enemies":"3 Sentries","floor":11,"turns":7},{"damage":0,"enemies":"Blue Slaver","floor":13,"turns":3},{"damage":8,"enemies":"2 Fungi Beasts","floor":14,"turns":4},{"damage":53,"enemies":"The Guardian","floor":16,"turns":9}],"seed_played":"-6277409366132576380","potions_obtained":[{"floor":4,"key":"EssenceOfSteel"},{"floor":7,"key":"Dexterity Potion"},{"floor":11,"key":"Weak Potion"},{"floor":13,"key":"EssenceOfSteel"},{"floor":14,"key":"Fire Potion"}],"is_trial":false,"path_per_floor":["M","M","M","M","M","E","M","R","T","M","E","R","M","M","R","B"],"character_chosen":"DEFECT","items_purchased":[],"campfire_rested":3,"item_purchase_floors":[],"current_hp_per_floor":[75,74,74,67,58,36,31,53,53,45,17,39,39,31,53,0],"gold":264,"neow_bonus":"RANDOM_COMMON_RELIC","is_prod":false,"is_daily":false,"chose_seed":false,"campfire_upgraded":0,"win_rate":0.0,"timestamp":1562246228,"path_taken":["M","M","M","M","M","E","M","R","T","M","E","R","M","M","R","BOSS"],"build_version":"2019-07-01","purchased_purges":0,"victory":false,"max_hp_per_floor":[75,75,75,75,75,75,75,75,75,75,75,75,75,75,75,75],"card_choices":[{"not_picked":["Redo","Go for the Eyes"],"picked":"Streamline","floor":1},{"not_picked":["Sweeping Beam","Fission"],"picked":"Leap","floor":2},{"not_picked":["Hologram","Beam Cell"],"picked":"Turbo","floor":3},{"not_picked":["Reinforced Body","Recycle"],"picked":"Redo","floor":4},{"not_picked":["Reprogram","Barrage"],"picked":"Gash","floor":5},{"not_picked":["Fission","Beam Cell"],"picked":"Steam","floor":6},{"not_picked":["Chill","Beam Cell"],"picked":"Capacitor","floor":7},{"not_picked":["Coolheaded","Hologram"],"picked":"Go for the Eyes","floor":10},{"not_picked":["Hello World","Skim"],"picked":"Redo","floor":11},{"not_picked":["Turbo","Compile Driver"],"picked":"Conserve Battery","floor":13},{"not_picked":["Fission","Coolheaded"],"picked":"Ball Lightning","floor":14}],"player_experience":83458,"relics_obtained":[{"floor":6,"key":"Dodecahedron"},{"floor":9,"key":"Darkstone Periapt"},{"floor":11,"key":"Whetstone"}],"event_choices":[],"is_beta":false,"boss_relics":[],"items_purged_floors":[],"is_endless":false,"potions_floor_spawned":[4,7,11,13,14],"killed_by":"The Guardian","ascension_level":0}