{"gold_per_floor":[126,138,150,125,72,72,85,98,98,98,114,142,142,153,153,251,251,264,264,264,1,20,20,34,45,45,45,45,64,64,75,75,75],"floor_reached":33,"playtime":1999,"items_purged":[],"score":272,"play_id":"7f95d7d8-39be-4f76-ba2e-bf210ae8a423","local_time":"20190910225107","is_ascension_mode":false,"campfire_choices":[{"floor":6,"key":"REST"},{"data":"Noxious Fumes","floor":10,"key":"SMITH"},{"floor":13,"key":"REST"},{"data":"Bouncing Flask","floor":15,"key":"SMITH"},{"floor":23,"key":"REST"},{"floor":27,"key":"REST"},{"floor":30,"key":"REST"},{"floor":32,"key":"REST"}],"neow_cost":"NONE","seed_source_timestamp":20315182497300,"circlet_count":0,"master_deck":["Strike_G","Strike_G","Strike_G","Strike_G","Strike_G","Defend_G","Defend_G","Defend_G","Defend_G","Defend_G","Survivor","Neutralize","Dagger Spray+1","Noxious Fumes+1","Outmaneuver","Underhanded Strike","Blade Dance","Backflip","Bullet Time","Bouncing Flask+1","Adrenaline","Dagger Throw","Predator","Blade Dance","Crippling Poison","Choke","Bane","Metamorphosis","Sucker Punch","Heel Hook","Noxious Fumes","Tactician+1","Phantasmal Killer","Bouncing Flask","Calculated Gamble"],"relics":["Ring of the Snake","MawBank","Nunchaku","Mercury Hourglass","Snake Skull","Orrery","Enchiridion","MutagenicStrength","Letter Opener"],"potions_floor_usage":[16,25,33,33],"damage_taken":[{"damage":1,"enemies":"2 Louse","floor":1,"turns":4},{"damage":5,"enemies":"Jaw Worm","floor":7,"turns":4},{"damage":0,"enemies":"Small Slimes","floor":8,"turns":3},{"damage":7,"enemies":"Blue Slaver","floor":11,"turns":3},{"damage":18,"enemies":"3 Sentries","floor":12,"turns":5},{"damage":0,"enemies":"Exordium Wildlife","floor":14,"turns":3},{"damage":51,"enemies":"The Guardian","floor":16,"turns":8},{"damage":0,"enemies":"3 Byrds","floor":18,"turns":3},{"damage":29,"enemies":"Shell Parasite","floor":22,"turns":4},{"damage":25,"enemies":"Snake Plant","floor":24,"turns":4},{"damage":11,"enemies":"Snecko","floor":25,"turns":3},{"damage":11,"enemies":"3 Cultists","floor":29,"turns":4},{"damage":12,"enemies":"Centurion and Healer","floor":31,"turns":5},{"damage":69,"enemies":"Automaton","floor":33,"turns":6}],"seed_played":"-7197581219246226537","potions_obtained":[{"floor":11,"key":"AttackPotion"},{"floor":16,"key":"Ancient Potion"},{"floor":25,"key":"FearPotion"},{"floor":29,"key":"Regen Potion"},{"floor":31,"key":"Weak Potion"}],"is_trial":false,"path_per_floor":["M","?","?","$","$","R","M","M","T","R","M","E","R","M","R","B",null,"M","?","?","$","M","R","M","M","T","R","$","M","R","M","R","B"],"character_chosen":"THE_SILENT","items_purchased":["Noxious Fumes","Outmaneuver","Metamorphosis","Sucker Punch","Heel Hook"],"campfire_rested":6,"item_purchase_floors":[4,5,21,21,21],"current_hp_per_floor":[69,57,57,57,57,70,65,65,65,65,58,40,61,61,61,10,70,70,54,54,54,25,46,21,10,10,31,31,20,41,29,50,0],"gold":75,"neow_bonus":"RANDOM_COMMON_RELIC","is_prod":false,"is_daily":false,"chose_seed":false,"campfire_upgraded":2,"win_rate":1,"timestamp":1568148667,"path_taken":["M","?","?","?","$","R","M","M","T","R","M","E","R","M","R","BOSS","M","?","?","?","M","R","M","M","T","R","$","M","R","M","R","BOSS"],"build_version":"2019-07-17","purchased_purges":0,"victory":false,"max_hp_per_floor":[70,70,70,70,70,70,70,70,70,70,70,70,70,70,70,70,70,70,70,70,70,70,70,70,70,70,70,70,70,70,70,70,70],"card_choices":[{"not_picked":["Backstab","Quick Slash"],"picked":"Dagger Spray","floor":1},{"not_picked":["Dodge and Roll","Deflect"],"picked":"Underhanded Strike","floor":7},{"not_picked":["Dagger Spray","Skewer"],"picked":"Blade Dance","floor":8},{"not_picked":["Malaise","Blade Dance"],"picked":"Backflip","floor":11},{"not_picked":["Underhanded Strike","Masterful Stab"],"picked":"Bullet Time","floor":12},{"not_picked":["Flying Knee","Backflip"],"picked":"Bouncing Flask","floor":14},{"not_picked":["Wraith Form v2","Malaise"],"picked":"Adrenaline","floor":16},{"not_picked":["Underhanded Strike","Flechettes"],"picked":"Dagger Throw","floor":17},{"not_picked":["Acrobatics","Flechettes"],"picked":"Predator","floor":17},{"not_picked":["Prepared","PiercingWail"],"picked":"Blade Dance","floor":17},{"not_picked":["Reflex","Flechettes"],"picked":"Crippling Poison","floor":17},{"not_picked":["Outmaneuver","Dagger Throw"],"picked":"Choke","floor":17},{"not_picked":["Distraction+1","Flying Knee"],"picked":"Bane","floor":18},{"not_picked":["Deadly Poison","Caltrops"],"picked":"Noxious Fumes","floor":22},{"not_picked":["Prepared","Sucker Punch"],"picked":"Tactician+1","floor":24},{"not_picked":["Acrobatics","Flying Knee"],"picked":"Phantasmal Killer","floor":25},{"not_picked":["Deadly Poison","Endless Agony+1"],"picked":"Bouncing Flask","floor":29},{"not_picked":["Underhanded Strike","Dodge and Roll"],"picked":"Calculated Gamble","floor":31}],"player_experience":13491,"relics_obtained":[{"floor":9,"key":"Mercury Hourglass"},{"floor":12,"key":"Snake Skull"},{"floor":19,"key":"Enchiridion"},{"floor":26,"key":"Letter Opener"}],"event_choices":[{"damage_healed":0,"gold_gain":0,"player_choice":"Success","damage_taken":12,"relics_obtained":["Nunchaku"],"max_hp_gain":0,"max_hp_loss":0,"event_name":"Scrap Ooze","floor":2,"gold_loss":0},{"damage_healed":0,"gold_gain":0,"player_choice":"Grow","damage_taken":0,"max_hp_gain":0,"max_hp_loss":0,"event_name":"Living Wall","floor":3,"gold_loss":0,"cards_upgraded":["Dagger Spray"]},{"damage_healed":0,"gold_gain":0,"player_choice":"Obtained Book","damage_taken":16,"max_hp_gain":0,"max_hp_loss":0,"event_name":"Cursed Tome","floor":19,"gold_loss":0},{"damage_healed":0,"gold_gain":0,"player_choice":"Inject Mutagens","damage_taken":0,"relics_obtained":["MutagenicStrength"],"max_hp_gain":0,"max_hp_loss":0,"event_name":"Drug Dealer","floor":20,"gold_loss":0}],"is_beta":false,"boss_relics":[{"not_picked":["Coffee Dripper","Velvet Choker"],"picked":"Orrery"}],"items_purged_floors":[],"is_endless":false,"potions_floor_spawned":[11,16,25,29,31],"killed_by":"Automaton","ascension_level":0}