{"gold_per_floor":[109,119,294,304,17,17,28,28,28,28,42,42,55,55,55,153,153,163,163,0,0,10,10,10,10,10,27,43,43,43,73,73,73],"floor_reached":33,"playtime":1409,"items_purged":["Doubt"],"score":255,"play_id":"7e064ecc-3cbc-4a28-9b2c-42aab986a3d5","local_time":"20190724152226","is_ascension_mode":false,"campfire_choices":[{"floor":6,"key":"DIG"},{"floor":8,"key":"DIG"},{"floor":12,"key":"DIG"},{"floor":15,"key":"DIG"},{"floor":23,"key":"DIG"},{"floor":30,"key":"REST"},{"floor":32,"key":"REST"}],"neow_cost":"NONE","seed_source_timestamp":33941700897325,"circlet_count":0,"master_deck":["Strike_B","Strike_B","Strike_B","Strike_B","Defend_B","Defend_B","Defend_B","Defend_B","Zap+1","Dualcast","Ball Lightning","Gash","Streamline","Sweeping Beam","Cold Snap","Sunder","Pain","Electrodynamics","Melter","Streamline","Sweeping Beam","Coolheaded","Conserve Battery","Tempest","Genetic Algorithm","Leap","Leap","Sunder","Conserve Battery","Leap","Compile Driver+1","Turbo+1"],"relics":["Cracked Core","Shovel","Dodecahedron","The Courier","Mercury Hourglass","Bag of Preparation","WarpedTongs","Symbiotic Virus","Orrery","MutagenicStrength","Juzu Bracelet","Nunchaku","StoneCalendar"],"potions_floor_usage":[16,31,31,33],"damage_taken":[{"damage":1,"enemies":"Jaw Worm","floor":1,"turns":3},{"damage":0,"enemies":"2 Louse","floor":2,"turns":2},{"damage":0,"enemies":"Cultist","floor":4,"turns":3},{"damage":20,"enemies":"Exordium Wildlife","floor":7,"turns":5},{"damage":3,"enemies":"Red Slaver","floor":11,"turns":2},{"damage":2,"enemies":"2 Fungi Beasts","floor":13,"turns":2},{"damage":50,"enemies":"The Guardian","floor":16,"turns":8},{"damage":3,"enemies":"Chosen","floor":18,"turns":3},{"damage":0,"enemies":"3 Byrds","floor":22,"turns":2},{"damage":24,"enemies":"Shelled Parasite and Fungi","floor":27,"turns":5},{"damage":8,"enemies":"Cultist and Chosen","floor":28,"turns":5},{"damage":19,"enemies":"Slavers","floor":31,"turns":4},{"damage":55,"enemies":"Champ","floor":33,"turns":7}],"seed_played":"7014411509170066499","potions_obtained":[{"floor":7,"key":"Explosive Potion"},{"floor":13,"key":"FearPotion"},{"floor":16,"key":"Fire Potion"},{"floor":18,"key":"Explosive Potion"},{"floor":22,"key":"Poison Potion"}],"is_trial":false,"path_per_floor":["M","M","?","M","$","R","M","R","T","?","M","R","M","?","R","B",null,"M","?","$","?","M","R","?","?","T","M","M","$","R","E","R","B"],"character_chosen":"DEFECT","items_purchased":["Shovel","Genetic Algorithm","Leap","Leap"],"campfire_rested":2,"item_purchase_floors":[5,20,20,20],"current_hp_per_floor":[74,74,74,74,74,74,54,54,54,75,72,72,70,70,70,20,75,72,72,72,72,72,72,58,58,58,34,26,26,50,31,55,0],"gold":73,"neow_bonus":"UPGRADE_CARD","is_prod":false,"is_daily":false,"chose_seed":false,"campfire_upgraded":0,"win_rate":0.0,"timestamp":1563992546,"path_taken":["M","M","?","M","$","R","M","R","T","?","M","R","M","?","R","BOSS","M","?","$","?","M","R","?","?","T","M","M","$","R","E","R","BOSS"],"build_version":"2019-07-17","purchased_purges":1,"victory":false,"max_hp_per_floor":[75,75,75,75,75,75,75,75,75,75,75,75,75,75,75,75,75,75,75,75,75,75,75,80,80,80,80,80,80,80,80,80,80],"card_choices":[{"not_picked":["Coolheaded","Turbo"],"picked":"Ball Lightning","floor":1},{"not_picked":["Reprogram","Compile Driver"],"picked":"Gash","floor":2},{"not_picked":["Force Field","Hologram"],"picked":"Streamline","floor":4},{"not_picked":["Barrage","Steam"],"picked":"Sweeping Beam","floor":7},{"not_picked":["Coolheaded","Barrage"],"picked":"Cold Snap","floor":11},{"not_picked":["Capacitor","Creative AI"],"picked":"Sunder","floor":13},{"not_picked":["Creative AI","Machine Learning"],"picked":"Electrodynamics","floor":16},{"not_picked":["Aggregate","Hologram"],"picked":"Melter","floor":17},{"not_picked":["Go for the Eyes","Cold Snap"],"picked":"Streamline","floor":17},{"not_picked":["Coolheaded","Stack"],"picked":"Sweeping Beam","floor":17},{"not_picked":["Beam Cell","Fusion"],"picked":"Coolheaded","floor":17},{"not_picked":["Rebound","Chill"],"picked":"Conserve Battery","floor":17},{"not_picked":["Rip and Tear","Sweeping Beam"],"picked":"Tempest","floor":18},{"not_picked":["All For One","Consume"],"picked":"Conserve Battery","floor":22},{"not_picked":["Rip and Tear+1","Hologram+1"],"picked":"Leap","floor":27},{"not_picked":["Coolheaded","Conserve Battery"],"picked":"Compile Driver+1","floor":28},{"not_picked":["Fusion","Beam Cell"],"picked":"Turbo+1","floor":31}],"player_experience":226211,"relics_obtained":[{"floor":6,"key":"Dodecahedron"},{"floor":8,"key":"The Courier"},{"floor":9,"key":"Mercury Hourglass"},{"floor":12,"key":"Bag of Preparation"},{"floor":15,"key":"Symbiotic Virus"},{"floor":23,"key":"Juzu Bracelet"},{"floor":26,"key":"Nunchaku"},{"floor":31,"key":"StoneCalendar"}],"event_choices":[{"damage_healed":0,"gold_gain":175,"player_choice":"AGREE","damage_taken":0,"max_hp_gain":0,"max_hp_loss":0,"event_name":"Liars Game","floor":3,"gold_loss":0,"cards_obtained":["Doubt"]},{"damage_healed":25,"gold_gain":0,"player_choice":"Banana","damage_taken":0,"max_hp_gain":0,"max_hp_loss":0,"event_name":"Big Fish","floor":10,"gold_loss":0},{"damage_healed":0,"gold_gain":0,"player_choice":"Rummage","damage_taken":0,"relics_obtained":["WarpedTongs"],"max_hp_gain":0,"max_hp_loss":0,"event_name":"Accursed Blacksmith","floor":14,"gold_loss":0,"cards_obtained":["Pain"]},{"damage_healed":0,"gold_gain":0,"player_choice":"Inject Mutagens","damage_taken":0,"relics_obtained":["MutagenicStrength"],"max_hp_gain":0,"max_hp_loss":0,"event_name":"Drug Dealer","floor":19,"gold_loss":0},{"damage_healed":0,"gold_gain":0,"player_choice":"Copied","damage_taken":0,"max_hp_gain":0,"max_hp_loss":0,"event_name":"Duplicator","floor":21,"gold_loss":0,"cards_obtained":["Sunder"]},{"damage_healed":0,"gold_gain":0,"player_choice":"Shed Blood","damage_taken":19,"max_hp_gain":5,"max_hp_loss":0,"event_name":"Forgotten Altar","floor":24,"gold_loss":0},{"damage_healed":0,"gold_gain":0,"player_choice":"Ignored","damage_taken":0,"max_hp_gain":0,"max_hp_loss":0,"event_name":"NoteForYourself","floor":25,"gold_loss":0}],"is_beta":false,"boss_relics":[{"not_picked":["White Beast Statue","Astrolabe"],"picked":"Orrery"}],"items_purged_floors":[20],"is_endless":false,"potions_floor_spawned":[7,13,16,18,22],"killed_by":"Champ","ascension_level":0}