{"gold_per_floor":[115,125,145,164,182,182,212,7,7,7,25,44,59,59],"floor_reached":14,"playtime":836,"items_purged":[],"score":192,"play_id":"7e293089-274d-4a8f-8825-1e83a6405cfa","local_time":"20190904191952","is_ascension_mode":true,"campfire_choices":[{"data":"True Grit","floor":6,"key":"SMITH"}],"neow_cost":"NONE","seed_source_timestamp":997794384713198,"circlet_count":0,"master_deck":["AscendersBane","Strike_R","Strike_R","Strike_R","Strike_R","Strike_R","Defend_R","Defend_R","Defend_R","Defend_R","Bash","Twin Strike","Shockwave","True Grit+1","Spot Weakness","Combust","Pummel","Intimidate","Fiend Fire","Sword Boomerang","Rage"],"relics":["Burning Blood","Juzu Bracelet","Bottled Flame","PreservedInsect","Darkstone Periapt"],"potions_floor_usage":[5,11,12],"damage_taken":[{"damage":10,"enemies":"Small Slimes","floor":1,"turns":3},{"damage":5,"enemies":"2 Louse","floor":2,"turns":3},{"damage":9,"enemies":"Jaw Worm","floor":3,"turns":4},{"damage":5,"enemies":"Looter","floor":4,"turns":4},{"damage":4,"enemies":"3 Louse","floor":5,"turns":5},{"damage":37,"enemies":"Gremlin Nob","floor":7,"turns":4},{"damage":12,"enemies":"Lots of Slimes","floor":11,"turns":3},{"damage":21,"enemies":"Exordium Wildlife","floor":12,"turns":5},{"damage":10,"enemies":"Large Slime","floor":13,"turns":4},{"damage":16,"enemies":"Blue Slaver","floor":14,"turns":2}],"seed_played":"6519391238501143476","potions_obtained":[{"floor":2,"key":"Poison Potion"},{"floor":5,"key":"Explosive Potion"},{"floor":11,"key":"Weak Potion"},{"floor":13,"key":"FearPotion"}],"is_trial":false,"path_per_floor":["M","M","M","M","M","R","E","$","T","?","M","M","M","M"],"character_chosen":"IRONCLAD","items_purchased":["PreservedInsect","Intimidate"],"campfire_rested":0,"item_purchase_floors":[8,8],"current_hp_per_floor":[64,65,62,63,65,65,34,34,34,34,28,13,9,0],"gold":59,"neow_bonus":"RANDOM_COMMON_RELIC","is_prod":false,"is_daily":false,"chose_seed":false,"campfire_upgraded":1,"win_rate":0,"timestamp":1567639192,"path_taken":["M","M","M","M","M","R","E","$","T","?","M","M","M","M"],"build_version":"2019-01-23","purchased_purges":0,"victory":false,"max_hp_per_floor":[75,75,75,75,75,75,75,75,75,75,75,75,75,75],"card_choices":[{"not_picked":["Wild Strike","Seeing Red"],"picked":"Twin Strike","floor":1},{"not_picked":["Anger","Flex"],"picked":"Shockwave","floor":2},{"not_picked":["Burning Pact","Flex"],"picked":"True Grit","floor":3},{"not_picked":["Warcry","True Grit"],"picked":"Spot Weakness","floor":4},{"not_picked":["Havoc","Whirlwind"],"picked":"Combust","floor":5},{"not_picked":["Heavy Blade","Iron Wave"],"picked":"Pummel","floor":7},{"not_picked":["Rampage","Fire Breathing"],"picked":"Fiend Fire","floor":11},{"not_picked":["Shockwave","Iron Wave"],"picked":"Sword Boomerang","floor":12},{"not_picked":["True Grit","Intimidate"],"picked":"Rage","floor":13}],"player_experience":2903550,"relics_obtained":[{"floor":7,"key":"Bottled Flame"},{"floor":9,"key":"Darkstone Periapt"}],"event_choices":[{"damage_healed":0,"gold_gain":0,"player_choice":"Ignored","damage_taken":0,"max_hp_gain":0,"max_hp_loss":0,"event_name":"Shining Light","floor":10,"gold_loss":0}],"is_beta":false,"boss_relics":[],"items_purged_floors":[],"is_endless":false,"potions_floor_spawned":[2,5,11,13],"killed_by":"Blue Slaver","ascension_level":20}