{"gold_per_floor":[116,136,154,166,179,179,179,179,206,231,231,406,406],"floor_reached":13,"playtime":658,"items_purged":[],"score":85,"play_id":"3270b072-ba88-48fd-be26-b6e2dbdd2e95","local_time":"20190912092916","is_ascension_mode":false,"campfire_choices":[{"floor":6,"key":"RECALL"},{"data":"Crescendo","floor":8,"key":"SMITH"},{"floor":11,"key":"REST"}],"neow_cost":"NONE","seed_source_timestamp":153502413671194,"circlet_count":0,"master_deck":["Strike_P","Strike_P","Strike_P","Strike_P","Defend_P","Defend_P","Defend_P","Defend_P","Eruption","Vigilance","Panacea","ThirdEye","Protect","Consecrate","Crescendo+1","CutThroughFate","Parasite","EmptyFist","EmptyMind","Doubt"],"relics":["PureWater","Dream Catcher","Juzu Bracelet"],"potions_floor_usage":[10],"damage_taken":[{"damage":4,"enemies":"Cultist","floor":1,"turns":4},{"damage":2,"enemies":"2 Louse","floor":2,"turns":3},{"damage":1,"enemies":"Jaw Worm","floor":3,"turns":4},{"damage":0,"enemies":"Blue Slaver","floor":4,"turns":6},{"damage":1,"enemies":"Red Slaver","floor":5,"turns":3},{"damage":75,"enemies":"Lagavulin","floor":10,"turns":16},{"damage":39,"enemies":"3 Sentries","floor":13,"turns":8}],"seed_played":"-7273468930157759256","potions_obtained":[{"floor":4,"key":"AttackPotion"},{"floor":5,"key":"FairyPotion"}],"is_trial":false,"path_per_floor":["M","M","M","M","M","R","?","R","T","E","R","?","E"],"character_chosen":"WATCHER","items_purchased":[],"campfire_rested":1,"item_purchase_floors":[],"current_hp_per_floor":[61,59,58,58,57,57,65,65,65,19,38,38,0],"gold":406,"neow_bonus":"RANDOM_COLORLESS","is_prod":false,"is_daily":false,"chose_seed":false,"campfire_upgraded":1,"win_rate":0.0,"timestamp":1568291356,"path_taken":["M","M","M","M","M","R","?","R","T","E","R","?","E"],"build_version":"2019-09-11v2","purchased_purges":0,"victory":false,"max_hp_per_floor":[65,65,65,65,65,65,65,65,65,65,65,65,65],"card_choices":[{"not_picked":["FollowUp","FlurryOfBlows"],"picked":"ThirdEye","floor":1},{"not_picked":["EmptyMind","Weave"],"picked":"Protect","floor":2},{"not_picked":["Nirvana","EmptyMind"],"picked":"Consecrate","floor":3},{"not_picked":["ThirdEye","Tantrum"],"picked":"Crescendo","floor":4},{"not_picked":["SpiritShield","Fasting"],"picked":"CutThroughFate","floor":5},{"not_picked":["JustLucky","EmptyBody"],"picked":"EmptyFist","floor":10},{"not_picked":["CarveReality","SandsOfTime"],"picked":"EmptyMind","floor":11}],"player_experience":409760,"relics_obtained":[{"floor":9,"key":"Dream Catcher"},{"floor":10,"key":"Juzu Bracelet"}],"event_choices":[{"damage_healed":16,"gold_gain":0,"player_choice":"Healed and dodged fight","damage_taken":0,"max_hp_gain":0,"max_hp_loss":0,"event_name":"Mushrooms","floor":7,"gold_loss":0,"cards_obtained":["Parasite"]},{"damage_healed":0,"gold_gain":175,"player_choice":"AGREE","damage_taken":0,"max_hp_gain":0,"max_hp_loss":0,"event_name":"Liars Game","floor":12,"gold_loss":0,"cards_obtained":["Doubt"]}],"is_beta":true,"boss_relics":[],"items_purged_floors":[],"is_endless":false,"potions_floor_spawned":[4,5],"killed_by":"3 Sentries","ascension_level":0}