{"gold_per_floor":[114,129,144,144,319,349,49,49,124,139,169,29,44,44,44,144,144,129,129,144,144,444,474,474,489,489,489,519,549,549,564,564,664,664,679,679,709,769,578,578,593,7,7,37,52,32,62,92,92,92],"floor_reached":51,"playtime":4526,"items_purged":["Doubt","Strike_B"],"score":1084,"play_id":"7c3bf2ed-fefe-45d1-8b49-422d8461650d","local_time":"20181224012526","daily_mods":["Specialized","Red Cards","DeadlyEvents"],"is_ascension_mode":false,"campfire_choices":[{"data":"Storm","floor":8,"key":"SMITH"},{"floor":15,"key":"REST"},{"data":"Buffer","floor":24,"key":"SMITH"},{"data":"Tempest","floor":27,"key":"SMITH"},{"floor":30,"key":"DIG"},{"floor":32,"key":"DIG"},{"data":"Seek","floor":40,"key":"SMITH"},{"floor":49,"key":"REST"}],"neow_cost":"","seed_source_timestamp":0,"circlet_count":0,"master_deck":["Defend_B","Defend_B","Zap","Dualcast","Genetic Algorithm","Genetic Algorithm","Genetic Algorithm","Genetic Algorithm","Genetic Algorithm","Ball Lightning","Ball Lightning","Combust","Combust","Storm+1","Chill","Buffer+1","Self Repair","Blood for Blood","Biased Cognition","Normality","Writhe","Decay","Inflame","Bite","Bite","Bite","Bite","Bite","Body Slam+1","Storm","Tempest+1","Metallicize","Go for the Eyes","Reboot","Seek+1","Clothesline+1","Infernal Blade","Dark Embrace","Entrench+1","Feel No Pain","Storm","Flash of Steel","Meteor Strike","Fire Breathing","Shame","Defragment","Battle Trance+1","Defragment+1","Evolve","Defragment","Burning Pact+1"],"special_seed":17888,"relics":["Cracked Core","Torii","Oddly Smooth Stone","Blue Candle","Ice Cream","Calling Bell","Pantograph","Thread and Needle","DataDisk","Old Coin","Meat on the Bone","Letter Opener","Regal Pillow","Shovel","Art of War","Happy Flower","Cursed Key","Prayer Wheel","Tiny Chest","Strawberry","Bronze Scales","Membership Card","Dream Catcher","Question Card","Anchor","Peace Pipe","Lantern"],"potions_floor_usage":[11,16,16,20,20,23,33,37,44,50],"damage_taken":[{"damage":5,"enemies":"Small Slimes","floor":1,"turns":3},{"damage":0,"enemies":"2 Louse","floor":2,"turns":3},{"damage":0,"enemies":"Cultist","floor":3,"turns":3},{"damage":23,"enemies":"Gremlin Nob","floor":6,"turns":4},{"damage":10,"enemies":"Looter","floor":10,"turns":3},{"damage":13,"enemies":"3 Sentries","floor":11,"turns":4},{"damage":2,"enemies":"Exordium Wildlife","floor":13,"turns":3},{"damage":7,"enemies":"Slime Boss","floor":16,"turns":7},{"damage":15,"enemies":"2 Thieves","floor":18,"turns":4},{"damage":5,"enemies":"3 Byrds","floor":20,"turns":3},{"damage":19,"enemies":"Slavers","floor":23,"turns":4},{"damage":5,"enemies":"Centurion and Healer","floor":25,"turns":6},{"damage":7,"enemies":"Book of Stabbing","floor":28,"turns":4},{"damage":37,"enemies":"Slavers","floor":29,"turns":4},{"damage":3,"enemies":"Snecko","floor":31,"turns":4},{"damage":28,"enemies":"Collector","floor":33,"turns":9},{"damage":9,"enemies":"Orb Walker","floor":35,"turns":3},{"damage":26,"enemies":"Reptomancer","floor":37,"turns":5},{"damage":11,"enemies":"Nemesis","floor":38,"turns":7},{"damage":30,"enemies":"3 Darklings","floor":41,"turns":4},{"damage":39,"enemies":"Giant Head","floor":44,"turns":8},{"damage":2,"enemies":"4 Shapes","floor":45,"turns":5},{"damage":1,"enemies":"Nemesis","floor":47,"turns":3},{"damage":28,"enemies":"Reptomancer","floor":48,"turns":6},{"damage":64,"enemies":"Time Eater","floor":50,"turns":9}],"seed_played":"8723838574569738349","potions_obtained":[{"floor":2,"key":"Energy Potion"},{"floor":10,"key":"SkillPotion"},{"floor":11,"key":"Block Potion"},{"floor":13,"key":"Block Potion"},{"floor":18,"key":"Swift Potion"},{"floor":20,"key":"Swift Potion"},{"floor":31,"key":"EntropicBrew"},{"floor":37,"key":"Swift Potion"},{"floor":44,"key":"Block Potion"},{"floor":47,"key":"Swift Potion"}],"is_trial":false,"path_per_floor":["M","M","M","?","?","E","$","R","T","M","E","$","M","$","R","B",null,"M","?","M","T","T","E","R","M","T","R","E","E","R","M","R","B",null,"M","?","E","E","$","R","M","$","T","E","M","$","E","E","R","B",null],"character_chosen":"DEFECT","items_purchased":["Storm","Oddly Smooth Stone","Self Repair","Feel No Pain","Strawberry","Bronze Scales","Membership Card","Dream Catcher","Flash of Steel","Meteor Strike","Fire Breathing","Evolve"],"campfire_rested":2,"item_purchase_floors":[7,7,12,39,39,42,42,42,42,42,42,46],"current_hp_per_floor":[70,70,70,63,63,40,40,40,40,30,17,17,22,22,44,44,75,67,67,64,64,64,52,52,62,62,62,64,41,41,44,44,64,75,69,69,56,62,69,69,60,60,60,52,59,59,67,45,82,47],"gold":92,"neow_bonus":"","is_prod":false,"is_daily":true,"chose_seed":false,"campfire_upgraded":4,"win_rate":0,"timestamp":1545632726,"path_taken":["M","M","M","?","?","E","$","R","T","?","?","$","M","?","R","BOSS","M","?","M","?","?","E","R","M","T","R","E","?","R","?","R","BOSS","M","?","?","?","$","R","?","$","T","E","M","?","E","?","R","BOSS"],"build_version":"2018-12-13","purchased_purges":2,"victory":true,"max_hp_per_floor":[75,75,75,75,75,75,75,75,75,75,75,75,75,75,75,75,75,75,75,75,75,75,75,75,75,75,75,75,75,75,75,75,75,75,75,75,75,75,82,82,82,82,82,82,82,82,82,82,82,82],"card_choices":[{"not_picked":["Sentinel","Anger"],"picked":"Ball Lightning","floor":1},{"not_picked":["Reprogram","Bloodletting"],"picked":"Ball Lightning","floor":2},{"not_picked":["Self Repair","Hologram"],"picked":"Combust","floor":3},{"not_picked":["Scrape","Inflame"],"picked":"Combust","floor":6},{"not_picked":["Armaments","Redo"],"picked":"Chill","floor":10},{"not_picked":["Fire Breathing","Hello World"],"picked":"Buffer","floor":11},{"not_picked":["Redo","Perfected Strike"],"picked":"Blood for Blood","floor":13},{"not_picked":["Bludgeon","Buffer"],"picked":"Biased Cognition","floor":16},{"not_picked":["Havoc","Battle Trance"],"picked":"Inflame","floor":18},{"not_picked":["Sweeping Beam","Fire Breathing+1"],"picked":"Body Slam+1","floor":20},{"not_picked":["Clothesline","Biased Cognition"],"picked":"Storm","floor":23},{"not_picked":["Redo","Coolheaded"],"picked":"Tempest","floor":25},{"not_picked":["Twin Strike","Inflame+1"],"picked":"Metallicize","floor":28},{"not_picked":["Hemokinesis+1","Spot Weakness"],"picked":"Go for the Eyes","floor":29},{"not_picked":["Headbutt+1","Lockon"],"picked":"Reboot","floor":31},{"not_picked":["Impervious","Fission"],"picked":"Seek","floor":33},{"not_picked":["Cold Snap+1","Force Field"],"picked":"Clothesline+1","floor":35},{"not_picked":["Chill","Spot Weakness+1"],"picked":"Dark Embrace","floor":37},{"not_picked":["Lockon","Thunderclap+1"],"picked":"Entrench+1","floor":38},{"not_picked":["Warcry","Battle Trance"],"picked":"Storm","floor":41},{"not_picked":["Rampage","Headbutt+1","Scrape+1"],"picked":"SKIP","floor":41},{"not_picked":["Warcry+1","Havoc","Wild Strike"],"picked":"Defragment","floor":44},{"not_picked":["Sentinel","Reinforced Body","Undo+1"],"picked":"Battle Trance+1","floor":45},{"not_picked":["Iron Wave+1","Amplify","Sever Soul+1"],"picked":"Defragment+1","floor":45},{"not_picked":["Wild Strike+1","Sword Boomerang+1","Inflame+1"],"picked":"Defragment","floor":47},{"not_picked":["Blizzard","Ghostly Armor","Go for the Eyes+1"],"picked":"Burning Pact+1","floor":48}],"player_experience":2101997,"relics_obtained":[{"floor":6,"key":"Torii"},{"floor":9,"key":"Blue Candle"},{"floor":11,"key":"Ice Cream"},{"floor":17,"key":"Blood Vial"},{"floor":17,"key":"Pantograph"},{"floor":17,"key":"Thread and Needle"},{"floor":21,"key":"DataDisk"},{"floor":22,"key":"Old Coin"},{"floor":23,"key":"Meat on the Bone"},{"floor":26,"key":"Letter Opener"},{"floor":28,"key":"Regal Pillow"},{"floor":29,"key":"Shovel"},{"floor":30,"key":"Art of War"},{"floor":32,"key":"Happy Flower"},{"floor":37,"key":"Prayer Wheel"},{"floor":38,"key":"Tiny Chest"},{"floor":43,"key":"Question Card"},{"floor":44,"key":"Anchor"},{"floor":47,"key":"Peace Pipe"},{"floor":48,"key":"Lantern"}],"event_choices":[{"cards_removed":["Defend_B"],"damage_healed":0,"gold_gain":0,"player_choice":"Card Removal","damage_taken":7,"max_hp_gain":0,"max_hp_loss":0,"event_name":"Golden Wing","floor":4,"gold_loss":0},{"damage_healed":0,"gold_gain":175,"player_choice":"AGREE","damage_taken":0,"max_hp_gain":0,"max_hp_loss":0,"event_name":"Liars Game","floor":5,"gold_loss":0,"cards_obtained":["Doubt"]},{"damage_healed":0,"gold_gain":0,"player_choice":"Became a vampire (Vial)","damage_taken":0,"max_hp_gain":0,"max_hp_loss":0,"event_name":"Vampires","floor":19,"relics_lost":["Blood Vial"],"gold_loss":0,"cards_obtained":["Bite","Bite","Bite","Bite","Bite"]},{"damage_healed":0,"gold_gain":0,"cards_transformed":["Defend_B"],"player_choice":"Transformed","damage_taken":0,"max_hp_gain":0,"max_hp_loss":0,"event_name":"Transmorgrifier","floor":36,"gold_loss":0,"cards_obtained":["Infernal Blade"]}],"is_beta":false,"boss_relics":[{"not_picked":["White Beast Statue","Runic Dome"],"picked":"Calling Bell"},{"not_picked":["Busted Crown","Snecko Eye"],"picked":"Cursed Key"}],"items_purged_floors":[7,12],"is_endless":false,"potions_floor_spawned":[2,10,11,13,18,20,31,37,44,47],"ascension_level":0}