{"gold_per_floor":[110,127,127,148,172,210,210,233,260,272],"floor_reached":10,"playtime":420,"items_purged":[],"score":70,"play_id":"b0a2a2d0-cffd-49a2-8443-f37d2229c118","local_time":"20191012223508","is_ascension_mode":false,"campfire_choices":[],"neow_cost":"NONE","seed_source_timestamp":6688548724200,"circlet_count":0,"master_deck":["Strike_B","Strike_B","Strike_B","Defend_B","Defend_B","Defend_B","Defend_B","Zap","Dualcast","Hyperbeam","Genetic Algorithm","Compile Driver","Hologram","Ball Lightning","Capacitor","Steam"],"relics":["Cracked Core","Golden Idol","Juzu Bracelet","MawBank"],"potions_floor_usage":[10],"damage_taken":[{"damage":4,"enemies":"2 Louse","floor":1,"turns":2},{"damage":5,"enemies":"Jaw Worm","floor":2,"turns":3},{"damage":0,"enemies":"Small Slimes","floor":4,"turns":2},{"damage":2,"enemies":"2 Fungi Beasts","floor":5,"turns":2},{"damage":31,"enemies":"Gremlin Nob","floor":6,"turns":5},{"damage":10,"enemies":"3 Louse","floor":8,"turns":2},{"damage":9,"enemies":"3 Sentries","floor":10,"turns":2}],"seed_played":"827351373722700789","potions_obtained":[{"floor":1,"key":"SpeedPotion"},{"floor":4,"key":"Swift Potion"},{"floor":8,"key":"FocusPotion"}],"is_trial":false,"path_per_floor":["M","M","?","M","M","E","?","M","T","E"],"character_chosen":"DEFECT","items_purchased":[],"campfire_rested":0,"item_purchase_floors":[],"current_hp_per_floor":[71,66,48,48,46,15,15,5,5,0],"gold":272,"neow_bonus":"ONE_RANDOM_RARE_CARD","is_prod":false,"is_daily":false,"chose_seed":false,"campfire_upgraded":0,"win_rate":0,"timestamp":1570890908,"path_taken":["M","M","?","M","M","E","?","M","T","E"],"build_version":"2019-07-17","purchased_purges":0,"victory":false,"max_hp_per_floor":[75,75,75,75,75,75,75,75,75,75],"card_choices":[{"not_picked":["Tempest","Sunder"],"picked":"Genetic Algorithm","floor":1},{"not_picked":["Streamline","Aggregate"],"picked":"Compile Driver","floor":2},{"not_picked":["Conserve Battery","Leap"],"picked":"Hologram","floor":4},{"not_picked":["Turbo","Double Energy"],"picked":"Ball Lightning","floor":5},{"not_picked":["Redo","Force Field"],"picked":"Capacitor","floor":6},{"not_picked":["Loop","Redo"],"picked":"Steam","floor":8}],"player_experience":162180,"relics_obtained":[{"floor":6,"key":"Juzu Bracelet"},{"floor":9,"key":"MawBank"}],"event_choices":[{"damage_healed":0,"gold_gain":0,"player_choice":"Take Damage","damage_taken":18,"relics_obtained":["Golden Idol"],"max_hp_gain":0,"max_hp_loss":0,"event_name":"Golden Idol","floor":3,"gold_loss":0},{"cards_removed":["Strike_B"],"damage_healed":0,"gold_gain":0,"player_choice":"Forget","damage_taken":0,"max_hp_gain":0,"max_hp_loss":0,"event_name":"Living Wall","floor":7,"gold_loss":0}],"is_beta":false,"boss_relics":[],"items_purged_floors":[],"is_endless":false,"potions_floor_spawned":[1,4,8],"killed_by":"3 Sentries","ascension_level":0}