{"gold_per_floor":[113,133,83,101,113,113,113,113,113,123,123,140,140,156,156,254,254,269,287,287,303,315,325,325,325,351,371,103,103,80,98,98,193,193,193],"floor_reached":35,"playtime":3691,"items_purged":[],"score":530,"play_id":"c89923f7-c6f7-4824-a28d-31749ddb93d7","local_time":"20181009234516","is_ascension_mode":true,"campfire_choices":[{"data":"Zap","floor":6,"key":"SMITH"},{"data":"Tempest","floor":8,"key":"SMITH"},{"data":"Skim","floor":13,"key":"SMITH"},{"floor":15,"key":"REST"},{"floor":25,"key":"REST"},{"floor":32,"key":"REST"}],"neow_cost":"NONE","seed_source_timestamp":1741835094495,"circlet_count":0,"master_deck":["Defend_B","Defend_B","Defend_B","Defend_B","Zap+1","Dualcast","AscendersBane","Beam Cell","Skim+1","Darkness+1","Melter","Tempest+1","Defragment","Steam","Turbo+1","Electrodynamics","Coolheaded","Stack","Defragment","BootSequence","Redo","Cold Snap+1","Auto Shields+1","Barrage","Steam","Thunder Strike","Ball Lightning+1","Defragment+1","Hologram+1","Apotheosis","Rainbow","Leap","Go for the Eyes+1","Biased Cognition"],"relics":["Cracked Core","Nunchaku","Orrery","War Paint","Busted Crown"],"potions_floor_usage":[16,16,21,27,33,33,33],"damage_taken":[{"damage":7,"enemies":"Small Slimes","floor":1,"turns":3},{"damage":0,"enemies":"2 Louse","floor":2,"turns":3},{"damage":2,"enemies":"Jaw Worm","floor":4,"turns":6},{"damage":14,"enemies":"Red Slaver","floor":5,"turns":3},{"damage":9,"enemies":"Large Slime","floor":10,"turns":4},{"damage":12,"enemies":"Looter","floor":12,"turns":3},{"damage":1,"enemies":"3 Louse","floor":14,"turns":2},{"damage":46,"enemies":"Hexaghost","floor":16,"turns":9},{"damage":0,"enemies":"Spheric Guardian","floor":18,"turns":2},{"damage":26,"enemies":"Chosen","floor":19,"turns":5},{"damage":15,"enemies":"Centurion and Healer","floor":21,"turns":7},{"damage":13,"enemies":"Snecko","floor":22,"turns":3},{"damage":4,"enemies":"Snake Plant","floor":23,"turns":3},{"damage":4,"enemies":"Shelled Parasite and Fungi","floor":27,"turns":5},{"damage":21,"enemies":"Cultist and Chosen","floor":31,"turns":6},{"damage":16,"enemies":"Automaton","floor":33,"turns":10},{"damage":59,"enemies":"3 Shapes","floor":35,"turns":3}],"seed_played":"-2918345812459257150","potions_obtained":[{"floor":1,"key":"GamblersBrew"},{"floor":2,"key":"Strength Potion"},{"floor":4,"key":"Regen Potion"},{"floor":14,"key":"Energy Potion"},{"floor":22,"key":"PowerPotion"},{"floor":23,"key":"Block Potion"},{"floor":29,"key":"Swift Potion"},{"floor":29,"key":"SkillPotion"},{"floor":33,"key":"Ancient Potion"}],"is_trial":false,"path_per_floor":["M","M","?","M","M","R","?","R","T","M","?","M","R","M","R","B",null,"M","M","?","M","M","M","?","R","T","M","$","?","$","M","R","B",null],"character_chosen":"DEFECT","items_purchased":["Apotheosis","Rainbow","Leap"],"campfire_rested":3,"item_purchase_floors":[28,28,30],"current_hp_per_floor":[61,61,61,59,45,45,45,45,45,36,61,49,49,48,70,39,66,66,40,40,25,12,8,8,30,30,26,26,26,26,5,27,11,59,0],"gold":193,"neow_bonus":"REMOVE_CARD","is_prod":false,"is_daily":false,"chose_seed":false,"campfire_upgraded":3,"win_rate":0,"timestamp":1539143116,"path_taken":["M","M","?","M","?","R","?","R","T","M","?","M","R","?","R","BOSS","M","?","?","M","M","M","?","R","T","?","$","?","$","?","R","BOSS","M"],"build_version":"2018-10-04v2","purchased_purges":0,"victory":false,"max_hp_per_floor":[75,75,75,75,75,75,75,75,75,75,75,75,75,75,75,75,75,75,75,75,75,75,75,75,75,75,75,75,75,75,75,75,75,75,75],"card_choices":[{"not_picked":["Double Energy","Steam"],"picked":"Beam Cell","floor":1},{"not_picked":["Stack","Tempest"],"picked":"Skim","floor":2},{"not_picked":["Streamline","Stack"],"picked":"Darkness","floor":4},{"not_picked":["Leap","Streamline"],"picked":"Melter","floor":5},{"not_picked":["Chill","Recycle"],"picked":"Defragment","floor":10},{"not_picked":["Beam Cell","BootSequence"],"picked":"Steam","floor":12},{"not_picked":["Sweeping Beam","Streamline"],"picked":"Turbo","floor":14},{"not_picked":["Echo Form","Seek"],"picked":"Electrodynamics","floor":16},{"not_picked":["Steam","Turbo"],"picked":"Coolheaded","floor":17},{"not_picked":["Coolheaded","Reprogram"],"picked":"Stack","floor":17},{"not_picked":["Conserve Battery","BootSequence"],"picked":"Defragment","floor":17},{"not_picked":["Barrage","Melter"],"picked":"BootSequence","floor":17},{"not_picked":["Streamline","Steam"],"picked":"Redo","floor":17},{"not_picked":["Stack","Leap+1"],"picked":"Cold Snap+1","floor":18},{"not_picked":["Coolheaded","Leap"],"picked":"Auto Shields+1","floor":19},{"not_picked":["Cold Snap","Reprogram"],"picked":"Thunder Strike","floor":21},{"not_picked":["Reinforced Body","Sweeping Beam"],"picked":"Ball Lightning+1","floor":22},{"not_picked":["Sweeping Beam","Aggregate"],"picked":"Defragment+1","floor":23},{"not_picked":["Storm","Chaos"],"picked":"Hologram+1","floor":27},{"not_picked":["Scrape","Coolheaded"],"picked":"Go for the Eyes+1","floor":31},{"not_picked":["Multi-Cast","Amplify"],"picked":"Biased Cognition","floor":33}],"player_experience":1828385,"relics_obtained":[{"floor":9,"key":"Nunchaku"},{"floor":26,"key":"War Paint"}],"event_choices":[{"event_name":"World of Goop","player_choice":"Left","floor":3,"damage_taken":0},{"event_name":"Living Wall","player_choice":"Change","floor":7,"damage_taken":0},{"event_name":"Big Fish","player_choice":"Banana","floor":11,"damage_taken":0},{"event_name":"Drug Dealer","player_choice":"Became Test Subject","floor":20,"damage_taken":0},{"event_name":"Vampires","player_choice":"Ignored","floor":24,"damage_taken":0},{"event_name":"The Lab","player_choice":"Got Potions","floor":29,"damage_taken":0}],"is_beta":false,"boss_relics":[{"not_picked":["Fusion Hammer","Inserter"],"picked":"Orrery"},{"not_picked":["Coffee Dripper","Runic Dome"],"picked":"Busted Crown"}],"items_purged_floors":[],"is_endless":false,"potions_floor_spawned":[1,2,4,14,22,23,31,33],"killed_by":"3 Shapes","ascension_level":10}