{"gold_per_floor":[110,23,34,52,62,62,83,102,102,102],"floor_reached":10,"playtime":909,"items_purged":[],"score":60,"play_id":"19e774ac-da2b-481d-9474-84d9ff33b7a5","local_time":"20191010124452","is_ascension_mode":false,"campfire_choices":[{"floor":6,"key":"REST"}],"neow_cost":"NONE","seed_source_timestamp":92314176813323,"circlet_count":0,"master_deck":["Strike_P","Strike_P","Strike_P","Strike_P","Defend_P","Defend_P","Defend_P","Defend_P","Eruption","Vigilance","ThirdEye","LikeWater","FlurryOfBlows","BowlingBash","JustLucky","JustLucky","WaveOfTheHand","FlurryOfBlows"],"relics":["PureWater","Odd Mushroom"],"potions_floor_usage":[4],"damage_taken":[{"damage":2,"enemies":"Small Slimes","floor":1,"turns":5},{"damage":6,"enemies":"Jaw Worm","floor":3,"turns":5},{"damage":0,"enemies":"Cultist","floor":4,"turns":2},{"damage":7,"enemies":"Gremlin Gang","floor":5,"turns":6},{"damage":1,"enemies":"The Mushroom Lair","floor":7,"turns":5},{"damage":0,"enemies":"Looter","floor":8,"turns":3},{"damage":96,"enemies":"Lagavulin","floor":10,"turns":19}],"seed_played":"6089113577470351276","potions_obtained":[{"floor":1,"key":"AttackPotion"},{"floor":5,"key":"Strength Potion"},{"floor":8,"key":"DuplicationPotion"}],"is_trial":false,"path_per_floor":["M","$","M","M","M","R","?","M","T","E"],"character_chosen":"WATCHER","items_purchased":["LikeWater","FlurryOfBlows"],"campfire_rested":1,"item_purchase_floors":[2,2],"current_hp_per_floor":[77,77,71,71,64,79,78,78,78,0],"gold":102,"neow_bonus":"TEN_PERCENT_HP_BONUS","is_prod":false,"is_daily":false,"chose_seed":false,"campfire_upgraded":0,"win_rate":0.0,"timestamp":1570722292,"path_taken":["M","$","M","M","M","R","?","M","T","E"],"build_version":"2019-10-09","purchased_purges":0,"victory":false,"max_hp_per_floor":[79,79,79,79,79,79,79,79,79,79],"card_choices":[{"not_picked":["Meditate","Study"],"picked":"ThirdEye","floor":1},{"not_picked":["FearNoEvil","FollowUp"],"picked":"BowlingBash","floor":3},{"not_picked":["FlyingSleeves","CrushJoints"],"picked":"JustLucky","floor":4},{"not_picked":["Wireheading","Collect"],"picked":"JustLucky","floor":5},{"not_picked":["SpiritShield","Prostrate"],"picked":"WaveOfTheHand","floor":7},{"not_picked":["Crescendo","InnerPeace"],"picked":"FlurryOfBlows","floor":8}],"player_experience":445448,"relics_obtained":[{"floor":7,"key":"Odd Mushroom"}],"event_choices":[{"damage_healed":0,"gold_gain":0,"player_choice":"Fought Mushrooms","damage_taken":0,"max_hp_gain":0,"max_hp_loss":0,"event_name":"Mushrooms","floor":7,"gold_loss":0}],"is_beta":true,"boss_relics":[],"items_purged_floors":[],"is_endless":false,"potions_floor_spawned":[1,5,8],"killed_by":"Lagavulin","ascension_level":0}