{"gold_per_floor":[109,23,39,58,68,101,113,4,4,22,22,42,42,58,58,162,162,176,176,24,24,34,34,69,69,96,115,133,133,133,133,133,133],"floor_reached":33,"playtime":1985,"items_purged":[],"score":280,"play_id":"cfea09e4-e262-4887-8a18-395f4ab00e22","local_time":"20190730194751","is_ascension_mode":true,"campfire_choices":[{"floor":7,"key":"REST"},{"floor":11,"key":"REST"},{"data":"Enlightenment","floor":13,"key":"SMITH"},{"floor":15,"key":"REST"},{"floor":23,"key":"REST"},{"floor":25,"key":"REST"},{"floor":32,"key":"REST"}],"neow_cost":"NONE","seed_source_timestamp":207611353827331,"circlet_count":0,"master_deck":["Strike_B","Strike_B","Strike_B","Strike_B","Defend_B","Defend_B","Defend_B","Defend_B","Zap","Dualcast","Machine Learning","Turbo","Sweeping Beam","Loop","Capacitor","White Noise","Leap","Melter","Enlightenment+1","Self Repair","Auto Shields","Leap","Hologram","Hyperbeam","Self Repair","RitualDagger","Turbo","Sweeping Beam","Trip+1","Leap","Sunder+1","Conserve Battery","Reboot"],"relics":["Cracked Core","MawBank","Bottled Flame","Runic Pyramid","Bird Faced Urn","Smiling Mask","Bag of Preparation"],"potions_floor_usage":[5,6,14,16,22,24,28],"damage_taken":[{"damage":0,"enemies":"2 Louse","floor":1,"turns":4},{"damage":0,"enemies":"Jaw Worm","floor":3,"turns":3},{"damage":0,"enemies":"Cultist","floor":4,"turns":3},{"damage":12,"enemies":"Looter","floor":5,"turns":5},{"damage":36,"enemies":"Lagavulin","floor":6,"turns":7},{"damage":6,"enemies":"Gremlin Gang","floor":10,"turns":6},{"damage":7,"enemies":"Blue Slaver","floor":12,"turns":3},{"damage":21,"enemies":"Exordium Thugs","floor":14,"turns":4},{"damage":59,"enemies":"Slime Boss","floor":16,"turns":11},{"damage":25,"enemies":"Chosen","floor":18,"turns":7},{"damage":33,"enemies":"Spheric Guardian","floor":22,"turns":6},{"damage":40,"enemies":"Slavers","floor":24,"turns":4},{"damage":28,"enemies":"Cultist and Chosen","floor":27,"turns":5},{"damage":0,"enemies":"Snecko","floor":28,"turns":5},{"damage":53,"enemies":"Colosseum Slavers","floor":29,"turns":5},{"damage":62,"enemies":"Collector","floor":33,"turns":11}],"seed_played":"7964418941211735313","potions_obtained":[{"floor":3,"key":"EssenceOfSteel"},{"floor":4,"key":"SkillPotion"},{"floor":5,"key":"Explosive Potion"},{"floor":6,"key":"Strength Potion"},{"floor":18,"key":"Regen Potion"},{"floor":22,"key":"Regen Potion"},{"floor":27,"key":"SkillPotion"}],"is_trial":false,"path_per_floor":["M","$","M","M","M","E","R","$","T","M","R","M","R","M","R","B",null,"M","?","$","?","M","R","E","R","T","M","M","?","$","?","R","B"],"character_chosen":"DEFECT","items_purchased":["Sweeping Beam","Loop","Enlightenment","Self Repair","Turbo","Sweeping Beam","Trip"],"campfire_rested":6,"item_purchase_floors":[2,2,8,8,20,20,20],"current_hp_per_floor":[75,75,75,75,63,27,49,49,49,50,72,72,72,58,75,16,75,57,51,51,51,47,69,48,70,70,57,61,28,28,28,50,0],"gold":133,"neow_bonus":"ONE_RANDOM_RARE_CARD","is_prod":false,"is_daily":false,"chose_seed":false,"campfire_upgraded":1,"win_rate":0,"timestamp":1564526871,"path_taken":["M","$","M","M","M","E","R","$","T","M","R","M","R","M","R","BOSS","M","?","$","?","M","R","E","R","T","?","M","?","$","?","R","BOSS"],"build_version":"2019-07-17","purchased_purges":0,"victory":false,"max_hp_per_floor":[75,75,75,75,75,75,75,75,75,75,75,75,75,75,75,75,75,75,75,75,75,75,75,75,75,75,75,75,75,75,75,75,75],"card_choices":[{"not_picked":["Redo","Recycle"],"picked":"Turbo","floor":1},{"not_picked":["FTL","Rip and Tear"],"picked":"Capacitor","floor":3},{"not_picked":["Rip and Tear","Steam"],"picked":"White Noise","floor":4},{"not_picked":["Gash","Streamline"],"picked":"Leap","floor":5},{"not_picked":["Auto Shields","Chill"],"picked":"Melter","floor":6},{"not_picked":["Rebound","Gash"],"picked":"Auto Shields","floor":10},{"not_picked":["Lockon","FTL"],"picked":"Leap","floor":12},{"not_picked":["Multi-Cast","Hello World"],"picked":"Hologram","floor":14},{"not_picked":["Creative AI","All For One"],"picked":"Hyperbeam","floor":16},{"not_picked":["Steam+1","Coolheaded"],"picked":"Self Repair","floor":18},{"not_picked":["Scrape","Steam"],"picked":"Leap","floor":22},{"not_picked":["Hologram","Doom and Gloom+1"],"picked":"Sunder+1","floor":24},{"not_picked":["Stack","Fusion+1"],"picked":"Conserve Battery","floor":27},{"not_picked":["Hologram+1","Barrage+1"],"picked":"Reboot","floor":28}],"player_experience":259393,"relics_obtained":[{"floor":6,"key":"MawBank"},{"floor":9,"key":"Bottled Flame"},{"floor":24,"key":"Bird Faced Urn"},{"floor":26,"key":"Smiling Mask"},{"floor":31,"key":"Bag of Preparation"}],"event_choices":[{"damage_healed":0,"gold_gain":0,"player_choice":"Joined the Cult","damage_taken":6,"max_hp_gain":0,"max_hp_loss":0,"event_name":"Nest","floor":19,"gold_loss":0,"cards_obtained":["RitualDagger"]},{"damage_healed":0,"gold_gain":0,"player_choice":"Forge","damage_taken":0,"max_hp_gain":0,"max_hp_loss":0,"event_name":"Accursed Blacksmith","floor":21,"gold_loss":0,"cards_upgraded":["Trip"]},{"damage_healed":0,"gold_gain":0,"player_choice":"Fight","damage_taken":0,"max_hp_gain":0,"max_hp_loss":0,"event_name":"Colosseum","floor":29,"gold_loss":0},{"damage_healed":0,"gold_gain":0,"player_choice":"Fled From Nobs","damage_taken":0,"max_hp_gain":0,"max_hp_loss":0,"event_name":"Colosseum","floor":29,"gold_loss":0},{"damage_healed":0,"gold_gain":0,"player_choice":"Relic","damage_taken":0,"max_hp_gain":0,"max_hp_loss":0,"event_name":"Wheel of Change","floor":31,"gold_loss":0}],"is_beta":false,"boss_relics":[{"not_picked":["Pandora\u0027s Box","Ectoplasm"],"picked":"Runic Pyramid"}],"items_purged_floors":[],"is_endless":false,"potions_floor_spawned":[3,4,5,6,18,22,27],"killed_by":"Collector","ascension_level":1}