{"gold_per_floor":[109,120,131,155,155,184,184,245,270,270,286,2,2,2,2,100,100,111,111,111,111,11,11,36,49,75,98,113,113],"floor_reached":29,"playtime":1616,"items_purged":["Strike_R","Writhe"],"score":274,"play_id":"520cc7ad-3e71-44a0-b617-12476178c55c","local_time":"20180716010140","is_ascension_mode":true,"campfire_choices":[{"data":"Bludgeon","floor":7,"key":"SMITH"},{"data":"Juggernaut","floor":10,"key":"SMITH"},{"data":"Secret Weapon","floor":13,"key":"SMITH"},{"floor":15,"key":"REST"},{"floor":23,"key":"REST"}],"neow_cost":"NONE","seed_source_timestamp":1904695256997445,"circlet_count":0,"master_deck":["Strike_R","Strike_R","Defend_R+1","Defend_R","Defend_R","Defend_R+1","Bash","Juggernaut+1","Clothesline+1","Hemokinesis+1","Bludgeon+1","Ghostly Armor","Feel No Pain","Inflame","Secret Weapon+1","Whirlwind","Reaper","Blood for Blood+1","Rage+1","Carnage","Shrug It Off"],"relics":["Burning Blood","Lantern","Oddly Smooth Stone","Happy Flower","Tiny Chest","Strawberry","Philosopher\u0027s Stone","War Paint","Whetstone","Pen Nib","Boot"],"potions_floor_usage":[6,16,16,28],"damage_taken":[{"damage":10,"enemies":"Cultist","floor":1,"turns":5},{"damage":10,"enemies":"Small Slimes","floor":2,"turns":3},{"damage":0,"enemies":"2 Louse","floor":3,"turns":2},{"damage":9,"enemies":"Gremlin Nob","floor":6,"turns":4},{"damage":23,"enemies":"3 Sentries","floor":8,"turns":7},{"damage":0,"enemies":"2 Fungi Beasts","floor":11,"turns":3},{"damage":48,"enemies":"Hexaghost","floor":16,"turns":10},{"damage":27,"enemies":"Spheric Guardian","floor":18,"turns":4},{"damage":44,"enemies":"Book of Stabbing","floor":24,"turns":5},{"damage":46,"enemies":"3 Byrds","floor":25,"turns":5},{"damage":18,"enemies":"Cultist and Chosen","floor":28,"turns":6},{"damage":14,"enemies":"Snake Plant","floor":29,"turns":1}],"seed_played":"-6561408039190559325","potions_obtained":[{"floor":2,"key":"Dexterity Potion"},{"floor":3,"key":"Block Potion"},{"floor":6,"key":"Dexterity Potion"},{"floor":25,"key":"Explosive Potion"}],"is_trial":false,"path_per_floor":["M","M","M","T","?","E","R","E","T","R","M","$","R","?","R","B",null,"M","?","?","?","$","R","E","M","T","T","M"],"character_chosen":"IRONCLAD","items_purchased":["Secret Weapon"],"campfire_rested":2,"item_purchase_floors":[12],"current_hp_per_floor":[76,72,78,78,66,63,63,46,53,53,59,59,59,59,85,43,87,66,66,66,66,66,87,49,15,15,15,9,0],"gold":113,"neow_bonus":"ONE_RANDOM_RARE_CARD","is_prod":false,"is_daily":false,"chose_seed":false,"campfire_upgraded":3,"win_rate":0,"timestamp":1531717300,"path_taken":["M","M","M","?","?","E","R","E","T","R","M","$","R","?","R","BOSS","M","?","?","?","$","R","E","M","T","?","M","M"],"build_version":"2018-06-21v2","purchased_purges":2,"victory":false,"max_hp_per_floor":[80,80,80,80,80,80,80,80,87,87,87,87,87,87,87,87,87,87,87,87,87,87,87,87,87,87,87,87,87],"card_choices":[{"not_picked":["Sword Boomerang","Shockwave"],"picked":"Clothesline","floor":1},{"not_picked":["Havoc","Warcry"],"picked":"Hemokinesis","floor":2},{"not_picked":["Twin Strike","Shockwave"],"picked":"Bludgeon","floor":3},{"not_picked":["Flex","Shockwave"],"picked":"Ghostly Armor","floor":6},{"not_picked":["Perfected Strike","Clash"],"picked":"Feel No Pain","floor":8},{"not_picked":["Clash","Pommel Strike"],"picked":"Inflame","floor":11},{"not_picked":["Immolate","Bludgeon"],"picked":"Reaper","floor":16},{"not_picked":["Sentinel","Sword Boomerang"],"picked":"Blood for Blood+1","floor":18},{"not_picked":["Pommel Strike","Hemokinesis+1"],"picked":"Rage+1","floor":24},{"not_picked":["Anger","Burning Pact+1"],"picked":"Carnage","floor":25},{"not_picked":["Warcry","Flex+1"],"picked":"Shrug It Off","floor":28}],"player_experience":1296160,"relics_obtained":[{"floor":4,"key":"Lantern"},{"floor":6,"key":"Happy Flower"},{"floor":8,"key":"Tiny Chest"},{"floor":9,"key":"Strawberry"},{"floor":24,"key":"Whetstone"},{"floor":26,"key":"Pen Nib"},{"floor":27,"key":"Boot"}],"event_choices":[{"event_name":"Scrap Ooze","player_choice":"success","floor":5,"damage_taken":12},{"event_name":"Transmorgrifier","player_choice":"Transform","floor":14,"damage_taken":0},{"event_name":"Bonfire Elementals","player_choice":"BASIC","floor":19,"damage_taken":0},{"event_name":"The Mausoleum","player_choice":"Yes","floor":20,"damage_taken":0},{"event_name":"Ghosts","player_choice":"Ignored","floor":21,"damage_taken":0}],"boss_relics":[{"not_picked":["Calling Bell","Ectoplasm"],"picked":"Philosopher\u0027s Stone"}],"items_purged_floors":[12,22],"is_endless":false,"potions_floor_spawned":[2,3,6,25],"killed_by":"Snake Plant","ascension_level":2}