{"gold_per_floor":[111,130,157,157,332,332,134,197,243,275,316,328,360,389,401,512,524,550,582,594,606,637,684,696,725,737,300,300,225,225,325,325,421,421,435,415,425,318,337,337,368,386,411,425,440,440,440,113,113,113],"floor_reached":51,"playtime":3910,"items_purged":["Defend_G","Shame"],"score":818,"play_id":"55e1dd76-5a83-453a-8b39-e7fbad6cb2f6","local_time":"20191027003717","is_ascension_mode":true,"campfire_choices":[{"data":"Poisoned Stab","floor":6,"key":"SMITH"},{"floor":15,"key":"REST"},{"floor":24,"key":"REST"},{"floor":28,"key":"REST"},{"data":"Noxious Fumes","floor":30,"key":"SMITH"},{"floor":32,"key":"REST"},{"floor":40,"key":"REST"},{"data":"After Image","floor":47,"key":"SMITH"},{"floor":49,"key":"REST"}],"neow_cost":"NONE","seed_source_timestamp":971230304676200,"circlet_count":0,"master_deck":["Strike_G","Strike_G","Strike_G","Defend_G","Defend_G","Defend_G","Defend_G","Survivor","Neutralize+1","Deadly Poison","Poisoned Stab+1","Noxious Fumes+1","Flying Knee","Crippling Poison+1","Deadly Poison+1","Blur+1","Catalyst+1","Cloak And Dagger+1","Die Die Die","Flying Knee","Bane","Dodge and Roll+1","Prepared+1","Catalyst+1","After Image+1","Noxious Fumes","Cloak And Dagger+1","After Image"],"relics":["Ring of the Snake","Omamori","Toxic Egg 2","Orichalcum","MawBank","Bottled Flame","PreservedInsect","Odd Mushroom","Empty Cage","Ornamental Fan","Molten Egg 2","Ninja Scroll","Tiny Chest","Bird Faced Urn","The Courier","Cursed Key","Pocketwatch","Letter Opener","Regal Pillow","Vajra"],"potions_floor_usage":[8,23,31,50],"damage_taken":[{"damage":0,"enemies":"Cultist","floor":1,"turns":4},{"damage":0,"enemies":"Jaw Worm","floor":2,"turns":4},{"damage":8,"enemies":"Lagavulin Event","floor":8,"turns":5},{"damage":5,"enemies":"2 Louse","floor":10,"turns":2},{"damage":21,"enemies":"Gremlin Nob","floor":11,"turns":4},{"damage":6,"enemies":"The Mushroom Lair","floor":13,"turns":4},{"damage":2,"enemies":"2 Fungi Beasts","floor":14,"turns":2},{"damage":2,"enemies":"The Guardian","floor":16,"turns":8},{"damage":3,"enemies":"Shell Parasite","floor":18,"turns":3},{"damage":4,"enemies":"3 Byrds","floor":19,"turns":3},{"damage":24,"enemies":"Snake Plant","floor":22,"turns":4},{"damage":19,"enemies":"Slavers","floor":23,"turns":3},{"damage":6,"enemies":"Centurion and Healer","floor":25,"turns":5},{"damage":18,"enemies":"Colosseum Slavers","floor":31,"turns":3},{"damage":0,"enemies":"Colosseum Nobs","floor":31,"turns":5},{"damage":23,"enemies":"Collector","floor":33,"turns":4},{"damage":0,"enemies":"3 Darklings","floor":35,"turns":7},{"damage":0,"enemies":"Orb Walker","floor":37,"turns":3},{"damage":34,"enemies":"3 Darklings","floor":39,"turns":4},{"damage":5,"enemies":"Nemesis","floor":41,"turns":3},{"damage":8,"enemies":"Sphere and 2 Shapes","floor":42,"turns":5},{"damage":2,"enemies":"Spire Growth","floor":44,"turns":2},{"damage":14,"enemies":"3 Darklings","floor":45,"turns":4},{"damage":59,"enemies":"Donu and Deca","floor":50,"turns":11}],"seed_played":"-7382829073495290304","potions_obtained":[{"floor":1,"key":"GhostInAJar"},{"floor":2,"key":"Weak Potion"},{"floor":14,"key":"Block Potion"},{"floor":16,"key":"SkillPotion"},{"floor":21,"key":"PowerPotion"},{"floor":33,"key":"Ancient Potion"},{"floor":36,"key":"EntropicBrew"}],"is_trial":false,"path_per_floor":["M","M","T","?","?","R","$","?","T","M","E","?","?","M","R","B",null,"M","M","$","?","M","E","R","M","T","$","R","$","R","?","R","B",null,"M","?","M","?","M","R","E","M","T","M","M","?","R","$","R","B",null],"character_chosen":"THE_SILENT","items_purchased":["Noxious Fumes","GhostInAJar","Flying Knee","Ninja Scroll","Tiny Chest","Prepared+1","Block Potion","After Image","Vajra"],"campfire_rested":6,"item_purchase_floors":[7,7,7,27,27,29,29,48,48],"current_hp_per_floor":[70,70,70,70,70,70,70,62,62,57,36,33,27,25,46,44,70,67,63,63,63,39,20,41,35,35,35,56,56,56,38,59,38,70,70,70,70,70,38,59,56,54,54,54,44,44,44,44,70,17],"gold":113,"neow_bonus":"UPGRADE_CARD","is_prod":false,"is_daily":false,"chose_seed":false,"campfire_upgraded":3,"win_rate":0,"timestamp":1572129437,"path_taken":["M","M","?","?","?","R","$","?","T","M","E","?","?","?","R","BOSS","M","?","$","?","?","E","R","M","T","$","R","?","R","?","R","BOSS","M","?","?","?","M","R","E","M","T","M","?","?","R","$","R","BOSS"],"build_version":"2019-07-17","purchased_purges":2,"victory":true,"max_hp_per_floor":[70,70,70,70,70,70,70,70,70,70,70,70,70,70,70,70,70,70,70,70,70,70,70,70,70,70,70,70,70,70,70,70,70,70,70,70,70,70,70,70,70,70,70,70,70,70,70,70,70,70],"card_choices":[{"not_picked":["Endless Agony","Quick Slash"],"picked":"Deadly Poison","floor":1},{"not_picked":["Underhanded Strike","Tools of the Trade"],"picked":"Poisoned Stab","floor":2},{"not_picked":["Slice","Footwork"],"picked":"Crippling Poison+1","floor":8},{"not_picked":["Calculated Gamble+1","Infinite Blades"],"picked":"Deadly Poison+1","floor":10},{"not_picked":["Dash","Escape Plan+1"],"picked":"Blur+1","floor":11},{"not_picked":["Cloak And Dagger+1","Prepared+1"],"picked":"Catalyst+1","floor":13},{"not_picked":["Predator","All Out Attack"],"picked":"Cloak And Dagger+1","floor":14},{"not_picked":["Phantasmal Killer+1","Malaise+1"],"picked":"Die Die Die","floor":16},{"not_picked":["All Out Attack+1","Deadly Poison+1"],"picked":"Flying Knee","floor":18},{"not_picked":["Deflect+1","Quick Slash","Eviscerate"],"picked":"SKIP","floor":19},{"not_picked":["Poisoned Stab","Deadly Poison+1"],"picked":"Bane","floor":22},{"not_picked":["Finisher","PiercingWail+1","Calculated Gamble+1"],"picked":"SKIP","floor":23},{"not_picked":["Deflect+1","Flying Knee"],"picked":"Dodge and Roll+1","floor":25},{"not_picked":["Acrobatics+1","Slice+1"],"picked":"Catalyst+1","floor":31},{"not_picked":["Envenom","Wraith Form v2"],"picked":"After Image","floor":33},{"not_picked":["Leg Sweep+1","Distraction+1","Bouncing Flask+1"],"picked":"SKIP","floor":35},{"not_picked":["Concentrate+1","Dash+1","Dagger Spray+1"],"picked":"SKIP","floor":37},{"not_picked":["Setup+1","Prepared+1"],"picked":"Noxious Fumes","floor":39},{"not_picked":["Underhanded Strike+1","Bane+1","Outmaneuver+1"],"picked":"SKIP","floor":41},{"not_picked":["Quick Slash+1","Backflip+1","Caltrops+1"],"picked":"SKIP","floor":42},{"not_picked":["Caltrops","Outmaneuver+1"],"picked":"Cloak And Dagger+1","floor":44},{"not_picked":["PiercingWail+1","Infinite Blades","Cloak And Dagger+1"],"picked":"SKIP","floor":45}],"player_experience":140495,"relics_obtained":[{"floor":3,"key":"Omamori"},{"floor":8,"key":"Orichalcum"},{"floor":9,"key":"MawBank"},{"floor":11,"key":"Bottled Flame"},{"floor":13,"key":"Odd Mushroom"},{"floor":23,"key":"Ornamental Fan"},{"floor":26,"key":"Molten Egg 2"},{"floor":31,"key":"Bird Faced Urn"},{"floor":31,"key":"The Courier"},{"floor":41,"key":"Letter Opener"},{"floor":43,"key":"Regal Pillow"}],"event_choices":[{"damage_healed":0,"gold_gain":0,"player_choice":"Box","damage_taken":0,"relics_obtained":["Toxic Egg 2"],"max_hp_gain":0,"max_hp_loss":0,"event_name":"Big Fish","floor":4,"gold_loss":0,"cards_obtained":["Regret"]},{"damage_healed":0,"gold_gain":175,"player_choice":"AGREE","damage_taken":0,"max_hp_gain":0,"max_hp_loss":0,"event_name":"Liars Game","floor":5,"gold_loss":0,"cards_obtained":["Doubt"]},{"damage_healed":0,"gold_gain":30,"player_choice":"Searched \u00273\u0027 times","damage_taken":0,"max_hp_gain":0,"max_hp_loss":0,"event_name":"Dead Adventurer","floor":8,"gold_loss":0},{"damage_healed":0,"gold_gain":0,"player_choice":"Success","damage_taken":3,"relics_obtained":["PreservedInsect"],"max_hp_gain":0,"max_hp_loss":0,"event_name":"Scrap Ooze","floor":12,"gold_loss":0},{"damage_healed":0,"gold_gain":0,"player_choice":"Fought Mushrooms","damage_taken":0,"max_hp_gain":0,"max_hp_loss":0,"event_name":"Mushrooms","floor":13,"gold_loss":0},{"damage_healed":0,"gold_gain":0,"player_choice":"Got Potions","damage_taken":0,"max_hp_gain":0,"max_hp_loss":0,"event_name":"Lab","floor":21,"gold_loss":0},{"damage_healed":0,"gold_gain":0,"player_choice":"Fight","damage_taken":0,"max_hp_gain":0,"max_hp_loss":0,"event_name":"Colosseum","floor":31,"gold_loss":0},{"damage_healed":0,"gold_gain":0,"player_choice":"Fought Nobs","damage_taken":0,"max_hp_gain":0,"max_hp_loss":0,"event_name":"Colosseum","floor":31,"gold_loss":0},{"damage_healed":0,"gold_gain":0,"player_choice":"Bought 1 Potion","damage_taken":0,"max_hp_gain":0,"max_hp_loss":0,"event_name":"The Woman in Blue","floor":36,"gold_loss":0},{"damage_healed":0,"gold_gain":0,"player_choice":"Paid Gold","damage_taken":0,"relics_obtained":["Pocketwatch"],"max_hp_gain":0,"max_hp_loss":0,"event_name":"WeMeetAgain","floor":38,"gold_loss":107},{"damage_healed":0,"gold_gain":0,"player_choice":"Ignored","damage_taken":0,"max_hp_gain":0,"max_hp_loss":0,"event_name":"Tomb of Lord Red Mask","floor":46,"gold_loss":0}],"is_beta":false,"boss_relics":[{"not_picked":["White Beast Statue","HoveringKite"],"picked":"Empty Cage"},{"not_picked":["Runic Pyramid","Astrolabe"],"picked":"Cursed Key"}],"items_purged_floors":[27,48],"is_endless":false,"potions_floor_spawned":[1,2,14,16,19,22,33,37,42],"ascension_level":3}