{"gold_per_floor":[117,117,12,12,26,58,38,67,67,67,83,118,118,146,146,218,218,235,235,235,160,176,201,201,216,216,246,246,264,179,91,91,91],"floor_reached":33,"playtime":1818,"items_purged":["Strike_B","Strike_B"],"score":777,"play_id":"e5c4202f-5fa9-471e-9c6f-5f4241e644e0","local_time":"20190523235635","is_ascension_mode":true,"campfire_choices":[{"data":"Consume","floor":10.0,"key":"SMITH"},{"data":"Turbo","floor":15.0,"key":"SMITH"},{"data":"Barrage","floor":24.0,"key":"SMITH"},{"floor":28.0,"key":"REST"},{"floor":32.0,"key":"REST"}],"neow_cost":"NONE","seed_source_timestamp":199338313940495,"circlet_count":0,"master_deck":["AscendersBane","Strike_B","Defend_B","Defend_B","Defend_B","Zap","Dualcast","Cold Snap","Coolheaded","Ball Lightning","Steam","Compile Driver","Consume+1","Gash","Gash","Multi-Cast+1","Turbo+1","All For One","Gash","Barrage+1","Fusion+1","Redo","Skim"],"special_seed":0,"relics":["Cracked Core","NeowsBlessing","Symbiotic Virus","Dream Catcher","Pear","Du-Vu Doll","Ornamental Fan","Inserter","Mummified Hand","Bottled Flame","Question Card","Matryoshka","MawBank"],"potions_floor_usage":[33],"damage_taken":[{"damage":0.0,"enemies":"2 Louse","floor":1.0,"turns":1.0},{"damage":0.0,"enemies":"Small Slimes","floor":5.0,"turns":1.0},{"damage":0.0,"enemies":"Gremlin Nob","floor":6.0,"turns":1.0},{"damage":16.0,"enemies":"3 Sentries","floor":8.0,"turns":7.0},{"damage":0.0,"enemies":"Cultist","floor":11.0,"turns":2.0},{"damage":3.0,"enemies":"Gremlin Nob","floor":12.0,"turns":3.0},{"damage":15.0,"enemies":"Lagavulin","floor":14.0,"turns":5.0},{"damage":0.0,"enemies":"Slime Boss","floor":16.0,"turns":3.0},{"damage":9.0,"enemies":"3 Byrds","floor":18.0,"turns":4.0},{"damage":2.0,"enemies":"Chosen","floor":22.0,"turns":3.0},{"damage":0.0,"enemies":"Gremlin Leader","floor":23.0,"turns":4.0},{"damage":20.0,"enemies":"Shelled Parasite and Fungi","floor":25.0,"turns":4.0},{"damage":34.0,"enemies":"Slavers","floor":27.0,"turns":2.0},{"damage":22.0,"enemies":"Snake Plant","floor":29.0,"turns":3.0},{"damage":35,"enemies":"Champ","floor":33,"turns":6}],"seed_played":"4601368999227719073","potions_obtained":[{"floor":1.0,"key":"Regen Potion"},{"floor":7.0,"key":"FearPotion"},{"floor":8.0,"key":"Swift Potion"},{"floor":14.0,"key":"PowerPotion"},{"floor":27.0,"key":"SpeedPotion"}],"is_trial":false,"path_per_floor":["M","?","$","?","M","E","?","E","T","R","M","E","?","E","R","B",null,"M","T","?","$","M","E","R","M","T","E","R","M","?","$","R","B"],"character_chosen":"DEFECT","items_purchased":["Ball Lightning","Steam"],"campfire_rested":2,"item_purchase_floors":[3,3],"current_hp_per_floor":[64,64,64,53,53,53,53,52,62,62,62,59,59,44,44,44,72,63,63,63,63,61,61,61,41,41,7,31,9,9,9,33,0],"gold":91,"neow_bonus":"THREE_ENEMY_KILL","is_prod":false,"is_daily":false,"chose_seed":false,"campfire_upgraded":3,"win_rate":0,"timestamp":1558670195,"path_taken":["M","?","$","?","M","E","?","E","T","R","?","E","?","E","R","BOSS","M","?","?","$","M","E","R","M","T","E","R","M","?","$","R","BOSS"],"build_version":"2019-01-23","purchased_purges":2,"victory":false,"max_hp_per_floor":[71,71,71,71,71,71,71,71,81,81,81,81,81,81,81,81,81,81,81,81,81,81,81,81,81,81,81,81,81,81,81,81,81],"card_choices":[{"not_picked":["FTL","Compile Driver"],"picked":"Cold Snap","floor":1.0},{"not_picked":["Beam Cell","Ball Lightning"],"picked":"Compile Driver","floor":5.0},{"not_picked":["Chaos","Darkness"],"picked":"Consume","floor":6.0},{"not_picked":["Reboot","Force Field"],"picked":"Gash","floor":8.0},{"not_picked":["Reprogram","Ball Lightning"],"picked":"Gash","floor":11.0},{"not_picked":["Rebound","Blizzard"],"picked":"Multi-Cast","floor":12.0},{"not_picked":["Force Field","Cold Snap"],"picked":"Turbo","floor":14.0},{"not_picked":["Reboot","Core Surge"],"picked":"All For One","floor":16.0},{"not_picked":["Coolheaded","Conserve Battery"],"picked":"Gash","floor":18.0},{"not_picked":["Ball Lightning","Melter"],"picked":"Barrage","floor":22.0},{"not_picked":["Turbo","Coolheaded"],"picked":"Fusion+1","floor":23.0},{"not_picked":["Sunder","Stack","Rebound"],"picked":"SKIP","floor":25.0},{"not_picked":["Steam Power","Cold Snap","Auto Shields"],"picked":"Redo","floor":27.0},{"not_picked":["Heatsinks","Reprogram","Turbo","Barrage"],"picked":"SKIP","floor":29.0},{"not_picked":["Stack","Hyperbeam","Hologram"],"picked":"Skim","floor":32.0}],"player_experience":2608300,"relics_obtained":[{"floor":6.0,"key":"Symbiotic Virus"},{"floor":8.0,"key":"Dream Catcher"},{"floor":9.0,"key":"Pear"},{"floor":12.0,"key":"Du-Vu Doll"},{"floor":14.0,"key":"Ornamental Fan"},{"floor":19.0,"key":"Mummified Hand"},{"floor":23.0,"key":"Bottled Flame"},{"floor":26.0,"key":"Question Card"},{"floor":27.0,"key":"Matryoshka"}],"event_choices":[{"damage_healed":0.0,"max_hp_gain":0.0,"max_hp_loss":0.0,"gold_gain":0.0,"cards_transformed":["Strike_B"],"event_name":"Living Wall","player_choice":"Change","floor":2.0,"gold_loss":0.0,"damage_taken":0.0,"cards_obtained":["Coolheaded"]},{"damage_healed":0.0,"max_hp_gain":0.0,"max_hp_loss":0.0,"gold_gain":0.0,"event_name":"Scrap Ooze","player_choice":"Fled","floor":4.0,"gold_loss":0.0,"damage_taken":11.0},{"damage_healed":0.0,"max_hp_gain":0.0,"max_hp_loss":0.0,"gold_gain":0.0,"event_name":"The Woman in Blue","player_choice":"Bought 1 Potion","floor":7.0,"gold_loss":0.0,"damage_taken":0.0},{"damage_healed":0.0,"max_hp_gain":0.0,"max_hp_loss":0.0,"gold_gain":0.0,"event_name":"Accursed Blacksmith","player_choice":"Forge","floor":13.0,"gold_loss":0.0,"damage_taken":0.0,"cards_upgraded":["Multi-Cast"]},{"cards_removed":["Defend_B"],"damage_healed":0.0,"max_hp_gain":0.0,"max_hp_loss":0.0,"gold_gain":0.0,"event_name":"Back to Basics","player_choice":"Elegance","floor":20.0,"gold_loss":0.0,"damage_taken":0.0},{"damage_healed":0.0,"max_hp_gain":0.0,"max_hp_loss":0.0,"gold_gain":0.0,"event_name":"Addict","player_choice":"Obtained Relic","floor":30.0,"gold_loss":85.0,"damage_taken":0.0,"relics_obtained":["MawBank"]}],"is_beta":false,"boss_relics":[{"not_picked":["White Beast Statue","Black Star"],"picked":"Inserter"}],"items_purged_floors":[21,31],"is_endless":false,"potions_floor_spawned":[1,8,14,22,27],"killed_by":"Champ","ascension_level":18}