{"gold_per_floor":[116,126,143,143,160,160,194,204,204,218,228,301,301,319,319,319],"floor_reached":16,"playtime":705,"items_purged":[],"score":117,"play_id":"73eb8f74-daee-4fa1-ae3b-ac9243306196","local_time":"20191019113436","is_ascension_mode":true,"campfire_choices":[{"floor":6,"key":"REST"},{"floor":13,"key":"REST"},{"floor":15,"key":"REST"}],"neow_cost":"NONE","seed_source_timestamp":41033934380028,"circlet_count":0,"master_deck":["Strike_R","Strike_R","Strike_R","Strike_R","Strike_R","Defend_R","Defend_R","Defend_R","Defend_R","Bash","Disarm","Wild Strike","Rage","Regret","Shrug It Off","Spot Weakness","Armaments","Uppercut","Havoc","Hemokinesis"],"relics":["Burning Blood","Potion Belt","HornCleat"],"potions_floor_usage":[7,7,16,16],"damage_taken":[{"damage":14,"enemies":"2 Louse","floor":1,"turns":3},{"damage":2,"enemies":"Jaw Worm","floor":2,"turns":5},{"damage":0,"enemies":"Cultist","floor":3,"turns":4},{"damage":35,"enemies":"Lots of Slimes","floor":5,"turns":6},{"damage":45,"enemies":"Gremlin Nob","floor":7,"turns":5},{"damage":6,"enemies":"Looter","floor":8,"turns":4},{"damage":9,"enemies":"3 Louse","floor":10,"turns":3},{"damage":3,"enemies":"Exordium Thugs","floor":11,"turns":5},{"damage":2,"enemies":"2 Fungi Beasts","floor":14,"turns":3},{"damage":94,"enemies":"Slime Boss","floor":16,"turns":10}],"seed_played":"-5772604979084186503","potions_obtained":[{"floor":1,"key":"FearPotion"},{"floor":2,"key":"LiquidMemories"},{"floor":11,"key":"SpeedPotion"},{"floor":14,"key":"AttackPotion"}],"is_trial":false,"path_per_floor":["M","M","M","?","M","R","E","M","T","M","M","?","R","M","R","B"],"character_chosen":"IRONCLAD","items_purchased":[],"campfire_rested":3,"item_purchase_floors":[],"current_hp_per_floor":[80,84,88,88,59,85,46,46,46,43,46,46,72,76,88,0],"gold":319,"neow_bonus":"TEN_PERCENT_HP_BONUS","is_prod":false,"is_daily":false,"chose_seed":false,"campfire_upgraded":0,"win_rate":0,"timestamp":1571495676,"path_taken":["M","M","M","?","M","R","E","M","T","M","M","?","R","M","R","BOSS"],"build_version":"2019-10-18","purchased_purges":0,"victory":false,"max_hp_per_floor":[88,88,88,88,88,88,88,88,88,88,88,88,88,88,88,88],"card_choices":[{"not_picked":["Metallicize","Iron Wave"],"picked":"Disarm","floor":1},{"not_picked":["Havoc","Clash"],"picked":"Wild Strike","floor":2},{"not_picked":["Havoc","Battle Trance"],"picked":"Rage","floor":3},{"not_picked":["Headbutt","Clash"],"picked":"Shrug It Off","floor":5},{"not_picked":["Feel No Pain","Flex"],"picked":"Spot Weakness","floor":7},{"not_picked":["Iron Wave","True Grit"],"picked":"Armaments","floor":8},{"not_picked":["Shrug It Off","Blood for Blood"],"picked":"Uppercut","floor":10},{"not_picked":["Flex","Armaments"],"picked":"Havoc","floor":11},{"not_picked":["Armaments","Thunderclap"],"picked":"Hemokinesis","floor":14}],"player_experience":458227,"relics_obtained":[{"floor":7,"key":"HornCleat"}],"event_choices":[{"damage_healed":0,"gold_gain":0,"player_choice":"Box","damage_taken":0,"relics_obtained":["Potion Belt"],"max_hp_gain":0,"max_hp_loss":0,"event_name":"Big Fish","floor":4,"gold_loss":0,"cards_obtained":["Regret"]},{"damage_healed":0,"gold_gain":73,"player_choice":"Gained Gold","damage_taken":0,"max_hp_gain":0,"max_hp_loss":0,"event_name":"Golden Wing","floor":12,"gold_loss":0}],"is_beta":true,"boss_relics":[],"items_purged_floors":[],"is_endless":false,"potions_floor_spawned":[1,2,11,14],"killed_by":"Slime Boss","ascension_level":2}