{"gold_per_floor":[113,131,131,151,171,171,13,26,26,60,60,71,106,116,116,116],"floor_reached":16,"playtime":607,"items_purged":[],"score":125,"play_id":"d1233d85-96db-4060-a55a-f666b75fd742","local_time":"20190926085623","is_ascension_mode":true,"campfire_choices":[{"floor":6,"key":"RECALL"},{"floor":11,"key":"REST"},{"floor":15,"key":"REST"}],"neow_cost":"NONE","seed_source_timestamp":445375911122252,"circlet_count":0,"master_deck":["Strike_R","Strike_R","Strike_R","Strike_R","Strike_R","Defend_R","Defend_R","Defend_R","Defend_R","Bash","Pommel Strike","Heavy Blade","Flame Barrier","Headbutt","Flash of Steel","Pommel Strike","Sword Boomerang","Rage","Armaments","Infernal Blade","Bludgeon","True Grit"],"relics":["Burning Blood","NeowsBlessing","Letter Opener","Darkstone Periapt"],"potions_floor_usage":[10,12,13,13,13],"damage_taken":[{"damage":0,"enemies":"Cultist","floor":1,"turns":1},{"damage":0,"enemies":"Jaw Worm","floor":2,"turns":1},{"damage":0,"enemies":"2 Louse","floor":4,"turns":1},{"damage":9,"enemies":"Blue Slaver","floor":5,"turns":4},{"damage":39,"enemies":"Exordium Thugs","floor":8,"turns":6},{"damage":13,"enemies":"Gremlin Nob","floor":10,"turns":4},{"damage":13,"enemies":"3 Louse","floor":12,"turns":5},{"damage":20,"enemies":"Lagavulin","floor":13,"turns":4},{"damage":0,"enemies":"Looter","floor":14,"turns":3},{"damage":71,"enemies":"Hexaghost","floor":16,"turns":9}],"seed_played":"-8889172549838179674","potions_obtained":[{"floor":2,"key":"Ancient Potion"},{"floor":5,"key":"Dexterity Potion"},{"floor":8,"key":"PowerPotion"},{"floor":10,"key":"FearPotion"},{"floor":12,"key":"LiquidBronze"},{"floor":14,"key":"ElixirPotion"}],"is_trial":false,"path_per_floor":["M","M","?","M","M","R","$","M","T","E","R","M","E","M","R","B"],"character_chosen":"IRONCLAD","items_purchased":["Flash of Steel","Pommel Strike","Sword Boomerang"],"campfire_rested":2,"item_purchase_floors":[7,7,7],"current_hp_per_floor":[80,80,80,80,77,77,77,44,44,37,61,54,40,46,70,0],"gold":116,"neow_bonus":"THREE_ENEMY_KILL","is_prod":false,"is_daily":false,"chose_seed":false,"campfire_upgraded":0,"win_rate":0,"timestamp":1569498983,"path_taken":["M","M","?","M","M","R","?","M","T","E","R","M","E","?","R","BOSS"],"build_version":"2019-09-25","purchased_purges":0,"victory":false,"max_hp_per_floor":[80,80,80,80,80,80,80,80,80,80,80,80,80,80,80,80],"card_choices":[{"not_picked":["Clash","True Grit"],"picked":"Pommel Strike","floor":1},{"not_picked":["Sentinel","Body Slam"],"picked":"Heavy Blade","floor":2},{"not_picked":["Thunderclap","Reckless Charge"],"picked":"Flame Barrier","floor":4},{"not_picked":["Seeing Red","Disarm"],"picked":"Headbutt","floor":5},{"not_picked":["Impervious","Shrug It Off"],"picked":"Rage","floor":8},{"not_picked":["Headbutt","Clash"],"picked":"Armaments","floor":10},{"not_picked":["Twin Strike","Havoc"],"picked":"Infernal Blade","floor":12},{"not_picked":["Infernal Blade","Dual Wield"],"picked":"Bludgeon","floor":13},{"not_picked":["Warcry","Body Slam"],"picked":"True Grit","floor":14}],"player_experience":430560,"relics_obtained":[{"floor":10,"key":"Letter Opener"},{"floor":13,"key":"Darkstone Periapt"}],"event_choices":[{"damage_healed":0,"gold_gain":0,"player_choice":"Ignored","damage_taken":0,"max_hp_gain":0,"max_hp_loss":0,"event_name":"Purifier","floor":3,"gold_loss":0}],"is_beta":true,"boss_relics":[],"items_purged_floors":[],"is_endless":false,"potions_floor_spawned":[2,5,8,10,12,14],"killed_by":"Hexaghost","ascension_level":2}