{"gold_per_floor":[118,118,142,157,170,170,195,195,195,195,1,14,14,65,65,190,190,210,210,100,125,150,181,181,195,219,219,134,149,192,206,206,206],"floor_reached":33,"playtime":4088,"items_purged":["Strike_B"],"score":335,"play_id":"73603cff-5309-4465-a5b5-13b50cd10738","local_time":"20180809002654","is_ascension_mode":true,"campfire_choices":[{"floor":6.0,"key":"REST"},{"floor":10.0,"key":"REST"},{"data":"Apotheosis","floor":13.0,"key":"SMITH"},{"data":"Go for the Eyes","floor":15.0,"key":"SMITH"},{"floor":24,"key":"REST"},{"data":"Turbo","floor":27,"key":"SMITH"},{"data":"Genetic Algorithm","floor":32,"key":"SMITH"}],"neow_cost":"NONE","seed_source_timestamp":0,"circlet_count":0,"master_deck":["Strike_B+1","Defend_B","Defend_B","Defend_B","Zap","Dualcast","Doom and Gloom+1","Turbo+1","Go for the Eyes+1","BootSequence","Doom and Gloom","Apotheosis+1","Sweeping Beam","Multi-Cast","Self Repair+1","Melter","Genetic Algorithm+1","Cold Snap+1","Conserve Battery","Compile Driver","Leap","Sweeping Beam+1","FTL+1"],"special_seed":0,"relics":["Cracked Core","Golden Idol","Cables","Anchor","Empty Cage","Vajra","Bottled Flame","Orichalcum","Happy Flower","Ornamental Fan"],"potions_floor_usage":[23,30,30],"damage_taken":[{"damage":3.0,"enemies":"Small Slimes","floor":1.0,"turns":3.0},{"damage":9.0,"enemies":"Jaw Worm","floor":3.0,"turns":4.0},{"damage":0.0,"enemies":"2 Louse","floor":4.0,"turns":2.0},{"damage":8.0,"enemies":"Looter","floor":5.0,"turns":4.0},{"damage":7.0,"enemies":"Blue Slaver","floor":7.0,"turns":4.0},{"damage":0.0,"enemies":"2 Fungi Beasts","floor":12.0,"turns":2.0},{"damage":6.0,"enemies":"The Guardian","floor":16.0,"turns":9.0},{"damage":19.0,"enemies":"2 Thieves","floor":18.0,"turns":3.0},{"damage":6.0,"enemies":"3 Byrds","floor":21.0,"turns":3.0},{"damage":17.0,"enemies":"Snake Plant","floor":22.0,"turns":5.0},{"damage":24,"enemies":"Slavers","floor":23,"turns":4},{"damage":0,"enemies":"Centurion and Healer","floor":25,"turns":4},{"damage":23,"enemies":"Cultist and Chosen","floor":29,"turns":5},{"damage":5,"enemies":"Book of Stabbing","floor":30,"turns":4},{"damage":6,"enemies":"Snake Plant","floor":31,"turns":4},{"damage":66,"enemies":"Automaton","floor":33,"turns":6}],"seed_played":"1325374727072115956","potions_obtained":[{"floor":1.0,"key":"FearPotion"},{"floor":3.0,"key":"Block Potion"},{"floor":5.0,"key":"Strength Potion"},{"floor":12.0,"key":"FearPotion"},{"floor":18.0,"key":"SpeedPotion"},{"floor":21.0,"key":"Dexterity Potion"},{"floor":23,"key":"FearPotion"}],"is_trial":false,"path_per_floor":["M","?","M","M","M","R","M","?","T","R","$","M","R","T","R","B",null,"M","?","$","M","M","E","R","M","T","R","?","M","E","M","R"],"character_chosen":"DEFECT","items_purchased":["Apotheosis","Melter"],"campfire_rested":3,"item_purchase_floors":[11,20],"current_hp_per_floor":[72,54,45,45,37,59,52,37,37,59,59,59,59,59,59,53,75,56,56,56,60,53,29,51,61,61,61,61,48,53,57,57,0],"gold":206,"neow_bonus":"REMOVE_CARD","is_prod":false,"is_daily":false,"chose_seed":false,"campfire_upgraded":4,"win_rate":0,"timestamp":1533788814,"path_taken":["M","?","M","M","M","R","M","?","T","R","$","M","R","?","R","BOSS","M","?","$","M","M","E","R","?","T","R","?","M","E","?","R","BOSS"],"build_version":"2018-08-02","purchased_purges":1,"victory":false,"max_hp_per_floor":[75,75,75,75,75,75,75,75,75,75,75,75,75,75,75,75,75,75,75,75,75,75,75,75,75,75,75,75,75,75,75,75,75],"card_choices":[{"not_picked":["Chaos","Loop"],"picked":"Doom and Gloom","floor":1.0},{"not_picked":["Genetic Algorithm","Rebound"],"picked":"Turbo","floor":3.0},{"not_picked":["Lockon","Darkness"],"picked":"Go for the Eyes","floor":4.0},{"not_picked":["Storm","Leap"],"picked":"BootSequence","floor":5.0},{"not_picked":["Rip and Tear","Leap"],"picked":"Doom and Gloom","floor":7.0},{"not_picked":["Ball Lightning","Chaos"],"picked":"Sweeping Beam","floor":12.0},{"not_picked":["Creative AI","Thunder Strike"],"picked":"Multi-Cast","floor":16.0},{"not_picked":["Darkness+1","Storm"],"picked":"Self Repair+1","floor":18.0},{"not_picked":["Beam Cell","Fusion"],"picked":"Genetic Algorithm","floor":21.0},{"not_picked":["Storm+1","Barrage"],"picked":"Cold Snap+1","floor":22.0},{"not_picked":["Hologram","Redo"],"picked":"Conserve Battery","floor":23},{"not_picked":["Creative AI","Streamline"],"picked":"Compile Driver","floor":25},{"not_picked":["Recycle","Doom and Gloom"],"picked":"Leap","floor":29},{"not_picked":["Consume","Go for the Eyes"],"picked":"Sweeping Beam+1","floor":30},{"not_picked":["Aggregate+1","Hologram"],"picked":"FTL+1","floor":31}],"player_experience":1490986,"relics_obtained":[{"floor":9.0,"key":"Cables"},{"floor":14.0,"key":"Anchor"},{"floor":23,"key":"Bottled Flame"},{"floor":26,"key":"Orichalcum"},{"floor":30,"key":"Ornamental Fan"}],"event_choices":[{"event_name":"Golden Idol","player_choice":"Take Damage","floor":2.0,"damage_taken":0.0},{"event_name":"Shining Light","player_choice":"Entered Light","floor":8.0,"damage_taken":0.0},{"event_name":"The Mausoleum","player_choice":"Yes","floor":19.0,"damage_taken":0.0},{"event_name":"Addict","player_choice":"Obtained Relic","floor":28,"damage_taken":0}],"is_beta":false,"boss_relics":[{"not_picked":["Astrolabe","Runic Pyramid"],"picked":"Empty Cage"}],"items_purged_floors":[20],"is_endless":false,"potions_floor_spawned":[1,3,5,12,18,21,23,29],"killed_by":"Automaton","ascension_level":4}