{"gold_per_floor":[114,26,26,26,36,36,63,63,63,124,142,142,177,192,192,267,267,280,293,293,293,393,393,423,423,471,482,492,214,227,247,247,322,322,336,87,105,119,133,133,167,167,167,177,177,28,45,45,45,45],"floor_reached":50,"playtime":6321,"items_purged":["Strike_B"],"score":932,"play_id":"afea0ef9-e078-43bb-a93d-bdefef371d2a","local_time":"20190206214617","is_ascension_mode":true,"campfire_choices":[{"data":"Blind","floor":6.0,"key":"SMITH"},{"floor":8.0,"key":"REST"},{"floor":12.0,"key":"REST"},{"data":"Chaos","floor":15.0,"key":"SMITH"},{"floor":23.0,"key":"REST"},{"data":"Hologram","floor":25.0,"key":"SMITH"},{"floor":32.0,"key":"REST"},{"data":"Go for the Eyes","floor":40.0,"key":"SMITH"},{"data":"Buffer","floor":42.0,"key":"SMITH"},{"floor":45.0,"key":"REST"},{"data":"Defragment","floor":49.0,"key":"SMITH"}],"neow_cost":"NONE","seed_source_timestamp":0,"circlet_count":0,"master_deck":["AscendersBane","Strike_B","Strike_B","Defend_B","Defend_B","Defend_B","Defend_B","Zap","Dualcast","Chaos+1","Ball Lightning","Blind+1","Gash","Steam Power","Hologram+1","Skim","Self Repair","Go for the Eyes+1","Defragment+1","Ball Lightning","Buffer+1","Steam","Steam","Chill","Compile Driver","Hyperbeam","Conserve Battery+1","Rebound+1","Stack","Doom and Gloom","Gash","All For One","Electrodynamics","Aggregate","Gash","Steam Power","Hologram+1","Steam+1","Electrodynamics+1","Turbo","Gash"],"special_seed":0,"relics":["Cracked Core","FaceOfCleric","Dream Catcher","Sundial","Mango","Centennial Puzzle","Orrery","Question Card","Lantern","Medical Kit","Lizard Tail","Lee\u0027s Waffle","Pantograph","Frozen Egg 2","Pen Nib"],"potions_floor_usage":[],"damage_taken":[{"damage":0.0,"enemies":"Jaw Worm","floor":1.0,"turns":3.0},{"damage":0.0,"enemies":"Small Slimes","floor":5.0,"turns":3.0},{"damage":42.0,"enemies":"3 Sentries","floor":7.0,"turns":7.0},{"damage":30.0,"enemies":"Gremlin Nob","floor":10.0,"turns":4.0},{"damage":0.0,"enemies":"Cultist","floor":11.0,"turns":3.0},{"damage":25.0,"enemies":"Lagavulin","floor":13.0,"turns":7.0},{"damage":9.0,"enemies":"3 Louse","floor":14.0,"turns":3.0},{"damage":37.0,"enemies":"The Guardian","floor":16.0,"turns":14.0},{"damage":6.0,"enemies":"3 Byrds","floor":18.0,"turns":3.0},{"damage":11.0,"enemies":"Spheric Guardian","floor":19.0,"turns":4.0},{"damage":0.0,"enemies":"Centurion and Healer","floor":21.0,"turns":1.0},{"damage":7.0,"enemies":"Slavers","floor":24.0,"turns":6.0},{"damage":26.0,"enemies":"Cultist and Chosen","floor":27.0,"turns":9.0},{"damage":11.0,"enemies":"Shelled Parasite and Fungi","floor":28.0,"turns":9.0},{"damage":19.0,"enemies":"Snecko","floor":30.0,"turns":6.0},{"damage":7.0,"enemies":"3 Cultists","floor":31.0,"turns":6.0},{"damage":73.0,"enemies":"Automaton","floor":33.0,"turns":11.0},{"damage":6.0,"enemies":"3 Shapes","floor":35.0,"turns":3.0},{"damage":7.0,"enemies":"Orb Walker","floor":37.0,"turns":5.0},{"damage":37.0,"enemies":"Transient","floor":38.0,"turns":5.0},{"damage":1.0,"enemies":"4 Shapes","floor":39.0,"turns":8.0},{"damage":29.0,"enemies":"Reptomancer","floor":41.0,"turns":7.0},{"damage":27.0,"enemies":"Maw","floor":44.0,"turns":9.0},{"damage":10.0,"enemies":"Spire Growth","floor":47.0,"turns":6.0},{"damage":237,"enemies":"Time Eater","floor":50,"turns":13}],"seed_played":"-8800493578521172429","potions_obtained":[{"floor":10.0,"key":"SmokeBomb"},{"floor":16.0,"key":"SpeedPotion"},{"floor":18.0,"key":"Strength Potion"},{"floor":27.0,"key":"SpeedPotion"},{"floor":28.0,"key":"PowerPotion"},{"floor":37.0,"key":"Fire Potion"},{"floor":39.0,"key":"Fire Potion"}],"is_trial":false,"path_per_floor":["M","$","?","?","M","R","E","R","T","?","M","R","E","M","R","B",null,"M","M","?","M","?","R","E","R","T","M","M","$","M","M","R","B",null,"M","$","M","M","M","R","E","R","T","M","R","$","M","$","R","B"],"character_chosen":"DEFECT","items_purchased":["Blind","Medical Kit","Lee\u0027s Waffle","Gash","Pen Nib"],"campfire_rested":5,"item_purchase_floors":[2,29,36,36,46],"current_hp_per_floor":[68,68,73,73,74,74,33,57,57,42,43,72,55,54,54,25,82,77,74,53,54,54,86,87,87,87,69,59,59,48,49,83,11,89,84,123,124,95,102,102,81,81,81,62,100,100,98,98,98,0],"gold":45,"neow_bonus":"TRANSFORM_CARD","is_prod":false,"is_daily":false,"chose_seed":false,"campfire_upgraded":6,"win_rate":0,"timestamp":1549507577,"path_taken":["M","$","?","?","?","R","E","R","T","?","M","R","E","M","R","BOSS","M","M","?","M","?","R","E","R","T","M","M","$","M","M","R","BOSS","M","$","?","M","M","R","E","R","T","M","R","?","M","$","R","BOSS"],"build_version":"2019-01-23","purchased_purges":1,"victory":false,"max_hp_per_floor":[75,75,80,80,81,81,82,82,82,97,98,98,99,100,100,101,101,102,103,108,109,109,109,110,110,110,111,112,112,113,114,114,115,115,116,123,124,125,126,126,127,127,127,128,128,128,129,129,129,129],"card_choices":[{"not_picked":["Defragment","Hologram"],"picked":"Ball Lightning","floor":1.0},{"not_picked":["Rebound","Rip and Tear"],"picked":"Gash","floor":5.0},{"not_picked":["Rebound","Barrage"],"picked":"Steam Power","floor":7.0},{"not_picked":["Fusion","Hello World"],"picked":"Hologram","floor":8.0},{"not_picked":["Conserve Battery","Redo"],"picked":"Skim","floor":10.0},{"not_picked":["Rip and Tear","Ball Lightning"],"picked":"Self Repair","floor":11.0},{"not_picked":["Coolheaded","Tempest"],"picked":"Go for the Eyes","floor":12.0},{"not_picked":["Coolheaded","Rainbow"],"picked":"Defragment","floor":13.0},{"not_picked":["Steam Power","Rebound"],"picked":"Ball Lightning","floor":14.0},{"not_picked":["Seek","Creative AI"],"picked":"Buffer","floor":16.0},{"not_picked":["Redo","Go for the Eyes"],"picked":"Steam","floor":17.0},{"not_picked":["Hello World","Chaos"],"picked":"Steam","floor":17.0},{"not_picked":["Fusion","White Noise"],"picked":"Chill","floor":17.0},{"not_picked":["Heatsinks","Self Repair"],"picked":"Compile Driver","floor":17.0},{"not_picked":["Beam Cell","Skim"],"picked":"Hyperbeam","floor":17.0},{"not_picked":["FTL","Go for the Eyes"],"picked":"Conserve Battery+1","floor":18.0},{"not_picked":["Stack","Storm","Aggregate"],"picked":"SKIP","floor":19.0},{"not_picked":["Beam Cell","Redo"],"picked":"Rebound+1","floor":23.0},{"not_picked":["Darkness","Cold Snap"],"picked":"Stack","floor":24.0},{"not_picked":["Coolheaded","Genetic Algorithm","Cold Snap"],"picked":"Doom and Gloom","floor":27.0},{"not_picked":["Amplify","Cold Snap","Stack","Glacier+1"],"picked":"SKIP","floor":28.0},{"not_picked":["Undo","Static Discharge","Rebound"],"picked":"Gash","floor":30.0},{"not_picked":["Auto Shields","Consume","Redo","Beam Cell"],"picked":"SKIP","floor":31.0},{"not_picked":["Redo","Glacier","Turbo+1"],"picked":"All For One","floor":32.0},{"not_picked":["Buffer","Rainbow","Amplify"],"picked":"Electrodynamics","floor":33.0},{"not_picked":["Coolheaded","Capacitor","Cold Snap"],"picked":"Aggregate","floor":35.0},{"not_picked":["Rebound","Cold Snap+1","FTL"],"picked":"Steam Power","floor":37.0},{"not_picked":["Streamline","Coolheaded","Compile Driver"],"picked":"Hologram+1","floor":38.0},{"not_picked":["Conserve Battery","Buffer","Compile Driver"],"picked":"Steam+1","floor":39.0},{"not_picked":["Compile Driver","Melter","Double Energy","Glacier+1"],"picked":"SKIP","floor":41.0},{"not_picked":["Barrage","Force Field","Hello World+1"],"picked":"Electrodynamics+1","floor":44.0},{"not_picked":["Conserve Battery","Go for the Eyes","Beam Cell"],"picked":"Turbo","floor":45.0},{"not_picked":["Tempest+1","Undo","Consume"],"picked":"Gash","floor":47.0}],"player_experience":2258114,"relics_obtained":[{"floor":7.0,"key":"Dream Catcher"},{"floor":9.0,"key":"Sundial"},{"floor":10.0,"key":"Mango"},{"floor":13.0,"key":"Centennial Puzzle"},{"floor":24.0,"key":"Question Card"},{"floor":26.0,"key":"Lantern"},{"floor":41.0,"key":"Pantograph"},{"floor":43.0,"key":"Frozen Egg 2"}],"event_choices":[{"damage_healed":0.0,"max_hp_gain":5.0,"max_hp_loss":0.0,"gold_gain":0.0,"event_name":"Big Fish","player_choice":"Donut","floor":3.0,"gold_loss":0.0,"damage_taken":0.0},{"damage_healed":0.0,"max_hp_gain":0.0,"max_hp_loss":0.0,"gold_gain":0.0,"event_name":"FaceTrader","player_choice":"Trade","floor":4.0,"gold_loss":0.0,"damage_taken":0.0,"relics_obtained":["FaceOfCleric"]},{"damage_healed":0.0,"max_hp_gain":0.0,"max_hp_loss":0.0,"gold_gain":0.0,"event_name":"Dead Adventurer","player_choice":"Searched \u00271\u0027 times","floor":10.0,"gold_loss":0.0,"damage_taken":0.0},{"damage_healed":0.0,"max_hp_gain":5.0,"max_hp_loss":0.0,"gold_gain":0.0,"event_name":"Forgotten Altar","player_choice":"Shed Blood","floor":20.0,"gold_loss":0.0,"damage_taken":26.0},{"damage_healed":0.0,"max_hp_gain":0.0,"max_hp_loss":0.0,"gold_gain":100.0,"event_name":"Golden Shrine","player_choice":"Pray","floor":22.0,"gold_loss":0.0,"damage_taken":0.0}],"is_beta":false,"boss_relics":[{"not_picked":["FrozenCore","Runic Dome"],"picked":"Orrery"},{"not_picked":["Black Star","Runic Pyramid"],"picked":"Lizard Tail"}],"items_purged_floors":[29],"is_endless":false,"potions_floor_spawned":[10,16,18,21,27,28,37,39],"killed_by":"Time Eater","ascension_level":13}