{"gold_per_floor":[119,119,119,144,43,77,90,90,90,113,137,157,85,85],"floor_reached":14,"playtime":1087,"items_purged":["Injury"],"score":138,"play_id":"84150d42-6f79-4b08-a331-2c2fcfb1bf38","local_time":"20181007153118","is_ascension_mode":true,"campfire_choices":[{"floor":8,"key":"REST"}],"neow_cost":"NONE","seed_source_timestamp":403719411220559,"circlet_count":0,"master_deck":["Defend_G","Defend_G","Defend_G","Defend_G","Defend_G","Strike_G","Strike_G","Strike_G","Strike_G","Strike_G","Survivor","Neutralize","AscendersBane","Slice","Dash","Prepared","Deflect","Dagger Spray","Terror+1","Sucker Punch","Deadly Poison+1","Noxious Fumes"],"relics":["Black Star","Golden Idol","Darkstone Periapt","Bottled Lightning","Toxic Egg 2"],"potions_floor_usage":[6,10],"damage_taken":[{"damage":5,"enemies":"Jaw Worm","floor":1,"turns":6},{"damage":2,"enemies":"Small Slimes","floor":4,"turns":5},{"damage":42,"enemies":"Gremlin Nob","floor":6,"turns":7},{"damage":14,"enemies":"Cultist","floor":7,"turns":5},{"damage":10,"enemies":"Large Slime","floor":10,"turns":8},{"damage":5,"enemies":"Looter","floor":11,"turns":4},{"damage":1,"enemies":"Blue Slaver","floor":12,"turns":4},{"damage":15,"enemies":"Exordium Wildlife","floor":14,"turns":3}],"seed_played":"-7651843989743468390","potions_obtained":[{"floor":1,"key":"Block Potion"},{"floor":4,"key":"LiquidBronze"},{"floor":7,"key":"SkillPotion"}],"is_trial":false,"path_per_floor":["M","?","?","M","$","E","M","R","T","M","M","M","$"],"character_chosen":"THE_SILENT","items_purchased":["Prepared","Noxious Fumes"],"campfire_rested":1,"item_purchase_floors":[5,13],"current_hp_per_floor":[58,58,63,61,61,19,5,27,27,17,12,11,11,0],"gold":85,"neow_bonus":"BOSS_RELIC","is_prod":false,"is_daily":false,"chose_seed":false,"campfire_upgraded":0,"win_rate":0,"timestamp":1538940678,"path_taken":["M","?","?","M","?","E","M","R","T","?","M","M","$","M"],"build_version":"2018-10-04v2","purchased_purges":1,"victory":false,"max_hp_per_floor":[70,70,75,75,75,75,75,75,75,75,75,75,75,75],"card_choices":[{"not_picked":["Predator","Bane"],"picked":"Slice","floor":1},{"not_picked":["Acrobatics","Slice"],"picked":"Dash","floor":4},{"not_picked":["Predator","Concentrate"],"picked":"Deflect","floor":6},{"not_picked":["Underhanded Strike","Blur"],"picked":"Dagger Spray","floor":7},{"not_picked":["Distraction+1","Masterful Stab"],"picked":"Terror+1","floor":10},{"not_picked":["Dagger Spray","A Thousand Cuts"],"picked":"Sucker Punch","floor":11},{"not_picked":["Dagger Spray","Catalyst+1"],"picked":"Deadly Poison+1","floor":12}],"player_experience":1809973,"relics_obtained":[{"floor":6,"key":"Darkstone Periapt"},{"floor":6,"key":"Bottled Lightning"},{"floor":9,"key":"Toxic Egg 2"}],"event_choices":[{"event_name":"Golden Idol","player_choice":"Take Wound","floor":2,"damage_taken":0},{"event_name":"Big Fish","player_choice":"Donut","floor":3,"damage_taken":0}],"is_beta":false,"boss_relics":[],"items_purged_floors":[5],"is_endless":false,"potions_floor_spawned":[1,4,7],"killed_by":"Exordium Wildlife","ascension_level":10}