{"gold_per_floor":[10,185,185,16,36,36,91,91,91,91,107,127,159,171,171,268,268,288,298,11,11,11,11,28,55,55,71,71,85,102,113,113,213,213,233,248,248,259,36,65,65,81,81,81,30,30,43,54,54,54],"floor_reached":50,"playtime":6672,"items_purged":["Doubt"],"score":720,"play_id":"c09edc2a-d61d-42bf-9d1e-c1a3bc7a9640","local_time":"20180903130240","is_ascension_mode":true,"campfire_choices":[{"data":"Neutralize","floor":6,"key":"SMITH"},{"floor":8,"key":"REST"},{"floor":10,"key":"REST"},{"data":"Skewer","floor":15,"key":"SMITH"},{"data":"Glass Knife","floor":23,"key":"SMITH"},{"data":"Neutralize","floor":28,"key":"SMITH"},{"data":"Leg Sweep","floor":32,"key":"SMITH"},{"floor":41,"key":"DIG"},{"data":"Secret Weapon","floor":44,"key":"SMITH"},{"floor":46,"key":"DIG"},{"data":"Wraith Form v2","floor":49,"key":"SMITH"}],"neow_cost":"NO_GOLD","seed_source_timestamp":408742756848832,"circlet_count":0,"master_deck":["Defend_G+1","Defend_G+1","Defend_G+1","Defend_G+1","Strike_G+1","Strike_G+1","Strike_G+1","Strike_G+1","Survivor","Neutralize+1","All Out Attack","Neutralize+1","Dramatic Entrance","Quick Slash","Well Laid Plans","Cloak And Dagger","Infinite Blades","Skewer+1","Flying Knee","Leg Sweep+1","Poisoned Stab","Glass Knife+1","Infinite Blades","Cloak And Dagger","Outmaneuver","Ghostly","Ghostly","Ghostly","Ghostly","Ghostly","Footwork+1","Calculated Gamble+1","Quick Slash+1","Sucker Punch+1","Dagger Spray+1","Distraction+1","Wraith Form v2+1","Terror+1","Concentrate+1","Secret Weapon+1","Outmaneuver+1","Riddle With Holes+1","Caltrops+1","Adrenaline","Flying Knee+1","Prepared+1","Concentrate","Dagger Throw+1","Acrobatics+1"],"relics":["Ring of the Snake","Question Card","Blood Vial","Happy Flower","Runic Dome","Paper Crane","Molten Egg 2","Bag of Marbles","Eternal Feather","Vajra","Shovel","Ancient Tea Set","Bottled Lightning","Prayer Wheel"],"potions_floor_usage":[13,13,16,33,33,33,36,50,50,50],"damage_taken":[{"damage":0,"enemies":"Cultist","floor":1,"turns":4},{"damage":4,"enemies":"Jaw Worm","floor":5,"turns":4},{"damage":45,"enemies":"Lagavulin Event","floor":7,"turns":9},{"damage":0,"enemies":"2 Louse","floor":11,"turns":2},{"damage":0,"enemies":"Exordium Thugs","floor":12,"turns":3},{"damage":5,"enemies":"Gremlin Nob","floor":13,"turns":3},{"damage":4,"enemies":"Blue Slaver","floor":14,"turns":3},{"damage":8,"enemies":"Slime Boss","floor":16,"turns":7},{"damage":26,"enemies":"Shell Parasite","floor":18,"turns":4},{"damage":0,"enemies":"3 Byrds","floor":19,"turns":4},{"damage":1,"enemies":"3 Cultists","floor":24,"turns":6},{"damage":8,"enemies":"Gremlin Leader","floor":25,"turns":9},{"damage":1,"enemies":"Snecko","floor":27,"turns":5},{"damage":2,"enemies":"Cultist and Chosen","floor":29,"turns":5},{"damage":2,"enemies":"Centurion and Healer","floor":30,"turns":5},{"damage":1,"enemies":"Snecko","floor":31,"turns":4},{"damage":16,"enemies":"Collector","floor":33,"turns":14},{"damage":2,"enemies":"Orb Walker","floor":35,"turns":3},{"damage":4,"enemies":"3 Darklings","floor":36,"turns":5},{"damage":4,"enemies":"Maw","floor":38,"turns":8},{"damage":11,"enemies":"2 Orb Walkers","floor":40,"turns":6},{"damage":7,"enemies":"4 Shapes","floor":42,"turns":5},{"damage":0,"enemies":"Transient","floor":47,"turns":5},{"damage":8,"enemies":"3 Darklings","floor":48,"turns":5},{"damage":37,"enemies":"Awakened One","floor":50,"turns":13}],"seed_played":"-7124772783259269404","potions_obtained":[{"floor":7,"key":"Poison Potion"},{"floor":11,"key":"GamblersBrew"},{"floor":12,"key":"SteroidPotion"},{"floor":14,"key":"AttackPotion"},{"floor":29,"key":"GamblersBrew"},{"floor":30,"key":"Dexterity Potion"},{"floor":31,"key":"Fire Potion"},{"floor":33,"key":"Poison Potion"},{"floor":35,"key":"Block Potion"},{"floor":40,"key":"EssenceOfSteel"},{"floor":47,"key":"Explosive Potion"}],"is_trial":false,"path_per_floor":["M","?","?","$","M","R","?","R","T","R","M","M","E","M","R","B",null,"M","M","$","?","?","R","M","E","T","M","R","M","M","M","R","B",null,"M","M","?","M","$","E","R","M","T","R","$","R","M","M","R"],"character_chosen":"THE_SILENT","items_purchased":["Quick Slash","Well Laid Plans","Paper Crane","Outmaneuver","Vajra","Riddle With Holes+1","Flying Knee+1"],"campfire_rested":2,"item_purchase_floors":[4,4,20,20,39,39,45],"current_hp_per_floor":[63,63,63,63,59,59,14,35,35,56,58,60,57,55,55,49,65,41,43,43,35,35,35,34,27,27,28,28,28,28,29,29,15,30,30,28,28,26,26,17,35,28,28,35,35,35,35,27,35,0],"gold":54,"neow_bonus":"REMOVE_TWO","is_prod":false,"is_daily":false,"chose_seed":false,"campfire_upgraded":7,"win_rate":0,"timestamp":1535994160,"path_taken":["M","?","?","$","M","R","?","R","T","R","M","M","E","?","R","BOSS","M","?","?","?","?","R","?","E","T","M","R","M","?","M","R","BOSS","M","?","?","M","$","E","R","?","T","R","$","R","M","M","R","BOSS"],"build_version":"2018-08-23v2","purchased_purges":1,"victory":false,"max_hp_per_floor":[70,70,70,70,70,70,70,70,70,70,70,70,70,70,70,70,70,70,70,70,35,35,35,35,35,35,35,35,35,35,35,35,35,35,35,35,35,35,35,35,35,35,35,35,35,35,35,35,35,35],"card_choices":[{"not_picked":["Sucker Punch","Deflect"],"picked":"All Out Attack","floor":1},{"not_picked":["Blade Dance","Expertise"],"picked":"Cloak And Dagger","floor":5},{"not_picked":["Dagger Spray","Deflect"],"picked":"Infinite Blades","floor":7},{"not_picked":["Dagger Spray","Poisoned Stab","Cloak And Dagger"],"picked":"Skewer","floor":11},{"not_picked":["Deflect","Deadly Poison","Dodge and Roll"],"picked":"Flying Knee","floor":12},{"not_picked":["Cloak And Dagger","All Out Attack","Blade Dance"],"picked":"Leg Sweep","floor":13},{"not_picked":["Blade Dance","Dodge and Roll","Calculated Gamble"],"picked":"Poisoned Stab","floor":14},{"not_picked":["A Thousand Cuts","Wraith Form v2","Venomology"],"picked":"Glass Knife","floor":16},{"not_picked":["Sucker Punch","Poisoned Stab","Leg Sweep"],"picked":"Infinite Blades","floor":18},{"not_picked":["Slice","Bane","Underhanded Strike+1"],"picked":"Cloak And Dagger","floor":19},{"not_picked":["Cloak And Dagger+1","Masterful Stab+1","Tools of the Trade"],"picked":"Footwork+1","floor":24},{"not_picked":["PiercingWail","Tactician","Blade Dance"],"picked":"Calculated Gamble+1","floor":25},{"not_picked":["Bane+1","PiercingWail","A Thousand Cuts"],"picked":"Quick Slash+1","floor":27},{"not_picked":["Slice+1","Eviscerate+1","Deflect"],"picked":"Sucker Punch+1","floor":29},{"not_picked":["Footwork","Distraction","Outmaneuver"],"picked":"Dagger Spray+1","floor":30},{"not_picked":["Dagger Throw+1","Dodge and Roll","Tactician"],"picked":"Distraction+1","floor":31},{"not_picked":["Die Die Die+1","Tools of the Trade","Night Terror"],"picked":"Wraith Form v2","floor":33},{"not_picked":["Cloak And Dagger","Deflect+1","Deadly Poison"],"picked":"Terror+1","floor":35},{"not_picked":["Dash+1","Cloak And Dagger","Flying Knee+1"],"picked":"Concentrate+1","floor":36},{"not_picked":["Discovery","Dark Shackles","Secret Technique"],"picked":"Secret Weapon","floor":37},{"not_picked":["Dagger Spray+1","Predator+1","Blade Dance+1"],"picked":"Outmaneuver+1","floor":38},{"not_picked":["Flechettes+1","Deflect+1","Quick Slash+1"],"picked":"Caltrops+1","floor":40},{"not_picked":["Deflect","Setup","Well Laid Plans"],"picked":"Adrenaline","floor":42},{"not_picked":["Endless Agony+1","PiercingWail+1","Caltrops+1"],"picked":"Prepared+1","floor":47},{"not_picked":["Bane+1","Reflex","PiercingWail"],"picked":"Concentrate","floor":47},{"not_picked":["Footwork","Dodge and Roll+1","Deadly Poison+1"],"picked":"Dagger Throw+1","floor":48},{"not_picked":["Flying Knee+1","Prepared","Deflect+1"],"picked":"Acrobatics+1","floor":48}],"player_experience":1639672,"relics_obtained":[{"floor":7,"key":"Question Card"},{"floor":9,"key":"Blood Vial"},{"floor":13,"key":"Happy Flower"},{"floor":25,"key":"Molten Egg 2"},{"floor":26,"key":"Bag of Marbles"},{"floor":40,"key":"Shovel"},{"floor":41,"key":"Ancient Tea Set"},{"floor":43,"key":"Bottled Lightning"},{"floor":46,"key":"Prayer Wheel"}],"event_choices":[{"event_name":"Liars Game","player_choice":"agreed","floor":2,"damage_taken":0},{"event_name":"Match and Keep!","player_choice":"2 cards matched","floor":3,"damage_taken":0},{"event_name":"Dead Adventurer","player_choice":"Searched \u00272\u0027 times","floor":7,"damage_taken":0},{"event_name":"Ghosts","player_choice":"Became a Ghost","floor":21,"damage_taken":0},{"event_name":"Back to Basics","player_choice":"Simplicity","floor":22,"damage_taken":0},{"event_name":"SensoryStone","player_choice":"Memory 1","floor":37,"damage_taken":0}],"is_beta":false,"boss_relics":[{"not_picked":["Runic Pyramid","Orrery"],"picked":"Runic Dome"},{"not_picked":["Tiny House","Pandora\u0027s Box"],"picked":"Eternal Feather"}],"items_purged_floors":[4],"is_endless":false,"potions_floor_spawned":[7,11,12,14,29,30,31,33,35,40,47],"killed_by":"Awakened One","ascension_level":7}