{"gold_per_floor":[109,109,184,21,39,72,85,85,108,121,138,138,152,186,186,262,262,276,70,85,85,144,144,144],"floor_reached":24,"playtime":1652,"items_purged":[],"score":441,"play_id":"7c914b30-65bd-4f8a-92c5-950e4b29d39c","local_time":"20190827202345","is_ascension_mode":true,"campfire_choices":[{"data":"Dual Wield","floor":8.0,"key":"SMITH"},{"data":"Intimidate","floor":12.0,"key":"SMITH"},{"data":"True Grit","floor":15.0,"key":"SMITH"},{"data":"Offering","floor":23,"key":"SMITH"}],"neow_cost":"NONE","seed_source_timestamp":822635984482693,"circlet_count":0,"master_deck":["AscendersBane","Strike_R","Strike_R","Strike_R","Strike_R+1","Strike_R+1","Defend_R","Defend_R","Defend_R","Defend_R","Bash","Cleave","Feed","Dual Wield+1","Intimidate+1","Hemokinesis","Immolate","Anger","Metallicize","True Grit+1","Offering+1","Warcry+1","HandOfGreed","J.A.X."],"special_seed":0,"relics":["Burning Blood","NeowsBlessing","Pen Nib","Ancient Tea Set","Paper Frog","Mark of Pain"],"potions_floor_usage":[18,20,24],"damage_taken":[{"damage":0.0,"enemies":"Jaw Worm","floor":1.0,"turns":1.0},{"damage":0.0,"enemies":"2 Louse","floor":5.0,"turns":1.0},{"damage":6.0,"enemies":"Gremlin Nob","floor":6.0,"turns":3.0},{"damage":4.0,"enemies":"Small Slimes","floor":7.0,"turns":4.0},{"damage":0.0,"enemies":"3 Louse","floor":10.0,"turns":1.0},{"damage":10.0,"enemies":"Large Slime","floor":11.0,"turns":6.0},{"damage":0.0,"enemies":"Lots of Slimes","floor":13.0,"turns":1.0},{"damage":26.0,"enemies":"Lagavulin","floor":14.0,"turns":8.0},{"damage":50.0,"enemies":"Slime Boss","floor":16.0,"turns":10.0},{"damage":9,"enemies":"Chosen","floor":18,"turns":2},{"damage":2,"enemies":"Spheric Guardian","floor":20,"turns":3},{"damage":36,"enemies":"Shelled Parasite and Fungi","floor":22,"turns":8},{"damage":58,"enemies":"Gremlin Leader","floor":24,"turns":4}],"seed_played":"-1061117995925656675","potions_obtained":[{"floor":1.0,"key":"Explosive Potion"},{"floor":11.0,"key":"Energy Potion"},{"floor":13.0,"key":"Explosive Potion"},{"floor":14.0,"key":"SmokeBomb"},{"floor":16.0,"key":"FearPotion"},{"floor":18,"key":"BloodPotion"},{"floor":20,"key":"FearPotion"},{"floor":22,"key":"Fire Potion"}],"is_trial":false,"path_per_floor":["M","?","?","$","M","E","M","R","T","M","M","R","M","E","R","B",null,"M","$","M","?","M","R","E"],"character_chosen":"IRONCLAD","items_purchased":["Feed","HandOfGreed"],"campfire_rested":0,"item_purchase_floors":[4,19],"current_hp_per_floor":[74,51,40,40,49,52,57,57,57,63,62,62,68,51,51,10,72,69,69,85,85,55,55,0],"gold":144,"neow_bonus":"THREE_ENEMY_KILL","is_prod":false,"is_daily":false,"chose_seed":false,"campfire_upgraded":4,"win_rate":0,"timestamp":1566951825,"path_taken":["M","?","?","$","M","E","M","R","T","M","M","R","M","E","R","BOSS","M","$","M","?","M","R","E"],"build_version":"2019-01-23","purchased_purges":0,"victory":false,"max_hp_per_floor":[75,75,75,75,78,81,84,84,84,84,87,87,87,90,90,93,93,93,93,96,96,96,96,96],"card_choices":[{"not_picked":["Flex","Wild Strike"],"picked":"Cleave","floor":1.0},{"not_picked":["Body Slam","True Grit"],"picked":"Dual Wield","floor":5.0},{"not_picked":["Armaments","True Grit"],"picked":"Intimidate","floor":6.0},{"not_picked":["Armaments","Whirlwind"],"picked":"Hemokinesis","floor":7.0},{"not_picked":["Perfected Strike","Bloodletting"],"picked":"Immolate","floor":10.0},{"not_picked":["Iron Wave","Thunderclap"],"picked":"Anger","floor":11.0},{"not_picked":["Warcry","Wild Strike"],"picked":"Metallicize","floor":13.0},{"not_picked":["Shrug It Off","Reckless Charge"],"picked":"True Grit","floor":14.0},{"not_picked":["Exhume","Juggernaut"],"picked":"Offering","floor":16.0},{"not_picked":["Ghostly Armor","Seeing Red"],"picked":"Warcry+1","floor":18},{"not_picked":["Thunderclap","Body Slam","Burning Pact"],"picked":"SKIP","floor":20},{"not_picked":["True Grit","Cleave","Second Wind"],"picked":"SKIP","floor":22}],"player_experience":2861409,"relics_obtained":[{"floor":6.0,"key":"Pen Nib"},{"floor":9.0,"key":"Ancient Tea Set"},{"floor":14.0,"key":"Paper Frog"}],"event_choices":[{"damage_healed":0.0,"max_hp_gain":0.0,"max_hp_loss":0.0,"gold_gain":0.0,"event_name":"Shining Light","player_choice":"Entered Light","floor":2.0,"gold_loss":0.0,"damage_taken":23.0,"cards_upgraded":["Strike_R","Strike_R"]},{"damage_healed":0.0,"max_hp_gain":0.0,"max_hp_loss":0.0,"gold_gain":75.0,"event_name":"World of Goop","player_choice":"Gather Gold","floor":3.0,"gold_loss":0.0,"damage_taken":11.0},{"damage_healed":0,"gold_gain":0,"player_choice":"Obtain J.A.X.","damage_taken":0,"max_hp_gain":0,"max_hp_loss":0,"event_name":"Drug Dealer","floor":21,"gold_loss":0,"cards_obtained":["J.A.X."]}],"is_beta":false,"boss_relics":[{"not_picked":["Ectoplasm","Philosopher\u0027s Stone"],"picked":"Mark of Pain"}],"items_purged_floors":[],"is_endless":false,"potions_floor_spawned":[1,11,13,14,16,18,20,22],"killed_by":"Gremlin Leader","ascension_level":20}