{"gold_per_floor":[19,39,58,58,58,58,71,86,86,119,77,127,127,147,147,241,241,265,265,265,283,283,283,283],"floor_reached":24,"playtime":3059,"items_purged":[],"score":392,"play_id":"e013996b-02ef-4f97-9dc9-6d7bcbad086a","local_time":"20190922185734","is_ascension_mode":true,"campfire_choices":[{"data":"SashWhip","floor":6.0,"key":"SMITH"},{"data":"Eruption","floor":13,"key":"SMITH"},{"floor":15,"key":"REST"},{"data":"Adaptation","floor":23,"key":"SMITH"}],"neow_cost":"NO_GOLD","seed_source_timestamp":0,"circlet_count":0,"master_deck":["AscendersBane","Strike_P","Strike_P","Strike_P","Defend_P","Defend_P","Defend_P","Defend_P","Eruption+1","Vigilance","Alpha","FlyingSleeves","SashWhip+1","Sanctity","BowlingBash","Crescendo","EmptyBody","Sanctity","Adaptation+1","Ghostly","Ghostly","Ghostly","Sanctity","EmptyMind"],"special_seed":0,"relics":["PureWater","Golden Idol","The Courier","Mercury Hourglass","Bottled Lightning","Runic Dome"],"potions_floor_usage":[16],"damage_taken":[{"damage":9.0,"enemies":"Jaw Worm","floor":1.0,"turns":5.0},{"damage":12.0,"enemies":"Small Slimes","floor":2.0,"turns":3.0},{"damage":0.0,"enemies":"Cultist","floor":3.0,"turns":3.0},{"damage":1.0,"enemies":"Blue Slaver","floor":7.0,"turns":5.0},{"damage":9.0,"enemies":"Exordium Thugs","floor":8.0,"turns":4.0},{"damage":15,"enemies":"Lagavulin","floor":10,"turns":6},{"damage":1,"enemies":"Looter","floor":14,"turns":3},{"damage":10,"enemies":"Hexaghost","floor":16,"turns":8},{"damage":7,"enemies":"3 Byrds","floor":18,"turns":5},{"damage":10,"enemies":"Spheric Guardian","floor":21,"turns":6},{"damage":25,"enemies":"Book of Stabbing","floor":24,"turns":5}],"seed_played":"3308875557966754877","potions_obtained":[{"floor":2.0,"key":"Strength Potion"},{"floor":8.0,"key":"Dexterity Potion"},{"floor":16,"key":"StancePotion"}],"is_trial":false,"path_per_floor":["M","M","M","?","?","R","M","M","T","E","$","?","R","M","R","B",null,"M","?","?","M","?","R","E"],"character_chosen":"WATCHER","items_purchased":["Sanctity"],"campfire_rested":1,"item_purchase_floors":[11],"current_hp_per_floor":[46,34,34,34,29,29,28,19,19,4,4,4,4,3,19,9,44,37,27,27,17,17,17,0],"gold":283,"neow_bonus":"THREE_RARE_CARDS","is_prod":false,"is_daily":false,"chose_seed":false,"campfire_upgraded":3,"win_rate":0,"timestamp":1569135454,"path_taken":["M","M","M","?","?","R","?","M","T","E","?","?","R","?","R","BOSS","M","?","?","?","?","R","E"],"build_version":"2019-09-20","purchased_purges":0,"victory":false,"max_hp_per_floor":[61,61,61,55,55,55,55,55,55,55,55,55,55,55,55,55,55,55,27,27,27,27,27,27],"card_choices":[{"not_picked":["Metaphysics","Pray"],"picked":"Alpha","floor":0.0},{"not_picked":["Sanctity","JustLucky"],"picked":"FlyingSleeves","floor":1.0},{"not_picked":["FlyingSleeves","FollowUp"],"picked":"SashWhip","floor":2.0},{"not_picked":["Scrawl","ClearTheMind"],"picked":"Sanctity","floor":3.0},{"not_picked":["EmptyBody","Collect"],"picked":"BowlingBash","floor":7.0},{"not_picked":["Prostrate","Metaphysics"],"picked":"Crescendo","floor":8.0},{"not_picked":["FlyingSleeves","ClearTheMind"],"picked":"EmptyBody","floor":10},{"not_picked":["FlyingSleeves","Swivel"],"picked":"Adaptation","floor":14},{"not_picked":["JustLucky","EmptyBody","EmptyFist+1"],"picked":"SKIP","floor":18},{"not_picked":["SashWhip","Protect"],"picked":"Sanctity","floor":21}],"player_experience":1201801,"relics_obtained":[{"floor":9.0,"key":"Mercury Hourglass"},{"floor":10,"key":"Bottled Lightning"}],"event_choices":[{"damage_healed":0.0,"max_hp_gain":0.0,"max_hp_loss":6.0,"gold_gain":0.0,"event_name":"Golden Idol","player_choice":"Lose Max HP","floor":4.0,"gold_loss":0.0,"damage_taken":0.0,"relics_obtained":["Golden Idol"]},{"damage_healed":0.0,"max_hp_gain":0.0,"max_hp_loss":0.0,"gold_gain":0.0,"event_name":"Scrap Ooze","player_choice":"Success","floor":5.0,"gold_loss":0.0,"damage_taken":5.0,"relics_obtained":["The Courier"]},{"damage_healed":0,"gold_gain":50,"player_choice":"Pray","damage_taken":0,"max_hp_gain":0,"max_hp_loss":0,"event_name":"Golden Shrine","floor":12,"gold_loss":0},{"damage_healed":0,"gold_gain":0,"player_choice":"Became a Ghost","damage_taken":0,"max_hp_gain":0,"max_hp_loss":28,"event_name":"Ghosts","floor":19,"gold_loss":0,"cards_obtained":["Ghostly","Ghostly","Ghostly"]},{"cards_removed":["Strike_P"],"damage_healed":0,"gold_gain":0,"player_choice":"Purged","damage_taken":0,"max_hp_gain":0,"max_hp_loss":0,"event_name":"Purifier","floor":20,"gold_loss":0},{"damage_healed":0,"gold_gain":0,"player_choice":"Read","damage_taken":0,"max_hp_gain":0,"max_hp_loss":0,"event_name":"The Library","floor":22,"gold_loss":0,"cards_obtained":["EmptyMind"]}],"is_beta":true,"boss_relics":[{"not_picked":["Ectoplasm","Tiny House"],"picked":"Runic Dome"}],"items_purged_floors":[],"is_endless":false,"potions_floor_spawned":[2,8,16,21],"killed_by":"Book of Stabbing","ascension_level":20}