{"gold_per_floor":[11,31,47,17,27,27,27,356,356,366,516,516,573,593,593,593],"floor_reached":16,"playtime":1462,"items_purged":[],"score":184,"play_id":"dffdab5f-4588-4079-beb0-2cef68b9b17f","local_time":"20190403212119","is_ascension_mode":true,"campfire_choices":[{"data":"Seeing Red","floor":6,"key":"SMITH"},{"data":"Armaments","floor":15,"key":"SMITH"}],"neow_cost":"NO_GOLD","seed_source_timestamp":1985218488777735,"circlet_count":0,"master_deck":["AscendersBane","Strike_R","Strike_R","Strike_R","Strike_R","Strike_R","Defend_R","Defend_R","Defend_R","Defend_R","Bash","Demon Form","Clothesline","Disarm","Seeing Red+1","Heavy Blade","Shrug It Off","Armaments+1","Bludgeon","Heavy Blade"],"relics":["Burning Blood","Old Coin","FossilizedHelix"],"potions_floor_usage":[8,16],"damage_taken":[{"damage":3,"enemies":"2 Louse","floor":1,"turns":3},{"damage":0,"enemies":"Small Slimes","floor":2,"turns":4},{"damage":10,"enemies":"Jaw Worm","floor":3,"turns":4},{"damage":9,"enemies":"Looter","floor":4,"turns":4},{"damage":33,"enemies":"Exordium Wildlife","floor":5,"turns":6},{"damage":19,"enemies":"Lagavulin","floor":8,"turns":8},{"damage":2,"enemies":"Large Slime","floor":10,"turns":7},{"damage":7,"enemies":"3 Louse","floor":14,"turns":6},{"damage":32,"enemies":"Hexaghost","floor":16,"turns":12}],"seed_played":"-418339514126105222","potions_obtained":[{"floor":1,"key":"PowerPotion"},{"floor":3,"key":"LiquidBronze"},{"floor":5,"key":"Poison Potion"}],"is_trial":false,"path_per_floor":["M","M","M","M","M","R","$","E","T","M","?","?","?","M","R","B"],"character_chosen":"IRONCLAD","items_purchased":[],"campfire_rested":0,"item_purchase_floors":[],"current_hp_per_floor":[71,75,71,68,41,41,41,28,28,32,32,32,32,31,31,0],"gold":593,"neow_bonus":"THREE_RARE_CARDS","is_prod":false,"is_daily":false,"chose_seed":false,"campfire_upgraded":2,"win_rate":0,"timestamp":1554340879,"path_taken":["M","M","M","M","M","R","$","E","T","M","?","?","?","?","R","BOSS"],"build_version":"2019-01-23","purchased_purges":0,"victory":false,"max_hp_per_floor":[75,75,75,75,75,75,75,75,75,75,75,75,75,75,75,75],"card_choices":[{"not_picked":["Fiend Fire","Exhume"],"picked":"Demon Form","floor":0},{"not_picked":["Rupture","Wild Strike"],"picked":"Clothesline","floor":1},{"not_picked":["Havoc","Battle Trance"],"picked":"Disarm","floor":2},{"not_picked":["Headbutt","Uppercut"],"picked":"Seeing Red","floor":3},{"not_picked":["Flex","Battle Trance"],"picked":"Heavy Blade","floor":4},{"not_picked":["Twin Strike","Burning Pact"],"picked":"Shrug It Off","floor":5},{"not_picked":["Infernal Blade","Headbutt"],"picked":"Armaments","floor":8},{"not_picked":["Armaments","Wild Strike"],"picked":"Bludgeon","floor":10},{"not_picked":["Wild Strike","Flex"],"picked":"Heavy Blade","floor":14}],"player_experience":2446346,"relics_obtained":[{"floor":8,"key":"Old Coin"},{"floor":9,"key":"FossilizedHelix"}],"event_choices":[{"damage_healed":0,"gold_gain":150,"player_choice":"AGREE","damage_taken":0,"max_hp_gain":0,"max_hp_loss":0,"event_name":"Liars Game","floor":11,"gold_loss":0,"cards_obtained":["Doubt"]},{"cards_removed":["Doubt"],"damage_healed":0,"gold_gain":0,"player_choice":"Forget","damage_taken":0,"max_hp_gain":0,"max_hp_loss":0,"event_name":"Living Wall","floor":12,"gold_loss":0},{"damage_healed":0,"gold_gain":57,"player_choice":"Gained Gold","damage_taken":0,"max_hp_gain":0,"max_hp_loss":0,"event_name":"Golden Wing","floor":13,"gold_loss":0}],"is_beta":false,"boss_relics":[],"items_purged_floors":[],"is_endless":false,"potions_floor_spawned":[1,3,5],"killed_by":"Hexaghost","ascension_level":16}