{"gold_per_floor":[117,133,44,44,62,62,62,62,86,11,30,41,41,7,7,112,112,128,142,241,241,241],"floor_reached":22,"playtime":1161,"items_purged":[],"score":191,"play_id":"3059bd80-3833-4b41-a258-e2461ef56a9c","local_time":"20190824114122","is_ascension_mode":true,"campfire_choices":[{"data":"Zap","floor":6,"key":"SMITH"},{"data":"Sweeping Beam","floor":8,"key":"SMITH"},{"data":"Melter","floor":13,"key":"SMITH"},{"data":"Dualcast","floor":15,"key":"SMITH"}],"neow_cost":"NONE","seed_source_timestamp":558215593763243,"circlet_count":0,"master_deck":["Strike_B","Strike_B","Strike_B","Strike_B","Defend_B","Defend_B","Defend_B","Defend_B","Zap+1","Dualcast+1","Auto Shields","White Noise+1","Sweeping Beam+1","Glacier","Barrage","Melter+1","Compile Driver","Turbo","Reprogram","Multi-Cast","Consume","Genetic Algorithm+1"],"relics":["Cracked Core","Vajra","Oddly Smooth Stone","White Beast Statue"],"potions_floor_usage":[16,16,22],"damage_taken":[{"damage":0,"enemies":"2 Louse","floor":1,"turns":1},{"damage":1,"enemies":"Jaw Worm","floor":2,"turns":4},{"damage":1,"enemies":"Small Slimes","floor":5,"turns":3},{"damage":0,"enemies":"2 Fungi Beasts","floor":11,"turns":3},{"damage":1,"enemies":"Blue Slaver","floor":12,"turns":4},{"damage":5,"enemies":"Slime Boss","floor":16,"turns":7},{"damage":39,"enemies":"Chosen","floor":18,"turns":6},{"damage":32,"enemies":"2 Thieves","floor":19,"turns":5},{"damage":17,"enemies":"Centurion and Healer","floor":22,"turns":2}],"seed_played":"3034529006102323456","potions_obtained":[{"floor":1,"key":"Explosive Potion"},{"floor":2,"key":"SteroidPotion"},{"floor":12,"key":"GamblersBrew"},{"floor":18,"key":"Ancient Potion"},{"floor":19,"key":"GamblersBrew"}],"is_trial":false,"path_per_floor":["M","M","$","?","M","R","?","R","T","$","M","M","R","$","R","B",null,"M","M","?","?","M"],"character_chosen":"DEFECT","items_purchased":["Sweeping Beam","Glacier","Melter","Reprogram"],"campfire_rested":0,"item_purchase_floors":[3,3,10,14],"current_hp_per_floor":[75,74,74,74,73,73,73,73,73,73,73,72,72,72,72,67,75,36,4,4,4,0],"gold":241,"neow_bonus":"RANDOM_COMMON_RELIC","is_prod":false,"is_daily":false,"chose_seed":false,"campfire_upgraded":4,"win_rate":0,"timestamp":1566657682,"path_taken":["M","M","$","?","M","R","?","R","T","$","M","M","R","$","R","BOSS","M","M","?","?","M"],"build_version":"2019-07-17","purchased_purges":0,"victory":false,"max_hp_per_floor":[75,75,75,75,75,75,75,75,75,75,75,75,75,75,75,75,75,75,75,75,75,75],"card_choices":[{"not_picked":["Streamline","Scrape"],"picked":"Auto Shields","floor":1},{"not_picked":["Streamline","Coolheaded"],"picked":"White Noise","floor":2},{"not_picked":["Stack","Streamline"],"picked":"Barrage","floor":5},{"not_picked":["Rebound","Barrage"],"picked":"Compile Driver","floor":11},{"not_picked":["Biased Cognition","Reprogram"],"picked":"Turbo","floor":12},{"not_picked":["All For One","Creative AI"],"picked":"Multi-Cast","floor":16},{"not_picked":["Leap+1","Reinforced Body+1"],"picked":"Consume","floor":18},{"not_picked":["Steam","Aggregate"],"picked":"Genetic Algorithm+1","floor":19}],"player_experience":343971,"relics_obtained":[{"floor":9,"key":"Oddly Smooth Stone"}],"event_choices":[{"damage_healed":0,"gold_gain":0,"player_choice":"Leave","damage_taken":0,"max_hp_gain":0,"max_hp_loss":0,"event_name":"The Cleric","floor":4,"gold_loss":0},{"damage_healed":0,"gold_gain":0,"player_choice":"Grow","damage_taken":0,"max_hp_gain":0,"max_hp_loss":0,"event_name":"Living Wall","floor":7,"gold_loss":0,"cards_upgraded":["White Noise"]},{"damage_healed":0,"gold_gain":99,"player_choice":"Stole From Cult","damage_taken":0,"max_hp_gain":0,"max_hp_loss":0,"event_name":"Nest","floor":20,"gold_loss":0},{"damage_healed":0,"gold_gain":0,"player_choice":"Ignored","damage_taken":0,"max_hp_gain":0,"max_hp_loss":0,"event_name":"Ghosts","floor":21,"gold_loss":0}],"is_beta":false,"boss_relics":[{"not_picked":["Sozu","Astrolabe"],"picked":"White Beast Statue"}],"items_purged_floors":[],"is_endless":false,"potions_floor_spawned":[1,2,12,18,19],"killed_by":"Centurion and Healer","ascension_level":2}