{"gold_per_floor":[114,129,144,69,69,84,99,99,99,114,114,129,129,159,159,259,259,274,24,24,39,54,84,84,99,99,114,114,129,144,144,144,244,244,259,60,75,0,15,15],"floor_reached":40,"playtime":5302,"items_purged":["Strike_G"],"score":462,"play_id":"3ab7be2f-73d6-4087-9cd4-040eaef82ff1","local_time":"20181019012112","daily_mods":["Allstar","Uncertain Future","Terminal"],"is_ascension_mode":false,"campfire_choices":[{"data":"Burst","floor":11,"key":"SMITH"},{"data":"Discovery","floor":13,"key":"SMITH"},{"data":"Thinking Ahead","floor":15,"key":"SMITH"},{"data":"Forethought","floor":24,"key":"SMITH"},{"data":"After Image","floor":28,"key":"SMITH"},{"data":"Neutralize","floor":32,"key":"SMITH"}],"neow_cost":"","seed_source_timestamp":119409169870029,"circlet_count":0,"master_deck":["Defend_G","Defend_G","Defend_G","Defend_G","Strike_G","Strike_G","Strike_G","Survivor","Neutralize+1","Madness","Forethought+1","Purity","Thinking Ahead+1","Discovery+1","Flechettes","Dagger Spray","Riddle With Holes","Quick Slash+1","Endless Agony+1","Backflip","Burst+1","Crippling Poison","After Image+1","Die Die Die","Bane+1","J.A.X.+1","Slice+1","Blade Dance+1","Venomology+1","Accuracy+1","Prepared+1","Poisoned Stab+1","Leg Sweep+1","Masterful Stab","Envenom","Deadly Poison+1","PiercingWail+1","Thinking Ahead+1","Escape Plan+1","Catalyst+1"],"special_seed":17823,"relics":["Ring of the Snake","Kunai","Strawberry","Odd Mushroom","Bag of Preparation","Eternal Feather","Toxic Egg 2","Dream Catcher","Whetstone","Cursed Key","Red Mask"],"potions_floor_usage":[16,23,23,33,33,35,35,39,39],"damage_taken":[{"damage":0,"enemies":"2 Louse","floor":1,"turns":3},{"damage":2,"enemies":"Small Slimes","floor":2,"turns":5},{"damage":0,"enemies":"Cultist","floor":3,"turns":2},{"damage":0,"enemies":"3 Louse","floor":6,"turns":4},{"damage":0,"enemies":"Large Slime","floor":7,"turns":7},{"damage":0,"enemies":"Exordium Thugs","floor":10,"turns":5},{"damage":0,"enemies":"The Mushroom Lair","floor":12,"turns":3},{"damage":10,"enemies":"Lagavulin","floor":14,"turns":8},{"damage":5,"enemies":"Slime Boss","floor":16,"turns":16},{"damage":4,"enemies":"Spheric Guardian","floor":18,"turns":6},{"damage":0,"enemies":"3 Byrds","floor":21,"turns":5},{"damage":7,"enemies":"Snake Plant","floor":22,"turns":5},{"damage":3,"enemies":"Book of Stabbing","floor":23,"turns":7},{"damage":16,"enemies":"Shelled Parasite and Fungi","floor":25,"turns":7},{"damage":3,"enemies":"Centurion and Healer","floor":27,"turns":6},{"damage":7,"enemies":"Snecko","floor":29,"turns":5},{"damage":5,"enemies":"Chosen and Byrds","floor":30,"turns":4},{"damage":16,"enemies":"Automaton","floor":33,"turns":10},{"damage":12,"enemies":"3 Darklings","floor":35,"turns":10},{"damage":12,"enemies":"3 Shapes","floor":37,"turns":6},{"damage":16,"enemies":"Spire Growth","floor":39,"turns":6},{"damage":2,"enemies":"Giant Head","floor":40,"turns":7}],"seed_played":"-7407834617241982638","potions_obtained":[{"floor":1,"key":"AttackPotion"},{"floor":6,"key":"Weak Potion"},{"floor":7,"key":"PowerPotion"},{"floor":27,"key":"Explosive Potion"},{"floor":33,"key":"Explosive Potion"},{"floor":39,"key":"GamblersBrew"}],"is_trial":false,"path_per_floor":["M","M","M","$","?","M","M","?","T","M","R","?","R","E","R","B",null,"M","$","?","M","M","E","R","M","T","M","R","M","M","?","R","B",null,"M","$","M","?","M"],"character_chosen":"THE_SILENT","items_purchased":["Toxic Egg 2","PiercingWail+1","Thinking Ahead+1"],"campfire_rested":0,"item_purchase_floors":[19,36,36],"current_hp_per_floor":[68,66,66,65,62,62,62,61,67,66,65,64,63,53,53,48,59,55,55,55,55,48,45,52,36,36,33,48,41,36,36,44,28,42,30,30,18,18,2,0],"gold":15,"neow_bonus":"","is_prod":false,"is_daily":true,"chose_seed":false,"campfire_upgraded":6,"win_rate":0,"timestamp":1539926472,"path_taken":["M","M","M","$","?","M","M","?","T","M","R","?","R","E","R","BOSS","M","$","?","M","M","E","R","?","T","M","R","M","M","?","R","BOSS","M","$","M","?","M","E"],"build_version":"2018-10-11","purchased_purges":1,"victory":false,"max_hp_per_floor":[68,67,66,65,64,63,62,61,67,66,65,64,63,62,61,60,59,58,57,56,55,54,53,52,51,50,49,48,47,46,45,44,43,42,41,40,39,38,37,37],"card_choices":[{"not_picked":["Backflip","Prepared"],"picked":"Flechettes","floor":1},{"not_picked":["Sucker Punch","Dagger Throw"],"picked":"Dagger Spray","floor":2},{"not_picked":["Deflect","Deadly Poison"],"picked":"Riddle With Holes","floor":3},{"not_picked":["Dagger Spray","Acrobatics"],"picked":"Quick Slash","floor":6},{"not_picked":["Heel Hook","Dagger Spray"],"picked":"Endless Agony","floor":7},{"not_picked":["Footwork","Bane"],"picked":"Burst","floor":10},{"not_picked":["Blade Dance","Backflip"],"picked":"Crippling Poison","floor":12},{"not_picked":["Storm of Steel","Masterful Stab"],"picked":"After Image","floor":14},{"not_picked":["Doppelganger","Phantasmal Killer"],"picked":"Die Die Die","floor":16},{"not_picked":["All Out Attack","Slice"],"picked":"Bane+1","floor":18},{"not_picked":["Flying Knee+1","Reflex+1"],"picked":"Slice+1","floor":21},{"not_picked":["Dash","PiercingWail+1"],"picked":"Blade Dance+1","floor":22},{"not_picked":["Backstab","Dodge and Roll+1"],"picked":"Venomology+1","floor":23},{"not_picked":["Blade Dance+1","Deadly Poison+1"],"picked":"Accuracy+1","floor":25},{"not_picked":["Quick Slash","Setup+1"],"picked":"Prepared+1","floor":27},{"not_picked":["Heel Hook","Flying Knee"],"picked":"Poisoned Stab+1","floor":29},{"not_picked":["Well Laid Plans+1","Expertise+1"],"picked":"Leg Sweep+1","floor":30},{"not_picked":["Bullet Time+1","Tools of the Trade"],"picked":"Envenom","floor":33},{"not_picked":["Flechettes","Underhanded Strike+1"],"picked":"Deadly Poison+1","floor":35},{"not_picked":["Slice","Flying Knee+1"],"picked":"Escape Plan+1","floor":37},{"not_picked":["Slice+1","Noxious Fumes"],"picked":"Catalyst+1","floor":39}],"player_experience":1872486,"relics_obtained":[{"floor":9,"key":"Strawberry"},{"floor":12,"key":"Odd Mushroom"},{"floor":14,"key":"Bag of Preparation"},{"floor":23,"key":"Dream Catcher"},{"floor":26,"key":"Whetstone"}],"event_choices":[{"event_name":"Scrap Ooze","player_choice":"success","floor":5,"damage_taken":3},{"event_name":"Living Wall","player_choice":"Change","floor":8,"damage_taken":0},{"event_name":"Mushrooms","player_choice":"Fought Mushrooms","floor":12,"damage_taken":0},{"event_name":"Drug Dealer","player_choice":"Got JAX","floor":20,"damage_taken":0},{"event_name":"Transmorgrifier","player_choice":"Transform","floor":31,"damage_taken":0},{"event_name":"Tomb of Lord Red Mask","player_choice":"Paid","floor":38,"damage_taken":0}],"is_beta":false,"boss_relics":[{"not_picked":["Pandora\u0027s Box","Busted Crown"],"picked":"Eternal Feather"},{"not_picked":["Snecko Eye","Lizard Tail"],"picked":"Cursed Key"}],"items_purged_floors":[4],"is_endless":false,"potions_floor_spawned":[1,6,7,12,14,27,29,30,33,39],"killed_by":"Giant Head","ascension_level":0}