{"gold_per_floor":[109,9,25,38,52,80,80,109,160,160,212,223,223,233,233,233],"floor_reached":16,"playtime":907,"items_purged":["Parasite"],"score":224,"play_id":"c4688547-a83b-44f2-8e3b-114ee79310cf","local_time":"20190810192419","is_ascension_mode":true,"campfire_choices":[{"data":"Armaments","floor":7,"key":"SMITH"},{"floor":10,"key":"REST"},{"data":"1","floor":13,"key":"LIFT"},{"data":"Uppercut","floor":15,"key":"SMITH"}],"neow_cost":"CURSE","seed_source_timestamp":574949180556428,"circlet_count":0,"master_deck":["AscendersBane","Strike_R","Strike_R","Strike_R","Strike_R","Strike_R","Defend_R","Defend_R","Defend_R","Defend_R","Bash","Perfected Strike","Armaments+1","Wild Strike","Shockwave","Ghostly Armor","Clothesline","Cleave","Uppercut+1","Bloodletting"],"special_seed":0,"relics":["Burning Blood","Girya","Singing Bowl","Vajra"],"potions_floor_usage":[6,16],"damage_taken":[{"damage":18.0,"enemies":"Cultist","floor":1.0,"turns":5.0},{"damage":12,"enemies":"Jaw Worm","floor":3,"turns":4},{"damage":2,"enemies":"2 Louse","floor":4,"turns":2},{"damage":14,"enemies":"Lots of Slimes","floor":5,"turns":4},{"damage":29,"enemies":"3 Sentries","floor":6,"turns":8},{"damage":25,"enemies":"Lagavulin","floor":8,"turns":8},{"damage":3,"enemies":"Gremlin Gang","floor":12,"turns":4},{"damage":4,"enemies":"Looter","floor":14,"turns":3},{"damage":48,"enemies":"Hexaghost","floor":16,"turns":10}],"seed_played":"-1053509506981538695","potions_obtained":[{"floor":5,"key":"Weak Potion"},{"floor":12,"key":"SkillPotion"}],"is_trial":false,"path_per_floor":["M","$","M","M","M","E","R","E","T","R","?","M","R","M","R","B"],"character_chosen":"IRONCLAD","items_purchased":["Armaments"],"campfire_rested":1,"item_purchase_floors":[2],"current_hp_per_floor":[70,70,64,68,60,37,37,18,18,43,43,46,46,48,48,0],"gold":233,"neow_bonus":"TWENTY_PERCENT_HP_BONUS","is_prod":false,"is_daily":false,"chose_seed":false,"campfire_upgraded":2,"win_rate":0,"timestamp":1565479459,"path_taken":["M","$","M","M","?","E","R","E","T","R","?","M","R","M","R","BOSS"],"build_version":"2019-01-23","purchased_purges":1,"victory":false,"max_hp_per_floor":[89,86,86,86,86,86,86,86,86,86,86,86,86,86,86,86],"card_choices":[{"not_picked":["True Grit","Cleave"],"picked":"Perfected Strike","floor":1.0},{"not_picked":["Flex","Juggernaut"],"picked":"Wild Strike","floor":3},{"not_picked":["Evolve","Anger"],"picked":"Shockwave","floor":4},{"not_picked":["Battle Trance","Warcry"],"picked":"Ghostly Armor","floor":5},{"not_picked":["Headbutt","Armaments"],"picked":"Clothesline","floor":6},{"not_picked":["Perfected Strike","Armaments"],"picked":"Cleave","floor":8},{"not_picked":["Cleave","Headbutt"],"picked":"Uppercut","floor":12},{"not_picked":["Blood for Blood","Flex"],"picked":"Bloodletting","floor":14}],"player_experience":2775300,"relics_obtained":[{"floor":6,"key":"Girya"},{"floor":8,"key":"Singing Bowl"},{"floor":9,"key":"Vajra"}],"event_choices":[{"damage_healed":0,"gold_gain":52,"player_choice":"Gained Gold","damage_taken":0,"max_hp_gain":0,"max_hp_loss":0,"event_name":"Golden Wing","floor":11,"gold_loss":0}],"is_beta":false,"boss_relics":[],"items_purged_floors":[2],"is_endless":false,"potions_floor_spawned":[5,12],"killed_by":"Hexaghost","ascension_level":20}