{"gold_per_floor":[366,2,15,34,49,49,59,87,164,164,191,201,226,239,239,313,313,327,6,25,35,10,10,43,57,109,129,129,179,179,29,29,29],"floor_reached":33,"playtime":2632,"items_purged":[],"score":703,"play_id":"ad0dcf9d-4aa1-4016-b85b-09a6c6e5e8eb","local_time":"20191028231405","is_ascension_mode":true,"campfire_choices":[{"data":"Bane","floor":6,"key":"SMITH"},{"data":"Infinite Blades","floor":10,"key":"SMITH"},{"data":"Dagger Spray","floor":15,"key":"SMITH"},{"floor":23,"key":"REST"},{"floor":28,"key":"REST"},{"data":"Apotheosis","floor":32,"key":"SMITH"}],"neow_cost":"TEN_PERCENT_HP_LOSS","seed_source_timestamp":2208040066256368,"circlet_count":0,"master_deck":["AscendersBane","Defend_G","Defend_G","Defend_G","Defend_G","Defend_G","Strike_G","Strike_G","Strike_G","Strike_G","Strike_G","Survivor","Neutralize","Flying Knee","Deadly Poison","Bane+1","Masterful Stab","Masterful Stab","Terror","Dagger Spray+1","Infinite Blades+1","PiercingWail","Glass Knife","Dodge and Roll","Phantasmal Killer","Cloak And Dagger","Apotheosis+1","Endless Agony","PiercingWail","Finisher","Dodge and Roll+1","Blade Dance","Crippling Poison","Blade Dance","Leg Sweep","Adrenaline"],"relics":["Ring of the Snake","Ornamental Fan","Sundial","Pantograph","Unceasing Top","Lantern","Lizard Tail","Juzu Bracelet","Art of War"],"potions_floor_usage":[3,11,16,16,21,27,33],"damage_taken":[{"damage":0,"enemies":"Cultist","floor":1,"turns":4},{"damage":0,"enemies":"Small Slimes","floor":3,"turns":2},{"damage":0,"enemies":"2 Louse","floor":4,"turns":3},{"damage":0,"enemies":"Large Slime","floor":5,"turns":6},{"damage":0,"enemies":"Blue Slaver","floor":7,"turns":2},{"damage":3,"enemies":"Gremlin Nob","floor":8,"turns":3},{"damage":0,"enemies":"Lagavulin","floor":11,"turns":4},{"damage":0,"enemies":"Looter","floor":12,"turns":3},{"damage":28,"enemies":"Gremlin Nob","floor":13,"turns":4},{"damage":8,"enemies":"Large Slime","floor":14,"turns":4},{"damage":4,"enemies":"Slime Boss","floor":16,"turns":7},{"damage":19,"enemies":"Shell Parasite","floor":18,"turns":5},{"damage":12,"enemies":"3 Byrds","floor":20,"turns":7},{"damage":11,"enemies":"Centurion and Healer","floor":21,"turns":7},{"damage":0,"enemies":"Gremlin Leader","floor":24,"turns":6},{"damage":20,"enemies":"Shelled Parasite and Fungi","floor":25,"turns":7},{"damage":27,"enemies":"Cultist and Chosen","floor":27,"turns":6},{"damage":68,"enemies":"Automaton","floor":33,"turns":8}],"seed_played":"3783249713613425533","potions_obtained":[{"floor":1,"key":"Poison Potion"},{"floor":7,"key":"Fire Potion"},{"floor":13,"key":"PowerPotion"},{"floor":14,"key":"Block Potion"},{"floor":20,"key":"GhostInAJar"},{"floor":25,"key":"FearPotion"},{"floor":27,"key":"GamblersBrew"}],"is_trial":false,"path_per_floor":["M","$","M","M","M","R","M","E","T","R","E","M","E","M","R","B",null,"M","$","M","M","$","R","E","M","T","M","R","?","?","$","R","B"],"character_chosen":"THE_SILENT","items_purchased":["Ornamental Fan","Deadly Poison","Bane","Apotheosis","Endless Agony","PiercingWail","Blade Dance","Adrenaline"],"campfire_rested":2,"item_purchase_floors":[2,2,2,19,19,19,22,31],"current_hp_per_floor":[59,59,59,59,59,59,59,56,56,56,56,56,28,20,20,41,55,36,36,24,13,13,31,31,11,11,17,35,35,35,35,35,0],"gold":29,"neow_bonus":"TWO_FIFTY_GOLD","is_prod":false,"is_daily":false,"chose_seed":false,"campfire_upgraded":4,"win_rate":0,"timestamp":1572318845,"path_taken":["M","$","M","M","M","R","M","E","T","R","E","M","E","M","R","BOSS","M","$","?","M","$","R","E","M","T","M","R","?","?","$","R","BOSS"],"build_version":"2019-01-23","purchased_purges":0,"victory":false,"max_hp_per_floor":[60,60,60,60,60,60,60,60,60,60,60,60,60,60,60,60,60,60,60,60,60,60,60,60,60,60,60,60,60,60,60,60,60],"card_choices":[{"not_picked":["Finisher","Concentrate"],"picked":"Flying Knee","floor":1},{"not_picked":["Calculated Gamble","Flying Knee"],"picked":"Masterful Stab","floor":3},{"not_picked":["Acrobatics","Catalyst"],"picked":"Masterful Stab","floor":4},{"not_picked":["Quick Slash","Deflect"],"picked":"Terror","floor":5},{"not_picked":["Underhanded Strike","Accuracy"],"picked":"Dagger Spray","floor":7},{"not_picked":["Bane","Outmaneuver"],"picked":"Infinite Blades","floor":8},{"not_picked":["Prepared","Underhanded Strike","Night Terror"],"picked":"SKIP","floor":11},{"not_picked":["Blade Dance","Deflect"],"picked":"PiercingWail","floor":12},{"not_picked":["Storm of Steel","Night Terror"],"picked":"Glass Knife","floor":13},{"not_picked":["Eviscerate","Heel Hook"],"picked":"Dodge and Roll","floor":14},{"not_picked":["Venomology","Die Die Die"],"picked":"Phantasmal Killer","floor":16},{"not_picked":["Infinite Blades","Backflip"],"picked":"Cloak And Dagger","floor":18},{"not_picked":["Flying Knee","Underhanded Strike+1"],"picked":"Finisher","floor":20},{"not_picked":["Deadly Poison","Riddle With Holes"],"picked":"Dodge and Roll+1","floor":21},{"not_picked":["PiercingWail","Prepared"],"picked":"Crippling Poison","floor":24},{"not_picked":["Terror","Prepared"],"picked":"Blade Dance","floor":25},{"not_picked":["Underhanded Strike","Quick Slash"],"picked":"Leg Sweep","floor":27}],"player_experience":3088987,"relics_obtained":[{"floor":8,"key":"Sundial"},{"floor":9,"key":"Pantograph"},{"floor":11,"key":"Unceasing Top"},{"floor":13,"key":"Lantern"},{"floor":24,"key":"Juzu Bracelet"},{"floor":26,"key":"Art of War"}],"event_choices":[{"damage_healed":0,"gold_gain":50,"player_choice":"Stole From Cult","damage_taken":0,"max_hp_gain":0,"max_hp_loss":0,"event_name":"Nest","floor":29,"gold_loss":0},{"damage_healed":0,"gold_gain":0,"player_choice":"Ignored","damage_taken":0,"max_hp_gain":0,"max_hp_loss":0,"event_name":"The Mausoleum","floor":30,"gold_loss":0}],"is_beta":false,"boss_relics":[{"not_picked":["WristBlade","Snecko Eye"],"picked":"Lizard Tail"}],"items_purged_floors":[],"is_endless":false,"potions_floor_spawned":[1,7,13,14,20,25,27],"killed_by":"Automaton","ascension_level":20}