{"gold_per_floor":[110,110,110,121,134,164,36,48,48,48,76,76,103,113,113,192,192,212,212,226,245,259,290,290,290,314,342,342,358,358,25,25,98,98,117,136,0,12,12,27,27,27],"floor_reached":42,"playtime":3662,"items_purged":[],"score":874,"play_id":"abd1a237-790d-4fc2-8621-76ae01c68b02","local_time":"20190702025845","is_ascension_mode":true,"campfire_choices":[{"floor":10.0,"key":"REST"},{"data":"Neutralize","floor":12.0,"key":"SMITH"},{"floor":15.0,"key":"REST"},{"floor":25.0,"key":"REST"},{"floor":28.0,"key":"REST"},{"data":"Bouncing Flask","floor":32.0,"key":"SMITH"}],"neow_cost":"NONE","seed_source_timestamp":16458914225009,"circlet_count":0,"master_deck":["AscendersBane","Defend_G","Defend_G","Strike_G","Strike_G","Strike_G","Survivor","Neutralize+1","Backflip","Well Laid Plans","Quick Slash","Deadly Poison","Terror","Footwork","Deflect","Skewer","Bane","Flying Knee","Corpse Explosion","Venomology+1","Deflect+1","Dagger Throw+1","Backflip","Infinite Blades+1","Noxious Fumes","Bouncing Flask+1","Riddle With Holes","PiercingWail","Tools of the Trade","Poisoned Stab+1","Concentrate","Dodge and Roll","Glass Knife"],"special_seed":0,"relics":["Ring of the Snake","NeowsBlessing","Anchor","Mummified Hand","Pocketwatch","Omamori","Astrolabe","Orichalcum","Vajra","Potion Belt","Kunai","Black Star","Red Mask","Centennial Puzzle"],"potions_floor_usage":[38,38,40,40],"damage_taken":[{"damage":0.0,"enemies":"2 Louse","floor":1.0,"turns":1.0},{"damage":0.0,"enemies":"Small Slimes","floor":4.0,"turns":1.0},{"damage":0.0,"enemies":"Cultist","floor":5.0,"turns":1.0},{"damage":36.0,"enemies":"Lagavulin","floor":6.0,"turns":9.0},{"damage":14.0,"enemies":"Lots of Slimes","floor":8.0,"turns":7.0},{"damage":20.0,"enemies":"3 Sentries","floor":11.0,"turns":10.0},{"damage":3.0,"enemies":"Exordium Thugs","floor":14.0,"turns":5.0},{"damage":1.0,"enemies":"Hexaghost","floor":16.0,"turns":9.0},{"damage":0.0,"enemies":"3 Byrds","floor":18.0,"turns":2.0},{"damage":12.0,"enemies":"2 Thieves","floor":20.0,"turns":3.0},{"damage":5.0,"enemies":"Centurion and Healer","floor":21.0,"turns":4.0},{"damage":0.0,"enemies":"3 Cultists","floor":22.0,"turns":3.0},{"damage":1.0,"enemies":"Slavers","floor":23.0,"turns":3.0},{"damage":10.0,"enemies":"Colosseum Slavers","floor":24.0,"turns":3.0},{"damage":27.0,"enemies":"Gremlin Leader","floor":27.0,"turns":7.0},{"damage":5.0,"enemies":"Cultist and Chosen","floor":29.0,"turns":4.0},{"damage":41.0,"enemies":"Automaton","floor":33.0,"turns":10.0},{"damage":3.0,"enemies":"Orb Walker","floor":35.0,"turns":4.0},{"damage":6.0,"enemies":"3 Shapes","floor":36.0,"turns":6.0},{"damage":25,"enemies":"Maw","floor":38,"turns":7},{"damage":20,"enemies":"Transient","floor":40,"turns":6},{"damage":7,"enemies":"4 Shapes","floor":42,"turns":1}],"seed_played":"3049300385084142064","potions_obtained":[{"floor":4.0,"key":"Explosive Potion"},{"floor":6.0,"key":"Ancient Potion"},{"floor":8.0,"key":"Regen Potion"},{"floor":20.0,"key":"Explosive Potion"},{"floor":27.0,"key":"FairyPotion"},{"floor":29.0,"key":"Fire Potion"},{"floor":35.0,"key":"SteroidPotion"},{"floor":40,"key":"SteroidPotion"}],"is_trial":false,"path_per_floor":["M","?","?","M","M","E","$","M","T","R","E","R","T","M","R","B",null,"M","?","M","M","M","E","?","R","T","E","R","M","?","$","R","B",null,"M","M","?","M","?","M","?","M"],"character_chosen":"THE_SILENT","items_purchased":["Footwork","Deflect","Kunai","PiercingWail"],"campfire_rested":4,"item_purchase_floors":[7,7,31,31],"current_hp_per_floor":[59,59,59,59,59,23,23,9,9,28,23,23,23,20,39,38,59,59,53,41,36,36,35,25,44,44,17,36,31,44,44,44,3,50,47,41,41,16,16,6,6,0],"gold":27,"neow_bonus":"THREE_ENEMY_KILL","is_prod":false,"is_daily":false,"chose_seed":false,"campfire_upgraded":2,"win_rate":0,"timestamp":1562050725,"path_taken":["M","?","?","M","?","E","?","M","T","R","E","R","?","M","R","BOSS","M","?","M","M","?","E","?","R","T","E","R","M","?","$","R","BOSS","M","M","?","M","?","M","?","M"],"build_version":"2019-01-23","purchased_purges":0,"victory":false,"max_hp_per_floor":[66,66,66,66,66,66,66,66,66,66,66,66,66,66,66,66,66,66,66,66,66,66,66,66,66,66,66,66,66,66,66,66,66,66,66,66,66,66,66,66,66,66],"card_choices":[{"not_picked":["Flying Knee","Sucker Punch"],"picked":"Backflip","floor":1.0},{"not_picked":["Calculated Gamble","All Out Attack"],"picked":"Quick Slash","floor":4.0},{"not_picked":["Blade Dance","Sucker Punch"],"picked":"Deadly Poison","floor":5.0},{"not_picked":["Quick Slash","Outmaneuver"],"picked":"Terror","floor":6.0},{"not_picked":["Sucker Punch","Outmaneuver"],"picked":"Skewer","floor":8.0},{"not_picked":["Well Laid Plans","Deflect"],"picked":"Bane","floor":11.0},{"not_picked":["Underhanded Strike","Doppelganger"],"picked":"Flying Knee","floor":14.0},{"not_picked":["Glass Knife","Bullet Time"],"picked":"Corpse Explosion","floor":16.0},{"not_picked":["Slice","Blade Dance","Quick Slash"],"picked":"SKIP","floor":18.0},{"not_picked":["Acrobatics","Infinite Blades"],"picked":"Backflip","floor":20.0},{"not_picked":["Quick Slash","Underhanded Strike","Flying Knee"],"picked":"SKIP","floor":21.0},{"not_picked":["Sucker Punch","Underhanded Strike"],"picked":"Infinite Blades+1","floor":22.0},{"not_picked":["Caltrops","Infinite Blades+1"],"picked":"Noxious Fumes","floor":23.0},{"not_picked":["Expertise","Prepared"],"picked":"Bouncing Flask","floor":27.0},{"not_picked":["Bane","Sucker Punch"],"picked":"Riddle With Holes","floor":29.0},{"not_picked":["Corpse Explosion","Grand Finale"],"picked":"Tools of the Trade","floor":33.0},{"not_picked":["Dagger Throw+1","Slice"],"picked":"Poisoned Stab+1","floor":35.0},{"not_picked":["Outmaneuver","Dagger Spray+1"],"picked":"Concentrate","floor":36.0},{"not_picked":["Flying Knee","Terror+1"],"picked":"Dodge and Roll","floor":38},{"not_picked":["Dagger Throw","Backflip"],"picked":"Glass Knife","floor":40}],"player_experience":2656259,"relics_obtained":[{"floor":6.0,"key":"Anchor"},{"floor":9.0,"key":"Mummified Hand"},{"floor":11.0,"key":"Pocketwatch"},{"floor":13.0,"key":"Omamori"},{"floor":23.0,"key":"Orichalcum"},{"floor":26.0,"key":"Vajra"},{"floor":27.0,"key":"Potion Belt"}],"event_choices":[{"damage_healed":0.0,"max_hp_gain":0.0,"max_hp_loss":0.0,"gold_gain":0.0,"event_name":"Liars Game","player_choice":"Ignored","floor":2.0,"gold_loss":0.0,"damage_taken":0.0},{"damage_healed":0.0,"max_hp_gain":0.0,"max_hp_loss":0.0,"gold_gain":0.0,"cards_transformed":["Strike_G"],"event_name":"Transmorgrifier","player_choice":"Transformed","floor":3.0,"gold_loss":0.0,"damage_taken":0.0,"cards_obtained":["Well Laid Plans"]},{"damage_healed":0.0,"max_hp_gain":0.0,"max_hp_loss":0.0,"gold_gain":0.0,"event_name":"Knowing Skull","player_choice":"","floor":19.0,"potions_obtained":[],"gold_loss":0.0,"damage_taken":6.0,"cards_obtained":[]},{"damage_healed":0.0,"max_hp_gain":0.0,"max_hp_loss":0.0,"gold_gain":0.0,"event_name":"Colosseum","player_choice":"Fight","floor":24.0,"gold_loss":0.0,"damage_taken":0.0},{"damage_healed":0.0,"max_hp_gain":0.0,"max_hp_loss":0.0,"gold_gain":0.0,"event_name":"Colosseum","player_choice":"Fled From Nobs","floor":24.0,"gold_loss":0.0,"damage_taken":0.0},{"damage_healed":13.0,"max_hp_gain":0.0,"max_hp_loss":0.0,"gold_gain":0.0,"event_name":"The Library","player_choice":"Heal","floor":30.0,"gold_loss":0.0,"damage_taken":0.0},{"damage_healed":0.0,"max_hp_gain":0.0,"max_hp_loss":0.0,"gold_gain":0.0,"event_name":"Tomb of Lord Red Mask","player_choice":"Paid","floor":37.0,"gold_loss":136.0,"damage_taken":0.0,"relics_obtained":["Red Mask"]},{"cards_removed":["Defend_G"],"damage_healed":0,"gold_gain":0,"player_choice":"Removed Skill","damage_taken":0,"max_hp_gain":0,"max_hp_loss":0,"event_name":"Falling","floor":39,"gold_loss":0},{"damage_healed":0,"gold_gain":0,"player_choice":"Gave Potion","damage_taken":0,"relics_obtained":["Centennial Puzzle"],"max_hp_gain":0,"max_hp_loss":0,"event_name":"WeMeetAgain","floor":41,"gold_loss":0}],"is_beta":false,"boss_relics":[{"not_picked":["Ectoplasm","Pandora\u0027s Box"],"picked":"Astrolabe"},{"not_picked":["Runic Pyramid","Empty Cage"],"picked":"Black Star"}],"items_purged_floors":[],"is_endless":false,"potions_floor_spawned":[4,6,8,20,24,27,29,35,40],"killed_by":"4 Shapes","ascension_level":19}