{"path_per_floor":["M","M","?","M","M","R","E","M","T","R","M","R","M","M","R","B",null,"M","?","?","$","?","R","M","$","T"],"character_chosen":"IRONCLAD","items_purchased":["Molten Egg 2"],"gold_per_floor":[14,27,27,47,65,65,95,111,111,111,122,122,142,156,156,252,252,268,268,268,7,7,7,20,20,72],"floor_reached":27,"campfire_rested":3,"playtime":16257,"current_hp_per_floor":[80,80,80,71,46,70,42,42,42,66,72,72,70,74,74,54,80,70,70,54,54,39,64,69,69,69],"items_purged":[],"gold":72,"play_id":"d061b70d-0a04-4f6d-baea-3143ae4f376b","is_prod":false,"is_daily":false,"is_ascension_mode":false,"campfire_upgraded":2,"path_taken":["M","M","?","M","M","R","E","M","T","R","M","R","M","M","R","BOSS","M","?","?","$","?","R","M","?","T","M"],"build_version":"2018-02-01-PROD3","purchased_purges":0,"victory":false,"master_deck":["Strike_R","Strike_R","Strike_R","Strike_R","Defend_R","Defend_R+1","Defend_R+1","Defend_R","Bash","Fire Breathing","Searing Blow","Inflame","Thunderclap","Thunderclap+1","Uppercut","Combust","Clash","Shockwave+1","Impervious","Twin Strike+1","Necronomicurse","Sword Boomerang+1"],"max_hp_per_floor":[80,80,80,80,80,80,80,80,80,80,80,80,80,80,80,80,80,80,80,80,80,85,85,85,85,85],"relics":["Burning Blood","Champion Belt","Mummified Hand","War Paint","Mark of Pain","Necronomicon","Molten Egg 2","Blood Vial"],"card_choices":[{"not_picked":["Perfected Strike","Cleave"],"picked":"Fire Breathing"},{"not_picked":["Fire Breathing","Thunderclap"],"picked":"Searing Blow"},{"not_picked":["Cleave","Shrug It Off"],"picked":"Inflame"},{"not_picked":["Intimidate","Body Slam"],"picked":"Thunderclap"},{"not_picked":["Infernal Blade","Headbutt"],"picked":"Thunderclap"},{"not_picked":["Whirlwind","Twin Strike"],"picked":"Uppercut"},{"not_picked":["Shrug It Off","Anger"],"picked":"Combust"},{"not_picked":["True Grit","Corruption"],"picked":"Clash"},{"not_picked":["Clash","Clothesline"],"picked":"Shockwave"},{"not_picked":["Fiend Fire","Limit Break"],"picked":"Impervious"},{"not_picked":["Pummel","Sword Boomerang"],"picked":"Twin Strike"},{"not_picked":["Infernal Blade","Offering"],"picked":"Sword Boomerang"}],"player_experience":28924,"potions_floor_usage":[],"damage_taken":[{"damage":4.0,"enemies":"2 Louse","floor":1.0,"turns":4.0},{"damage":4.0,"enemies":"Cultist","floor":2.0,"turns":5.0},{"damage":15.0,"enemies":"Blue Slaver","floor":4.0,"turns":5.0},{"damage":31.0,"enemies":"Large Slime","floor":5.0,"turns":6.0},{"damage":34.0,"enemies":"3 Sentries","floor":7.0,"turns":7.0},{"damage":6.0,"enemies":"Looter","floor":8.0,"turns":4.0},{"damage":0.0,"enemies":"2 Fungi Beasts","floor":11.0,"turns":4.0},{"damage":8.0,"enemies":"Exordium Thugs","floor":13.0,"turns":4.0},{"damage":2.0,"enemies":"Looter","floor":14.0,"turns":4.0},{"damage":32.0,"enemies":"Hexaghost","floor":16.0,"turns":9.0},{"damage":16.0,"enemies":"2 Thieves","floor":18.0,"turns":4.0},{"damage":1.0,"enemies":"3 Byrds","floor":24.0,"turns":4.0},{"damage":0,"enemies":"Sentry and Sphere","floor":27,"turns":1}],"event_choices":[{"event_name":"Purifier","player_choice":"One Purge","floor":3.0,"damage_taken":0.0},{"event_name":"Beggar","player_choice":"Ignored","floor":19.0,"damage_taken":0.0},{"event_name":"Cursed Tome","player_choice":"Obtained Book","floor":20.0,"damage_taken":0.0},{"event_name":"Forgotten Altar","player_choice":"Shed Blood","floor":22.0,"damage_taken":0.0}],"boss_relics":[],"potions_floor_spawned":[5,7,11,13,14,16,18],"seed_played":"-8502176675218383510","killed_by":"Sentry and Sphere","ascension_level":0,"is_trial":false}