{"gold_per_floor":[116,41,116,130,130,156,156,172,197,209,13,30,41,57,57,134,134,152,168,27,38,38],"floor_reached":22,"playtime":1443,"items_purged":["Strike_G","Strike_G"],"score":430,"play_id":"ad5d9b9c-cbe0-4402-916e-fc63f8e1d120","local_time":"20191025175504","is_ascension_mode":true,"campfire_choices":[{"floor":7,"key":"REST"},{"data":"Catalyst","floor":15,"key":"SMITH"}],"neow_cost":"NONE","seed_source_timestamp":2163375091902312,"circlet_count":0,"master_deck":["AscendersBane","Defend_G","Defend_G","Defend_G","Defend_G","Defend_G","Strike_G+1","Strike_G+1","Survivor","Neutralize","Dagger Throw+1","Sucker Punch+1","Glass Knife","Deadly Poison","Crippling Poison","Footwork","Deadly Poison","Leg Sweep","After Image","Catalyst+1","Burst","Dagger Spray","Footwork","PiercingWail","PiercingWail"],"relics":["Ring of the Snake","NeowsBlessing","Smiling Mask","Whetstone","Cursed Key"],"potions_floor_usage":[16,16,21,22],"damage_taken":[{"damage":0,"enemies":"Small Slimes","floor":1,"turns":1},{"damage":0,"enemies":"2 Louse","floor":4,"turns":1},{"damage":0,"enemies":"Lagavulin","floor":6,"turns":1},{"damage":1,"enemies":"Jaw Worm","floor":8,"turns":2},{"damage":2,"enemies":"2 Fungi Beasts","floor":10,"turns":3},{"damage":9,"enemies":"Exordium Thugs","floor":12,"turns":4},{"damage":1,"enemies":"Looter","floor":13,"turns":3},{"damage":0,"enemies":"Red Slaver","floor":14,"turns":3},{"damage":7,"enemies":"The Guardian","floor":16,"turns":9},{"damage":22,"enemies":"Chosen","floor":18,"turns":4},{"damage":0,"enemies":"3 Byrds","floor":19,"turns":5},{"damage":8,"enemies":"3 Cultists","floor":21,"turns":5},{"damage":34,"enemies":"Centurion and Healer","floor":22,"turns":9}],"seed_played":"-2726040448754368311","potions_obtained":[{"floor":6,"key":"Strength Potion"},{"floor":8,"key":"LiquidBronze"},{"floor":18,"key":"Block Potion"},{"floor":21,"key":"PowerPotion"}],"is_trial":false,"path_per_floor":["M","?","?","M","?","E","R","M","T","M","$","M","M","M","R","B",null,"M","M","$","M","M"],"character_chosen":"THE_SILENT","items_purchased":["Footwork","Deadly Poison","Footwork","PiercingWail"],"campfire_rested":1,"item_purchase_floors":[11,11,20,20],"current_hp_per_floor":[59,59,48,48,28,28,47,46,46,44,44,35,34,34,34,27,56,34,34,34,26,0],"gold":38,"neow_bonus":"THREE_ENEMY_KILL","is_prod":false,"is_daily":false,"chose_seed":false,"campfire_upgraded":1,"win_rate":0,"timestamp":1572040504,"path_taken":["M","?","?","M","?","E","R","M","T","?","$","M","M","M","R","BOSS","M","M","$","M","M"],"build_version":"2019-01-23","purchased_purges":2,"victory":false,"max_hp_per_floor":[66,66,66,66,66,66,66,66,66,66,66,66,66,66,66,66,66,66,66,66,66,66],"card_choices":[{"not_picked":["Backflip","Blur"],"picked":"Dagger Throw","floor":1},{"not_picked":["Quick Slash","Dagger Throw"],"picked":"Sucker Punch","floor":4},{"not_picked":["Sucker Punch","Doppelganger"],"picked":"Glass Knife","floor":6},{"not_picked":["Accuracy","Distraction"],"picked":"Deadly Poison","floor":8},{"not_picked":["Acrobatics","Bane"],"picked":"Crippling Poison","floor":10},{"not_picked":["Sucker Punch","Backstab"],"picked":"Leg Sweep","floor":12},{"not_picked":["Deadly Poison","Quick Slash"],"picked":"After Image","floor":13},{"not_picked":["Dodge and Roll","Eviscerate"],"picked":"Catalyst","floor":14},{"not_picked":["Die Die Die","A Thousand Cuts"],"picked":"Burst","floor":16},{"not_picked":["Eviscerate","Underhanded Strike","Acrobatics"],"picked":"SKIP","floor":18},{"not_picked":["Dagger Throw","Deflect"],"picked":"Dagger Spray","floor":19},{"not_picked":["Setup+1","Deflect"],"picked":"PiercingWail","floor":21}],"player_experience":3072502,"relics_obtained":[{"floor":6,"key":"Smiling Mask"},{"floor":9,"key":"Whetstone"}],"event_choices":[{"cards_removed":["Strike_G"],"damage_healed":0,"gold_gain":0,"player_choice":"Card Removal","damage_taken":0,"max_hp_gain":0,"max_hp_loss":0,"event_name":"The Cleric","floor":2,"gold_loss":75},{"damage_healed":0,"gold_gain":75,"player_choice":"Gather Gold","damage_taken":11,"max_hp_gain":0,"max_hp_loss":0,"event_name":"World of Goop","floor":3,"gold_loss":0},{"damage_healed":0,"gold_gain":0,"player_choice":"Entered Light","damage_taken":20,"max_hp_gain":0,"max_hp_loss":0,"event_name":"Shining Light","floor":5,"gold_loss":0,"cards_upgraded":["Dagger Throw","Sucker Punch"]}],"is_beta":false,"boss_relics":[{"not_picked":["Philosopher\u0027s Stone","Runic Dome"],"picked":"Cursed Key"}],"items_purged_floors":[11,20],"is_endless":false,"potions_floor_spawned":[6,8,13,14,18,21],"killed_by":"Centurion and Healer","ascension_level":20}