{"gold_per_floor":[116,116,66,66,79,79,79,79,79,25,39,57,74,74,74,176,176,195,195,205,205,84,84,112,112,135,135,145,165,165,181,181,181],"floor_reached":33,"playtime":2394,"items_purged":["Defend_B"],"score":306,"play_id":"99665c4a-cc59-487e-84d3-6be6234b8ac1","local_time":"20180808220957","is_ascension_mode":true,"campfire_choices":[{"data":"Rainbow","floor":6,"key":"SMITH"},{"data":"Zap","floor":8,"key":"SMITH"},{"floor":15,"key":"REST"},{"data":"Echo Form","floor":23,"key":"SMITH"},{"floor":25,"key":"REST"},{"floor":32,"key":"REST"}],"neow_cost":"NONE","seed_source_timestamp":201299392440501,"circlet_count":0,"master_deck":["Strike_B","Strike_B","Strike_B","Defend_B","Defend_B","Zap+1","Dualcast+1","Rainbow+1","Defragment+1","BootSequence","Conserve Battery","Redo+1","Compile Driver","Rebound","Echo Form+1","Streamline","Sunder","Darkness+1","Leap+1","Double Energy","Turbo","Turbo","Tempest+1"],"relics":["Cracked Core","Anchor","Omamori","Busted Crown","Frozen Egg 2","War Paint","DataDisk"],"potions_floor_usage":[16,18,24,33],"damage_taken":[{"damage":7,"enemies":"Jaw Worm","floor":1,"turns":3},{"damage":0,"enemies":"Small Slimes","floor":5,"turns":3},{"damage":2,"enemies":"Cultist","floor":11,"turns":3},{"damage":8,"enemies":"3 Louse","floor":12,"turns":4},{"damage":0,"enemies":"Looter","floor":13,"turns":2},{"damage":37,"enemies":"Slime Boss","floor":16,"turns":8},{"damage":14,"enemies":"3 Byrds","floor":18,"turns":4},{"damage":0,"enemies":"Chosen","floor":20,"turns":3},{"damage":24,"enemies":"Slavers","floor":24,"turns":4},{"damage":7,"enemies":"Centurion and Healer","floor":28,"turns":4},{"damage":21,"enemies":"Snecko","floor":29,"turns":5},{"damage":12,"enemies":"Snake Plant","floor":31,"turns":3},{"damage":42,"enemies":"Collector","floor":33,"turns":5}],"seed_played":"-3646887682484575529","potions_obtained":[{"floor":5,"key":"Dexterity Potion"},{"floor":11,"key":"Poison Potion"},{"floor":18,"key":"FearPotion"},{"floor":24,"key":"Ancient Potion"},{"floor":31,"key":"Energy Potion"}],"is_trial":false,"path_per_floor":["M","?","?","?","M","R","?","R","T","$","M","M","M","?","R","B",null,"M","?","M","?","$","R","E","R","T","T","M","M","?","M","R"],"character_chosen":"DEFECT","items_purchased":["Conserve Battery","Leap"],"campfire_rested":3,"item_purchase_floors":[10,22],"current_hp_per_floor":[68,68,68,50,50,50,50,50,50,50,48,40,40,40,62,25,75,61,61,61,61,61,61,37,59,59,59,52,31,31,19,41,0],"gold":181,"neow_bonus":"ONE_RANDOM_RARE_CARD","is_prod":false,"is_daily":false,"chose_seed":false,"campfire_upgraded":3,"win_rate":0,"timestamp":1533780597,"path_taken":["M","?","?","?","?","R","?","R","T","$","M","M","M","?","R","BOSS","M","?","M","?","$","R","E","R","T","?","?","M","?","M","R","BOSS"],"build_version":"2018-08-02","purchased_purges":1,"victory":false,"max_hp_per_floor":[75,75,75,75,75,75,75,75,75,75,75,75,75,75,75,75,75,75,75,75,75,75,75,75,75,75,75,75,75,75,75,75,75],"card_choices":[{"not_picked":["Redo","Leap"],"picked":"Defragment","floor":1},{"not_picked":["Static Discharge","Rebound"],"picked":"BootSequence","floor":5},{"not_picked":["Hologram","Leap"],"picked":"Redo","floor":11},{"not_picked":["Force Field","Capacitor"],"picked":"Compile Driver","floor":12},{"not_picked":["Chill","Melter"],"picked":"Rebound","floor":13},{"not_picked":["Multi-Cast","Hyperbeam"],"picked":"Echo Form","floor":16},{"not_picked":[],"picked":"Streamline","floor":18},{"not_picked":[],"picked":"Darkness+1","floor":20},{"not_picked":[],"picked":"Double Energy","floor":24},{"not_picked":[],"picked":"Turbo","floor":28},{"not_picked":[],"picked":"Turbo","floor":29},{"not_picked":[],"picked":"Tempest+1","floor":31}],"player_experience":1488592,"relics_obtained":[{"floor":9,"key":"Omamori"},{"floor":24,"key":"Frozen Egg 2"},{"floor":26,"key":"War Paint"},{"floor":27,"key":"DataDisk"}],"event_choices":[{"event_name":"Liars Game","player_choice":"disagreed","floor":2,"damage_taken":0},{"event_name":"The Cleric","player_choice":"Card Removal","floor":3,"damage_taken":0},{"event_name":"Scrap Ooze","player_choice":"success","floor":4,"damage_taken":18},{"event_name":"Living Wall","player_choice":"Grow","floor":7,"damage_taken":0},{"event_name":"Upgrade Shrine","player_choice":"Upgraded","floor":14,"damage_taken":0},{"event_name":"The Library","player_choice":"Read","floor":19,"damage_taken":0},{"event_name":"Back to Basics","player_choice":"Elegance","floor":21,"damage_taken":0},{"event_name":"Cursed Tome","player_choice":"Ignored","floor":30,"damage_taken":0}],"is_beta":false,"boss_relics":[{"not_picked":["White Beast Statue","Orrery"],"picked":"Busted Crown"}],"items_purged_floors":[22],"is_endless":false,"potions_floor_spawned":[5,11,18,24,31],"killed_by":"Collector","ascension_level":4}