{"gold_per_floor":[114,114,129,129,144,144,159,159,184,214,214,244,34,49,49,149,149,164,179,179,179,179,179,179,209,259,319,319,349,349,379,379,479,479,494,502,502,48,0,0,0,0,0,30,30,60,75,75,75,75],"floor_reached":51,"playtime":5867,"items_purged":["Slice","Writhe"],"score":983,"play_id":"33b58a2d-d968-4714-a653-c433e67078e7","local_time":"20191009231206","daily_mods":["Insanity","Vintage","Elite Swarm"],"is_ascension_mode":false,"campfire_choices":[{"data":"Infinite Blades","floor":6,"key":"SMITH"},{"data":"Concentrate","floor":8,"key":"SMITH"},{"data":"Wraith Form v2","floor":11,"key":"SMITH"},{"data":"Concentrate","floor":15,"key":"SMITH"},{"floor":23,"key":"REST"},{"data":"Backflip","floor":28,"key":"SMITH"},{"data":"Cloak And Dagger","floor":30,"key":"SMITH"},{"data":"Quick Slash","floor":32,"key":"SMITH"},{"data":"Mayhem","floor":40,"key":"SMITH"},{"data":"Footwork","floor":42,"key":"SMITH"},{"data":"After Image","floor":49,"key":"SMITH"}],"neow_cost":"","seed_source_timestamp":0,"circlet_count":0,"master_deck":["Cloak And Dagger","PiercingWail","Acrobatics","Quick Slash+1","Footwork","Heel Hook","Dagger Spray","Prepared","Bouncing Flask","Sucker Punch","Poisoned Stab","Backflip+1","Outmaneuver","Acrobatics","Footwork+1","Concentrate+1","Dagger Spray","Distraction","Cloak And Dagger","Infinite Blades+1","Blur","Endless Agony","Quick Slash","Outmaneuver+1","Cloak And Dagger+1","Bane","Cloak And Dagger","Poisoned Stab","Deadly Poison","Poisoned Stab","Slice","Underhanded Strike","Concentrate+1","Riddle With Holes","Accuracy","PiercingWail","Deflect","Sucker Punch","Dagger Spray","Flying Knee","Quick Slash","Deflect","Quick Slash","Poisoned Stab","Deadly Poison","Acrobatics+1","Underhanded Strike","Wraith Form v2+1","Night Terror+1","Discovery+1","Burst+1","Bullet Time+1","Die Die Die","Bullet Time+1","Die Die Die+1","A Thousand Cuts","Cloak And Dagger+1","Mayhem+1","Noxious Fumes","Wraith Form v2+1","After Image+1"],"special_seed":18178,"relics":["Ring of the Serpent","Bag of Preparation","Juzu Bracelet","Toxic Egg 2","Centennial Puzzle","Smiling Mask","Bronze Scales","StoneCalendar","Bottled Tornado","Meat on the Bone","Dodecahedron","MutagenicStrength","Nilry\u0027s Codex","Darkstone Periapt","WingedGreaves","Anchor","Tiny Chest","Strawberry","Molten Egg 2","Sozu","War Paint","Ice Cream","Oddly Smooth Stone","Red Mask","Singing Bowl","Bottled Lightning","Omamori","Regal Pillow"],"potions_floor_usage":[10,10,16,16,29],"damage_taken":[{"damage":6,"enemies":"Jaw Worm","floor":1,"turns":2},{"damage":0,"enemies":"2 Louse","floor":3,"turns":3},{"damage":0,"enemies":"Small Slimes","floor":5,"turns":3},{"damage":12,"enemies":"3 Louse","floor":7,"turns":4},{"damage":3,"enemies":"3 Sentries","floor":10,"turns":3},{"damage":0,"enemies":"Lagavulin","floor":12,"turns":6},{"damage":1,"enemies":"Blue Slaver","floor":14,"turns":3},{"damage":8,"enemies":"The Guardian","floor":16,"turns":9},{"damage":15,"enemies":"2 Thieves","floor":18,"turns":4},{"damage":3,"enemies":"Shell Parasite","floor":19,"turns":3},{"damage":30,"enemies":"Gremlin Leader","floor":25,"turns":7},{"damage":15,"enemies":"Book of Stabbing","floor":27,"turns":6},{"damage":3,"enemies":"Slavers","floor":29,"turns":4},{"damage":8,"enemies":"Book of Stabbing","floor":31,"turns":4},{"damage":19,"enemies":"Collector","floor":33,"turns":8},{"damage":6,"enemies":"3 Darklings","floor":35,"turns":5},{"damage":39,"enemies":"2 Orb Walkers","floor":36,"turns":4},{"damage":19,"enemies":"Giant Head","floor":44,"turns":7},{"damage":0,"enemies":"Nemesis","floor":46,"turns":5},{"damage":1,"enemies":"Orb Walker","floor":47,"turns":3},{"damage":6,"enemies":"Donu and Deca","floor":50,"turns":8}],"seed_played":"-6527915899427818552","potions_obtained":[{"floor":1,"key":"PowerPotion"},{"floor":7,"key":"Energy Potion"},{"floor":12,"key":"Ancient Potion"},{"floor":27,"key":"AttackPotion"},{"floor":31,"key":"SteroidPotion"}],"is_trial":false,"path_per_floor":["M","?","M","?","M","R","M","R","T","E","R","E","$","M","R","B",null,"M","M","?","?","?","R","T","E","T","E","R","E","R","E","R","B",null,"M","?","?","$","?","R","?","R","T","E","?","E","M","$","R","B",null],"character_chosen":"THE_SILENT","items_purchased":["GhostInAJar","Discovery+1","Mayhem","Oddly Smooth Stone","Noxious Fumes"],"campfire_rested":1,"item_purchase_floors":[13,13,38,38,38],"current_hp_per_floor":[64,57,57,62,62,62,50,50,50,47,47,47,47,46,46,38,75,60,57,57,41,41,63,63,45,45,42,42,46,46,50,50,43,82,76,49,76,76,76,76,76,76,76,57,57,57,56,56,56,50],"gold":75,"neow_bonus":"","is_prod":false,"is_daily":true,"chose_seed":false,"campfire_upgraded":10,"win_rate":0,"timestamp":1570633926,"path_taken":["M","?","M","?","M","R","M","R","T","E","R","E","$","M","R","BOSS","M","M","?","?","?","R","?","E","T","E","R","E","R","E","R","BOSS","M","?","?","$","?","R","?","R","T","E","?","E","M","?","R","BOSS"],"build_version":"2019-07-17","purchased_purges":2,"victory":true,"max_hp_per_floor":[70,70,70,75,75,75,75,75,75,75,75,75,75,75,75,75,75,75,75,75,75,75,75,75,75,75,75,75,82,82,82,82,82,82,82,82,88,88,88,88,88,88,88,88,88,88,88,88,88,88],"card_choices":[{"not_picked":["After Image","Envenom"],"picked":"Wraith Form v2","floor":10},{"not_picked":["Malaise+1","Tools of the Trade"],"picked":"Night Terror+1","floor":12},{"not_picked":["Unload","A Thousand Cuts"],"picked":"Burst+1","floor":16},{"not_picked":["Storm of Steel+1","Malaise+1"],"picked":"Bullet Time+1","floor":25},{"not_picked":["Grand Finale","Venomology+1"],"picked":"Die Die Die","floor":27},{"not_picked":["Wraith Form v2","After Image"],"picked":"Bullet Time+1","floor":29},{"not_picked":["Glass Knife","A Thousand Cuts"],"picked":"Die Die Die","floor":31},{"not_picked":["Storm of Steel+1","Unload+1"],"picked":"A Thousand Cuts","floor":33},{"not_picked":["Flying Knee+1","Infinite Blades"],"picked":"Cloak And Dagger+1","floor":36},{"not_picked":["Burst+1","Bullet Time+1"],"picked":"Wraith Form v2","floor":44},{"not_picked":["Envenom","Tools of the Trade"],"picked":"After Image","floor":46}],"player_experience":139112,"relics_obtained":[{"floor":1,"key":"Bag of Preparation"},{"floor":3,"key":"Juzu Bracelet"},{"floor":5,"key":"Toxic Egg 2"},{"floor":7,"key":"Centennial Puzzle"},{"floor":9,"key":"Smiling Mask"},{"floor":10,"key":"Bronze Scales"},{"floor":12,"key":"StoneCalendar"},{"floor":14,"key":"Bottled Tornado"},{"floor":18,"key":"Meat on the Bone"},{"floor":19,"key":"Dodecahedron"},{"floor":21,"key":"Nilry\u0027s Codex"},{"floor":24,"key":"Darkstone Periapt"},{"floor":25,"key":"WingedGreaves"},{"floor":26,"key":"Anchor"},{"floor":27,"key":"Tiny Chest"},{"floor":29,"key":"Strawberry"},{"floor":31,"key":"Molten Egg 2"},{"floor":35,"key":"War Paint"},{"floor":36,"key":"Ice Cream"},{"floor":43,"key":"Singing Bowl"},{"floor":44,"key":"Bottled Lightning"},{"floor":46,"key":"Omamori"},{"floor":47,"key":"Regal Pillow"}],"event_choices":[{"cards_removed":["Slice"],"damage_healed":0,"gold_gain":0,"player_choice":"Card Removal","damage_taken":7,"max_hp_gain":0,"max_hp_loss":0,"event_name":"Golden Wing","floor":2,"gold_loss":0},{"damage_healed":0,"gold_gain":0,"player_choice":"Donut","damage_taken":0,"max_hp_gain":5,"max_hp_loss":0,"event_name":"Big Fish","floor":4,"gold_loss":0},{"damage_healed":0,"gold_gain":0,"player_choice":"Inject Mutagens","damage_taken":0,"relics_obtained":["MutagenicStrength"],"max_hp_gain":0,"max_hp_loss":0,"event_name":"Drug Dealer","floor":20,"gold_loss":0},{"damage_healed":0,"gold_gain":0,"player_choice":"Obtained Book","damage_taken":16,"max_hp_gain":0,"max_hp_loss":0,"event_name":"Cursed Tome","floor":21,"gold_loss":0},{"damage_healed":0,"gold_gain":0,"player_choice":"Ignored","damage_taken":0,"max_hp_gain":0,"max_hp_loss":0,"event_name":"Vampires","floor":22,"gold_loss":0},{"damage_healed":0,"gold_gain":0,"player_choice":"Fight","damage_taken":0,"max_hp_gain":0,"max_hp_loss":0,"event_name":"Mysterious Sphere","floor":36,"gold_loss":0},{"damage_healed":21,"gold_gain":0,"player_choice":"Writhe","damage_taken":0,"max_hp_gain":0,"max_hp_loss":0,"event_name":"Winding Halls","floor":37,"gold_loss":0,"cards_obtained":["Writhe"]},{"damage_healed":0,"gold_gain":0,"player_choice":"Paid","damage_taken":0,"relics_obtained":["Red Mask"],"max_hp_gain":0,"max_hp_loss":0,"event_name":"Tomb of Lord Red Mask","floor":39,"gold_loss":48},{"cards_removed":["Backflip"],"damage_healed":0,"gold_gain":0,"player_choice":"Removed Skill","damage_taken":0,"max_hp_gain":0,"max_hp_loss":0,"event_name":"Falling","floor":41,"gold_loss":0},{"damage_healed":0,"gold_gain":0,"player_choice":"Upgraded","damage_taken":0,"max_hp_gain":0,"max_hp_loss":0,"event_name":"Upgrade Shrine","floor":45,"gold_loss":0,"cards_upgraded":["Wraith Form v2"]}],"is_beta":false,"boss_relics":[{"not_picked":["Astrolabe","Coffee Dripper"],"picked":"Ring of the Serpent"},{"not_picked":["Black Star","HoveringKite"],"picked":"Sozu"}],"items_purged_floors":[13,38],"is_endless":false,"potions_floor_spawned":[1,7,12,27,31,35,36,44,46],"ascension_level":0}