{"gold_per_floor":[117,136,156,172,17,49,49,114,114,25,25],"floor_reached":11,"playtime":691,"items_purged":[],"score":83,"play_id":"f75d9426-733d-4125-a5ca-0a9806858de2","local_time":"20190912145026","is_ascension_mode":false,"campfire_choices":[{"floor":7,"key":"REST"}],"neow_cost":"NONE","seed_source_timestamp":172094143600154,"circlet_count":0,"master_deck":["Strike_P","Strike_P","Strike_P","Strike_P","Defend_P","Defend_P","Defend_P","Defend_P","Eruption","Vigilance","ClearTheMind","Crescendo","EmptyFist","Devotion","Judgement","Protect","Adaptation","Worship","DeceiveReality"],"relics":["PureWater","NeowsBlessing","Membership Card","Gambling Chip","Tiny Chest","Centennial Puzzle"],"potions_floor_usage":[11,11],"damage_taken":[{"damage":0,"enemies":"Cultist","floor":1,"turns":1},{"damage":0,"enemies":"Small Slimes","floor":2,"turns":1},{"damage":0,"enemies":"2 Louse","floor":3,"turns":2},{"damage":5,"enemies":"Red Slaver","floor":4,"turns":4},{"damage":30,"enemies":"3 Sentries","floor":6,"turns":11},{"damage":29,"enemies":"Lagavulin","floor":8,"turns":6},{"damage":20,"enemies":"Gremlin Gang","floor":11,"turns":4}],"seed_played":"-5481222283379006776","potions_obtained":[{"floor":3,"key":"Energy Potion"},{"floor":8,"key":"Fire Potion"}],"is_trial":false,"path_per_floor":["M","M","M","M","$","E","R","E","T","$","M"],"character_chosen":"WATCHER","items_purchased":["Membership Card","Adaptation","Worship","DeceiveReality"],"campfire_rested":1,"item_purchase_floors":[5,10,10,10],"current_hp_per_floor":[65,65,65,60,60,30,49,20,20,20,0],"gold":25,"neow_bonus":"THREE_ENEMY_KILL","is_prod":false,"is_daily":false,"chose_seed":false,"campfire_upgraded":0,"win_rate":0.0,"timestamp":1568310626,"path_taken":["M","M","?","M","$","E","R","E","T","$","M"],"build_version":"2019-09-11v2","purchased_purges":0,"victory":false,"max_hp_per_floor":[65,65,65,65,65,65,65,65,65,65,65],"card_choices":[{"not_picked":["Weave","FollowUp","ClearTheMind"],"picked":"SKIP","floor":1},{"not_picked":["Weave","FollowUp"],"picked":"ClearTheMind","floor":1},{"not_picked":["PathToVictory","CutThroughFate"],"picked":"Crescendo","floor":2},{"not_picked":["CarveReality","ClearTheMind"],"picked":"EmptyFist","floor":3},{"not_picked":["EmptyBody","WindmillStrike"],"picked":"Devotion","floor":4},{"not_picked":["Halt","Consecrate"],"picked":"Judgement","floor":6},{"not_picked":["ForeignInfluence","SignatureMove"],"picked":"Protect","floor":8}],"player_experience":410418,"relics_obtained":[{"floor":6,"key":"Gambling Chip"},{"floor":8,"key":"Tiny Chest"},{"floor":9,"key":"Centennial Puzzle"}],"event_choices":[],"is_beta":true,"boss_relics":[],"items_purged_floors":[],"is_endless":false,"potions_floor_spawned":[3,8],"killed_by":"Gremlin Gang","ascension_level":0}