{"gold_per_floor":[119,135,135,153,118,118,144,219,219,237,254,270,270,286,286,357,357,367,30,30,65,77,77,403,403,403,403],"floor_reached":27,"playtime":2554,"items_purged":[],"score":443,"play_id":"d818264f-a68f-4c2d-b374-67b26b37b87b","local_time":"20190521003939","is_ascension_mode":true,"campfire_choices":[{"data":"Static Discharge","floor":6.0,"key":"SMITH"},{"data":"Dualcast","floor":13.0,"key":"SMITH"},{"data":"Beam Cell","floor":15.0,"key":"SMITH"},{"floor":23.0,"key":"REST"},{"floor":25.0,"key":"REST"}],"neow_cost":"PERCENT_DAMAGE","seed_source_timestamp":188776755106933,"circlet_count":0,"master_deck":["AscendersBane","Strike_B","Strike_B","Strike_B","Strike_B","Defend_B","Defend_B","Defend_B","Defend_B","Zap","Dualcast+1","Buffer","Glacier","Static Discharge+1","Genetic Algorithm","Lockon","Cold Snap","Rebound","Sweeping Beam","Beam Cell+1","Biased Cognition","Turbo","Streamline","RitualDagger","Ball Lightning","Conserve Battery","All For One"],"special_seed":0,"relics":["Cracked Core","Thread and Needle","Omamori","Pantograph","Inserter","Mercury Hourglass","Red Mask","Old Coin","Strawberry"],"potions_floor_usage":[],"damage_taken":[{"damage":1.0,"enemies":"Cultist","floor":1.0,"turns":4.0},{"damage":2.0,"enemies":"Jaw Worm","floor":2.0,"turns":5.0},{"damage":0.0,"enemies":"Small Slimes","floor":4.0,"turns":4.0},{"damage":15.0,"enemies":"Gremlin Nob","floor":7.0,"turns":6.0},{"damage":2.0,"enemies":"Looter","floor":10.0,"turns":4.0},{"damage":1.0,"enemies":"Large Slime","floor":11.0,"turns":6.0},{"damage":5.0,"enemies":"Exordium Wildlife","floor":12.0,"turns":3.0},{"damage":0.0,"enemies":"Red Slaver","floor":14.0,"turns":4.0},{"damage":22.0,"enemies":"Slime Boss","floor":16.0,"turns":8.0},{"damage":5.0,"enemies":"3 Byrds","floor":18.0,"turns":5.0},{"damage":27.0,"enemies":"Masked Bandits","floor":21.0,"turns":3.0},{"damage":10.0,"enemies":"Shell Parasite","floor":22.0,"turns":3.0},{"damage":32.0,"enemies":"Slavers","floor":24.0,"turns":5.0},{"damage":43,"enemies":"Gremlin Leader","floor":27,"turns":5}],"seed_played":"5771581322369901929","potions_obtained":[{"floor":1.0,"key":"FearPotion"},{"floor":4.0,"key":"Dexterity Potion"},{"floor":10.0,"key":"SteroidPotion"},{"floor":12.0,"key":"Swift Potion"},{"floor":18.0,"key":"SpeedPotion"},{"floor":22.0,"key":"FearPotion"}],"is_trial":false,"path_per_floor":["M","M","T","M","?","R","E","?","T","M","M","M","R","M","R","B",null,"M","$","?","?","M","R","E","R","T","E"],"character_chosen":"DEFECT","items_purchased":["Mercury Hourglass","Streamline"],"campfire_rested":2,"item_purchase_floors":[19,19],"current_hp_per_floor":[45,43,43,43,60,60,45,34,34,32,31,26,26,26,26,29,61,56,56,50,23,13,34,2,23,30,0],"gold":403,"neow_bonus":"THREE_RARE_CARDS","is_prod":false,"is_daily":false,"chose_seed":false,"campfire_upgraded":3,"win_rate":0,"timestamp":1558413579,"path_taken":["M","?","?","M","?","R","E","?","T","?","M","M","R","M","R","BOSS","M","$","?","?","M","R","E","R","T","E"],"build_version":"2019-01-23","purchased_purges":0,"victory":false,"max_hp_per_floor":[71,71,71,71,71,71,71,71,71,71,71,71,71,71,71,71,71,71,71,71,71,71,71,71,71,78,78],"card_choices":[{"not_picked":["Machine Learning","Meteor Strike"],"picked":"Buffer","floor":0.0},{"not_picked":["Coolheaded","Streamline"],"picked":"Glacier","floor":1.0},{"not_picked":["Turbo","Barrage"],"picked":"Static Discharge","floor":2.0},{"not_picked":["Aggregate","Steam"],"picked":"Genetic Algorithm","floor":4.0},{"not_picked":["Multi-Cast","Conserve Battery"],"picked":"Lockon","floor":7.0},{"not_picked":["Rebound","Beam Cell"],"picked":"Cold Snap","floor":10.0},{"not_picked":["Genetic Algorithm","Steam Power"],"picked":"Rebound","floor":11.0},{"not_picked":["Turbo","Sunder"],"picked":"Sweeping Beam","floor":12.0},{"not_picked":["Stack","Blizzard"],"picked":"Beam Cell","floor":14.0},{"not_picked":["Reboot","Hyperbeam"],"picked":"Biased Cognition","floor":16.0},{"not_picked":["Compile Driver","Steam"],"picked":"Turbo","floor":18.0},{"not_picked":["Cold Snap+1","Static Discharge"],"picked":"Ball Lightning","floor":21.0},{"not_picked":["Sweeping Beam","FTL"],"picked":"Conserve Battery","floor":22.0},{"not_picked":["Compile Driver","Streamline"],"picked":"All For One","floor":24.0}],"player_experience":2604326,"relics_obtained":[{"floor":3.0,"key":"Thread and Needle"},{"floor":7.0,"key":"Omamori"},{"floor":9.0,"key":"Pantograph"},{"floor":21.0,"key":"Red Mask"},{"floor":24.0,"key":"Old Coin"},{"floor":26.0,"key":"Strawberry"}],"event_choices":[{"damage_healed":17.0,"max_hp_gain":0.0,"max_hp_loss":0.0,"gold_gain":0.0,"event_name":"The Cleric","player_choice":"Healed","floor":5.0,"gold_loss":35.0,"damage_taken":0.0},{"damage_healed":0.0,"max_hp_gain":0.0,"max_hp_loss":0.0,"gold_gain":75.0,"event_name":"World of Goop","player_choice":"Gather Gold","floor":8.0,"gold_loss":0.0,"damage_taken":11.0},{"damage_healed":0.0,"max_hp_gain":0.0,"max_hp_loss":0.0,"gold_gain":0.0,"event_name":"Nest","player_choice":"Joined the Cult","floor":20.0,"gold_loss":0.0,"damage_taken":6.0,"cards_obtained":["RitualDagger"]},{"damage_healed":0.0,"max_hp_gain":0.0,"max_hp_loss":0.0,"gold_gain":0.0,"event_name":"Masked Bandits","player_choice":"Fought Bandits","floor":21.0,"gold_loss":0.0,"damage_taken":0.0}],"is_beta":false,"boss_relics":[{"not_picked":["Velvet Choker","Busted Crown"],"picked":"Inserter"}],"items_purged_floors":[],"is_endless":false,"potions_floor_spawned":[1,4,10,12,18,22],"killed_by":"Gremlin Leader","ascension_level":18}