{"gold_per_floor":[110,121,131,146,163,163,182,208,208,208,133,208,243,322,322,426,426,436,454,454,454],"floor_reached":21,"playtime":1459,"items_purged":[],"score":287,"play_id":"c922ff44-0b19-48b9-9e8e-0517225cc907","local_time":"20181011200923","is_ascension_mode":true,"campfire_choices":[{"data":"Rainbow","floor":6.0,"key":"SMITH"},{"floor":10.0,"key":"REST"},{"data":"Static Discharge","floor":15,"key":"SMITH"}],"neow_cost":"NONE","seed_source_timestamp":0,"circlet_count":0,"master_deck":["Strike_B","Strike_B","Strike_B","Defend_B","Defend_B","Defend_B","Zap","Dualcast","AscendersBane","Turbo","Rip and Tear","Hologram","Rainbow+1","Chill","Sweeping Beam","Genetic Algorithm","Static Discharge+1","FTL","Biased Cognition","Fusion+1","Conserve Battery+1","Writhe"],"special_seed":0,"relics":["Cracked Core","Regal Pillow","Sundial","Bottled Flame","Girya","Pantograph","Empty Cage","Question Card"],"potions_floor_usage":[13,16],"damage_taken":[{"damage":1.0,"enemies":"Cultist","floor":1.0,"turns":4.0},{"damage":4.0,"enemies":"Jaw Worm","floor":2.0,"turns":4.0},{"damage":6.0,"enemies":"2 Louse","floor":3.0,"turns":3.0},{"damage":8.0,"enemies":"Looter","floor":4.0,"turns":2.0},{"damage":3.0,"enemies":"3 Louse","floor":5.0,"turns":3.0},{"damage":0.0,"enemies":"Large Slime","floor":7.0,"turns":5.0},{"damage":7.0,"enemies":"Lagavulin","floor":8.0,"turns":5.0},{"damage":18,"enemies":"Gremlin Nob","floor":13,"turns":4},{"damage":20,"enemies":"Hexaghost","floor":16,"turns":6},{"damage":13,"enemies":"Chosen","floor":18,"turns":4},{"damage":9,"enemies":"Spheric Guardian","floor":19,"turns":3},{"damage":53,"enemies":"Masked Bandits","floor":21,"turns":3}],"seed_played":"3062585448906002249","potions_obtained":[{"floor":1.0,"key":"Dexterity Potion"},{"floor":7.0,"key":"AttackPotion"},{"floor":8.0,"key":"Weak Potion"},{"floor":13,"key":"Weak Potion"}],"is_trial":false,"path_per_floor":["M","M","M","M","M","R","M","E","T","R","$","?","E","T","R","B",null,"M","M","?"],"character_chosen":"DEFECT","items_purchased":["Static Discharge"],"campfire_rested":1,"item_purchase_floors":[11],"current_hp_per_floor":[67,63,57,49,46,46,46,39,39,75,75,64,46,46,46,51,69,56,47,47,0],"gold":454,"neow_bonus":"RANDOM_COMMON_RELIC","is_prod":false,"is_daily":false,"chose_seed":false,"campfire_upgraded":2,"win_rate":0,"timestamp":1539302963,"path_taken":["M","M","?","M","M","R","M","E","T","R","$","?","E","?","R","BOSS","M","M","?","?"],"build_version":"2018-10-04v2","purchased_purges":0,"victory":false,"max_hp_per_floor":[75,75,75,75,75,75,75,75,75,75,75,75,75,75,75,75,75,75,75,75,75],"card_choices":[{"not_picked":["Go for the Eyes","Coolheaded"],"picked":"Turbo","floor":1.0},{"not_picked":["Leap","Compile Driver"],"picked":"Rip and Tear","floor":2.0},{"not_picked":["Turbo","White Noise"],"picked":"Hologram","floor":3.0},{"not_picked":["Doom and Gloom","Glacier"],"picked":"Rainbow","floor":4.0},{"not_picked":["Cold Snap","Rebound"],"picked":"Chill","floor":5.0},{"not_picked":["Conserve Battery","Storm"],"picked":"Sweeping Beam","floor":7.0},{"not_picked":["Double Energy","Loop"],"picked":"Genetic Algorithm","floor":8.0},{"not_picked":["Loop","Storm"],"picked":"FTL","floor":13},{"not_picked":["Reboot","Hyperbeam"],"picked":"Biased Cognition","floor":16},{"not_picked":["Conserve Battery+1","Scrape"],"picked":"Fusion+1","floor":18},{"not_picked":["Turbo","BootSequence+1"],"picked":"Conserve Battery+1","floor":19}],"player_experience":1843446,"relics_obtained":[{"floor":8.0,"key":"Sundial"},{"floor":9.0,"key":"Bottled Flame"},{"floor":13,"key":"Girya"},{"floor":14,"key":"Pantograph"}],"event_choices":[{"event_name":"World of Goop","player_choice":"Gather Gold","floor":12,"damage_taken":0},{"event_name":"The Mausoleum","player_choice":"Yes","floor":20,"damage_taken":0},{"event_name":"Masked Bandits","player_choice":"Fought Bandits","floor":21,"damage_taken":0}],"is_beta":false,"boss_relics":[{"not_picked":["Velvet Choker","Busted Crown"],"picked":"Empty Cage"}],"items_purged_floors":[],"is_endless":false,"potions_floor_spawned":[1,7,8,13],"killed_by":"Masked Bandits","ascension_level":10}