{"gold_per_floor":[116,116,6,181,200,225,225,260,260,12,26,26,40,66,66,167,167,186,204,3,3],"floor_reached":21,"playtime":752,"items_purged":["Regret"],"score":242,"play_id":"78ba66ec-831c-4af6-aba7-9624c8f1a739","local_time":"20190808094217","is_ascension_mode":true,"campfire_choices":[{"floor":7,"key":"REST"},{"floor":15,"key":"REST"}],"neow_cost":"NONE","seed_source_timestamp":42125659468931,"circlet_count":0,"master_deck":["Strike_R","Strike_R","Strike_R+1","Strike_R+1","Strike_R","Defend_R","Defend_R","Defend_R","Defend_R","Bash","Perfected Strike","Inflame","Doubt","Wild Strike","Immolate","Flame Barrier","Heavy Blade","Shrug It Off","Ghostly Armor","Parasite","Clothesline","Heavy Blade","Perfected Strike","Feed","Cleave","Dropkick","Inflame","Berserk","Iron Wave","Perfected Strike+1","Wild Strike+1"],"relics":["Burning Blood","Singing Bowl","Mango","Whetstone","Self Forming Clay","Dream Catcher","Torii","Orrery","Sling"],"potions_floor_usage":[6,14],"damage_taken":[{"damage":4,"enemies":"Jaw Worm","floor":1,"turns":7},{"damage":7,"enemies":"2 Louse","floor":5,"turns":2},{"damage":20,"enemies":"Gremlin Nob","floor":6,"turns":4},{"damage":30,"enemies":"3 Sentries","floor":8,"turns":5},{"damage":0,"enemies":"Small Slimes","floor":11,"turns":2},{"damage":2,"enemies":"Red Slaver","floor":13,"turns":3},{"damage":24,"enemies":"Gremlin Nob","floor":14,"turns":4},{"damage":77,"enemies":"Hexaghost","floor":16,"turns":15},{"damage":20,"enemies":"Spheric Guardian","floor":18,"turns":5},{"damage":59,"enemies":"3 Byrds","floor":19,"turns":5},{"damage":43,"enemies":"Snake Plant","floor":21,"turns":3}],"seed_played":"-4338476565693425273","potions_obtained":[{"floor":1,"key":"Ancient Potion"},{"floor":13,"key":"Poison Potion"},{"floor":16,"key":"SpeedPotion"}],"is_trial":false,"path_per_floor":["M","?","$","?","M","E","R","E","T","$","M","?","M","E","R","B",null,"M","M","$","M"],"character_chosen":"IRONCLAD","items_purchased":["Inflame","Dream Catcher","Heavy Blade","Shrug It Off","Sling"],"campfire_rested":2,"item_purchase_floors":[3,10,10,10,20],"current_hp_per_floor":[88,88,88,88,87,87,102,78,78,78,84,102,102,84,102,31,102,88,38,38,0],"gold":3,"neow_bonus":"TEN_PERCENT_HP_BONUS","is_prod":false,"is_daily":false,"chose_seed":false,"campfire_upgraded":0,"win_rate":0,"timestamp":1565268137,"path_taken":["M","?","$","?","?","E","R","E","T","$","M","?","M","E","R","BOSS","M","M","$","M"],"build_version":"2019-07-17","purchased_purges":1,"victory":false,"max_hp_per_floor":[88,88,88,88,88,102,102,102,102,102,102,102,102,102,102,102,102,102,105,105,105],"card_choices":[{"not_picked":["Evolve","Heavy Blade"],"picked":"Perfected Strike","floor":1},{"not_picked":["Havoc","Armaments"],"picked":"Wild Strike","floor":5},{"not_picked":["Fire Breathing","Sever Soul"],"picked":"Immolate","floor":6},{"not_picked":["Thunderclap","Spot Weakness"],"picked":"Flame Barrier","floor":8},{"not_picked":["Battle Trance","Shockwave"],"picked":"Ghostly Armor","floor":11},{"not_picked":["Fire Breathing","Second Wind"],"picked":"Clothesline","floor":13},{"not_picked":["Sentinel","Searing Blow"],"picked":"Heavy Blade","floor":14},{"not_picked":["Shrug It Off","Armaments"],"picked":"Perfected Strike","floor":15},{"not_picked":["Exhume","Barricade"],"picked":"Feed","floor":16},{"not_picked":["True Grit","Iron Wave"],"picked":"Cleave","floor":17},{"not_picked":["Evolve","Clash"],"picked":"Dropkick","floor":17},{"not_picked":["Headbutt","Armaments"],"picked":"Inflame","floor":17},{"not_picked":["Body Slam","Searing Blow"],"picked":"Berserk","floor":17},{"not_picked":["Headbutt","Anger"],"picked":"Iron Wave","floor":17},{"not_picked":["Sword Boomerang","Intimidate"],"picked":"Perfected Strike+1","floor":18},{"not_picked":["Corruption","Warcry"],"picked":"Wild Strike+1","floor":19}],"player_experience":284785,"relics_obtained":[{"floor":6,"key":"Mango"},{"floor":8,"key":"Whetstone"},{"floor":9,"key":"Self Forming Clay"},{"floor":14,"key":"Torii"}],"event_choices":[{"damage_healed":0,"gold_gain":0,"player_choice":"Box","damage_taken":0,"relics_obtained":["Singing Bowl"],"max_hp_gain":0,"max_hp_loss":0,"event_name":"Big Fish","floor":2,"gold_loss":0,"cards_obtained":["Regret"]},{"damage_healed":0,"gold_gain":175,"player_choice":"AGREE","damage_taken":0,"max_hp_gain":0,"max_hp_loss":0,"event_name":"Liars Game","floor":4,"gold_loss":0,"cards_obtained":["Doubt"]},{"damage_healed":25,"gold_gain":0,"player_choice":"Healed and dodged fight","damage_taken":0,"max_hp_gain":0,"max_hp_loss":0,"event_name":"Mushrooms","floor":12,"gold_loss":0,"cards_obtained":["Parasite"]}],"is_beta":false,"boss_relics":[{"not_picked":["Pandora\u0027s Box","Runic Dome"],"picked":"Orrery"}],"items_purged_floors":[3],"is_endless":false,"potions_floor_spawned":[1,13,16],"killed_by":"Snake Plant","ascension_level":2}