{"gold_per_floor":[113,113,130,149,22,22,55,2,27,27,61,61,94,114,114,114],"floor_reached":16,"playtime":1144,"items_purged":[],"score":236,"play_id":"74a46843-92d1-4453-b5ca-bd12ad8a8d86","local_time":"20190816215522","is_ascension_mode":true,"campfire_choices":[{"data":"Flame Barrier","floor":6.0,"key":"SMITH"},{"data":"Disarm","floor":15.0,"key":"SMITH"}],"neow_cost":"NONE","seed_source_timestamp":643209581732660,"circlet_count":0,"master_deck":["AscendersBane","Strike_R","Strike_R","Strike_R","Defend_R","Defend_R","Defend_R","Defend_R","Bash","Flame Barrier+1","Combust","Cleave","Combust","Clothesline","Offering","Disarm+1","Barricade","Sword Boomerang","Headbutt"],"special_seed":0,"relics":["Burning Blood","NeowsBlessing","Dream Catcher","Red Skull","Nunchaku","Orichalcum"],"potions_floor_usage":[],"damage_taken":[{"damage":0.0,"enemies":"Cultist","floor":1.0,"turns":1.0},{"damage":0.0,"enemies":"2 Louse","floor":3.0,"turns":1.0},{"damage":0.0,"enemies":"Jaw Worm","floor":4.0,"turns":1.0},{"damage":25.0,"enemies":"Lagavulin","floor":7.0,"turns":6.0},{"damage":22.0,"enemies":"3 Sentries","floor":11.0,"turns":6.0},{"damage":35.0,"enemies":"Gremlin Nob","floor":13.0,"turns":4.0},{"damage":1.0,"enemies":"Looter","floor":14.0,"turns":2.0},{"damage":31,"enemies":"The Guardian","floor":16,"turns":12}],"seed_played":"-1209259294654993835","potions_obtained":[{"floor":3.0,"key":"Regen Potion"},{"floor":4.0,"key":"PowerPotion"},{"floor":11.0,"key":"SmokeBomb"}],"is_trial":false,"path_per_floor":["M","?","M","M","$","R","E","$","T","$","E","?","E","M","R","B"],"character_chosen":"IRONCLAD","items_purchased":["Combust","Clothesline","AttackPotion"],"campfire_rested":0,"item_purchase_floors":[5,5,8],"current_hp_per_floor":[74,74,75,75,75,75,56,56,56,56,55,55,26,31,31,0],"gold":114,"neow_bonus":"THREE_ENEMY_KILL","is_prod":false,"is_daily":false,"chose_seed":false,"campfire_upgraded":2,"win_rate":0,"timestamp":1566006922,"path_taken":["M","?","M","?","$","R","E","$","T","?","E","?","E","M","R","BOSS"],"build_version":"2019-01-23","purchased_purges":0,"victory":false,"max_hp_per_floor":[75,75,75,75,75,75,75,75,75,75,75,75,75,75,75,75],"card_choices":[{"not_picked":["Clash","Pommel Strike"],"picked":"Flame Barrier","floor":1.0},{"not_picked":["Anger","Warcry"],"picked":"Combust","floor":3.0},{"not_picked":["Twin Strike","Second Wind"],"picked":"Cleave","floor":4.0},{"not_picked":["Heavy Blade","Rampage"],"picked":"Offering","floor":7.0},{"not_picked":["Clothesline","Cleave"],"picked":"Disarm","floor":11.0},{"not_picked":["Uppercut","Flex"],"picked":"Sword Boomerang","floor":13.0},{"not_picked":["Second Wind","Warcry"],"picked":"Headbutt","floor":14.0}],"player_experience":2799195,"relics_obtained":[{"floor":7.0,"key":"Dream Catcher"},{"floor":9.0,"key":"Red Skull"},{"floor":11.0,"key":"Nunchaku"},{"floor":13.0,"key":"Orichalcum"}],"event_choices":[{"cards_removed":["Strike_R"],"damage_healed":0.0,"max_hp_gain":0.0,"max_hp_loss":0.0,"gold_gain":0.0,"event_name":"Bonfire Elementals","player_choice":"Offered Basic","floor":2.0,"gold_loss":0.0,"damage_taken":0.0},{"damage_healed":0.0,"max_hp_gain":0.0,"max_hp_loss":0.0,"gold_gain":0.0,"cards_transformed":["Strike_R"],"event_name":"Transmorgrifier","player_choice":"Transformed","floor":12.0,"gold_loss":0.0,"damage_taken":0.0,"cards_obtained":["Barricade"]}],"is_beta":false,"boss_relics":[],"items_purged_floors":[],"is_endless":false,"potions_floor_spawned":[3,4,11],"killed_by":"The Guardian","ascension_level":20}