{"gold_per_floor":[119,119,69,69,79,110,110,141,141,141,155,185,185,196,196,299,299,309,28,41,41,55,55,87,87,87,2,14,14,33,44,44,140,140,158,158,206,206,48,48,27,27,51,51,0,18,38,57,57,57],"floor_reached":51,"playtime":5107,"items_purged":[],"score":865,"play_id":"dcbf4248-cb9b-41f3-8613-19ae0b88f561","local_time":"20180805012722","is_ascension_mode":true,"campfire_choices":[{"data":"Neutralize","floor":7,"key":"SMITH"},{"floor":10,"key":"REST"},{"floor":15,"key":"REST"},{"floor":23,"key":"REST"},{"floor":29,"key":"REST"},{"floor":32,"key":"REST"},{"data":"Infinite Blades","floor":40,"key":"SMITH"},{"data":"Venomology","floor":42,"key":"SMITH"},{"data":"Skewer","floor":49,"key":"SMITH"}],"neow_cost":"NONE","seed_source_timestamp":130583603704553,"circlet_count":0,"master_deck":["Defend_G","Defend_G","Defend_G","Defend_G","Strike_G","Strike_G","Strike_G","Survivor","Neutralize+1","Venomology+1","Outmaneuver","Dagger Spray","Poisoned Stab","Envenom","Bouncing Flask","Quick Slash","Neutralize","Footwork","Venomology","Skewer+1","Outmaneuver+1","Predator","Blade Dance+1","Escape Plan+1","Venomology+1","PiercingWail+1","Prepared+1","Catalyst+1","Venomology+1","Terror+1","Apotheosis+1","Bandage Up+1","Caltrops","Madness+1","Madness+1","Infinite Blades+1","Catalyst+1","Leg Sweep+1","Quick Slash","Prepared+1","Choke+1","Outmaneuver+1","Cloak And Dagger+1"],"relics":["Ring of the Snake","Question Card","Letter Opener","Bronze Scales","Strawberry","Busted Crown","Toxic Egg 2","Incense Burner","The Courier","Boot","Eternal Feather","Turnip","Oddly Smooth Stone","Bird Faced Urn","Red Mask"],"potions_floor_usage":[6,6,6,6,8,12,12,12,16,18,18,18,20,20,22,22,22,24,24,28,28,28,30,30,31,31,31,33,33,33,33,33,35,37,37,44,44,46,46,47,47,47,48,50,50,50,50,50],"damage_taken":[{"damage":7,"enemies":"Jaw Worm","floor":1,"turns":7},{"damage":1,"enemies":"Cultist","floor":5,"turns":5},{"damage":0,"enemies":"Gremlin Nob","floor":6,"turns":4},{"damage":33,"enemies":"Lagavulin","floor":8,"turns":9},{"damage":0,"enemies":"Small Slimes","floor":11,"turns":4},{"damage":23,"enemies":"Gremlin Nob","floor":12,"turns":4},{"damage":9,"enemies":"Blue Slaver","floor":14,"turns":3},{"damage":27,"enemies":"Hexaghost","floor":16,"turns":7},{"damage":11,"enemies":"2 Thieves","floor":18,"turns":3},{"damage":16,"enemies":"Spheric Guardian","floor":20,"turns":5},{"damage":0,"enemies":"Snake Plant","floor":22,"turns":4},{"damage":45,"enemies":"Book of Stabbing","floor":24,"turns":6},{"damage":18,"enemies":"Sentry and Sphere","floor":28,"turns":6},{"damage":0,"enemies":"3 Cultists","floor":30,"turns":4},{"damage":1,"enemies":"Snecko","floor":31,"turns":3},{"damage":57,"enemies":"Automaton","floor":33,"turns":10},{"damage":9,"enemies":"Flame Bruiser 1 Orb","floor":35,"turns":6},{"damage":8,"floor":37,"turns":5},{"damage":12,"floor":44,"turns":6},{"damage":6,"enemies":"3 Shapes","floor":46,"turns":6},{"damage":32,"enemies":"Sphere and 2 Shapes","floor":47,"turns":6},{"damage":4,"enemies":"3 Darklings","floor":48,"turns":4},{"damage":57,"enemies":"Donu and Deca","floor":50,"turns":10}],"seed_played":"5482146316458478718","potions_obtained":[{"floor":5,"key":"Block Potion"},{"floor":11,"key":"Swift Potion"},{"floor":14,"key":"Explosive Potion"},{"floor":20,"key":"Dexterity Potion"},{"floor":22,"key":"Explosive Potion"},{"floor":30,"key":"EssenceOfSteel"},{"floor":44,"key":"FearPotion"},{"floor":47,"key":"Ancient Potion"},{"floor":48,"key":"SpeedPotion"}],"is_trial":false,"path_per_floor":["M","?","?","$","M","E","R","E","T","R","M","E","?","M","R","B",null,"M","$","M","?","M","R","E","?","T","?","M","R","M","M","R","B",null,"M","?","?","?","$","R","$","R","T","?","?","M","M","M","R","B"],"character_chosen":"THE_SILENT","items_purchased":["Toxic Egg 2","Outmaneuver+1","Infinite Blades","Catalyst+1","Leg Sweep+1","Quick Slash"],"campfire_rested":5,"item_purchase_floors":[19,19,39,39,39,41],"current_hp_per_floor":[63,63,63,63,62,62,62,29,29,50,50,34,34,25,48,21,77,66,66,50,50,50,73,28,28,28,28,10,33,33,32,55,13,77,68,63,61,51,51,72,72,77,77,65,65,73,55,59,77,32],"gold":57,"neow_bonus":"ONE_RANDOM_RARE_CARD","is_prod":false,"is_daily":false,"chose_seed":false,"campfire_upgraded":4,"win_rate":0,"timestamp":1533446842,"path_taken":["M","?","?","$","?","E","R","E","T","R","M","E","?","?","R","BOSS","M","$","M","?","M","R","E","?","T","?","M","R","?","M","R","BOSS","M","?","?","?","$","R","?","R","T","?","?","M","?","M","R","BOSS"],"build_version":"2018-08-02","purchased_purges":0,"victory":true,"max_hp_per_floor":[70,70,70,70,70,70,70,70,70,70,70,77,77,77,77,77,77,77,77,77,77,77,77,77,77,77,77,77,77,77,77,77,77,77,77,77,77,77,77,77,77,77,77,77,77,77,77,77,77,77],"card_choices":[{"not_picked":["Quick Slash","Dodge and Roll"],"picked":"Outmaneuver","floor":1},{"not_picked":["Quick Slash","Finisher"],"picked":"Dagger Spray","floor":5},{"not_picked":["PiercingWail","Acrobatics"],"picked":"Poisoned Stab","floor":6},{"not_picked":["Choke","Blade Dance","Prepared"],"picked":"Envenom","floor":8},{"not_picked":["Underhanded Strike","Deflect","Bane"],"picked":"Bouncing Flask","floor":11},{"not_picked":["Bullet Time","Dagger Spray","Outmaneuver"],"picked":"Quick Slash","floor":12},{"not_picked":["Calculated Gamble","Prepared","Bane"],"picked":"Footwork","floor":14},{"not_picked":["Tools of the Trade","Grand Finale","Night Terror"],"picked":"Venomology","floor":16},{"not_picked":["Dagger Spray+1"],"picked":"Skewer","floor":18},{"not_picked":["Underhanded Strike"],"picked":"Predator","floor":20},{"not_picked":["Dodge and Roll+1"],"picked":"Blade Dance+1","floor":22},{"not_picked":["Bane"],"picked":"Escape Plan+1","floor":24},{"not_picked":["Dagger Spray"],"picked":"PiercingWail+1","floor":28},{"not_picked":["Distraction+1"],"picked":"Prepared+1","floor":30},{"not_picked":["PiercingWail+1"],"picked":"Catalyst+1","floor":31},{"not_picked":["Unload"],"picked":"Venomology+1","floor":33},{"not_picked":["Slice+1"],"picked":"Terror+1","floor":35},{"not_picked":["Panache"],"picked":"Apotheosis+1","floor":36},{"not_picked":["Madness+1"],"picked":"Bandage Up+1","floor":36},{"not_picked":["Bane"],"picked":"Caltrops","floor":37},{"not_picked":["PiercingWail+1"],"picked":"Prepared+1","floor":44},{"not_picked":["Eviscerate"],"picked":"Choke+1","floor":46},{"not_picked":["Deadly Poison+1"],"picked":"Outmaneuver+1","floor":47},{"not_picked":["Reflex+1"],"picked":"Cloak And Dagger+1","floor":48}],"player_experience":1441129,"relics_obtained":[{"floor":6,"key":"Question Card"},{"floor":8,"key":"Letter Opener"},{"floor":9,"key":"Bronze Scales"},{"floor":12,"key":"Strawberry"},{"floor":24,"key":"Incense Burner"},{"floor":26,"key":"The Courier"},{"floor":37,"key":"Turnip"},{"floor":43,"key":"Oddly Smooth Stone"},{"floor":44,"key":"Bird Faced Urn"}],"event_choices":[{"event_name":"Bonfire Elementals","player_choice":"BASIC","floor":2,"damage_taken":0},{"event_name":"The Cleric","player_choice":"Card Removal","floor":3,"damage_taken":0},{"event_name":"Match and Keep!","player_choice":"1 cards matched","floor":13,"damage_taken":0},{"event_name":"N\u0027loth","player_choice":"Ignored","floor":21,"damage_taken":0},{"event_name":"Transmorgrifier","player_choice":"Transform","floor":25,"damage_taken":0},{"event_name":"Addict","player_choice":"Obtained Relic","floor":27,"damage_taken":0},{"event_name":"SensoryStone","player_choice":"Memory 2","floor":36,"damage_taken":0},{"event_name":"Mysterious Sphere","player_choice":"Fight","floor":37,"damage_taken":0},{"event_name":"Winding Halls","player_choice":"Embrace Madness","floor":38,"damage_taken":0},{"event_name":"MindBloom","player_choice":"Fight","floor":44,"damage_taken":0},{"event_name":"Tomb of Lord Red Mask","player_choice":"Paid","floor":45,"damage_taken":0}],"is_beta":false,"boss_relics":[{"not_picked":["WristBlade","Calling Bell"],"picked":"Busted Crown"},{"not_picked":["Coffee Dripper","HoveringKite"],"picked":"Eternal Feather"}],"items_purged_floors":[],"is_endless":false,"potions_floor_spawned":[5,11,14,20,22,30,44,47,48],"ascension_level":4}