{"gold_per_floor":[109,59,9,23,23,23,23,56,56,66,95,95,106,117,117,219,219,239,289,305,321,335,335],"floor_reached":23,"playtime":2016,"items_purged":[],"score":239,"play_id":"0af53d08-a222-41dc-a4ba-7a7fe65a587c","local_time":"20191016205242","is_ascension_mode":true,"campfire_choices":[{"data":"Hologram","floor":6,"key":"SMITH"},{"data":"Fusion","floor":12,"key":"SMITH"},{"data":"Hologram","floor":15,"key":"SMITH"}],"neow_cost":"NONE","seed_source_timestamp":344560469076600,"circlet_count":0,"master_deck":["Zap","Dualcast","Hyperbeam","Rebound+1","BootSequence","Hello World","Electrodynamics","Recycle","Fusion+1","Leap","Hologram+1","Steam+1","Auto Shields","Hologram+1","Hologram","Buffer","Sweeping Beam","Melter+1","Fusion","Machine Learning"],"relics":["Pandora\u0027s Box","Art of War","Question Card","Blood Vial","Black Star"],"potions_floor_usage":[8,11,16,22,23],"damage_taken":[{"damage":8,"enemies":"Jaw Worm","floor":1,"turns":3},{"damage":0,"enemies":"2 Louse","floor":4,"turns":1},{"damage":24,"enemies":"Gremlin Nob","floor":8,"turns":4},{"damage":0,"enemies":"Cultist","floor":10,"turns":3},{"damage":0,"enemies":"3 Sentries","floor":11,"turns":2},{"damage":0,"enemies":"2 Fungi Beasts","floor":13,"turns":1},{"damage":4,"enemies":"Exordium Thugs","floor":14,"turns":4},{"damage":10,"enemies":"The Guardian","floor":16,"turns":11},{"damage":5,"enemies":"2 Thieves","floor":18,"turns":2},{"damage":9,"enemies":"Chosen","floor":20,"turns":6},{"damage":9,"enemies":"Sentry and Sphere","floor":21,"turns":3},{"damage":31,"enemies":"Shelled Parasite and Fungi","floor":22,"turns":5},{"damage":32,"enemies":"Slavers","floor":23,"turns":4}],"seed_played":"-7163277073443896759","potions_obtained":[{"floor":4,"key":"AttackPotion"},{"floor":8,"key":"Strength Potion"},{"floor":10,"key":"SkillPotion"},{"floor":14,"key":"Dexterity Potion"},{"floor":16,"key":"Dexterity Potion"},{"floor":18,"key":"FearPotion"}],"is_trial":false,"path_per_floor":["M","$","?","M","?","R","$","E","T","M","E","R","M","M","R","B",null,"M","?","M","M","M","E"],"character_chosen":"DEFECT","items_purchased":["Hologram"],"campfire_rested":0,"item_purchase_floors":[2],"current_hp_per_floor":[67,67,67,67,52,52,52,28,28,28,28,28,30,28,28,20,75,70,70,63,56,27,0],"gold":335,"neow_bonus":"BOSS_RELIC","is_prod":false,"is_daily":false,"chose_seed":false,"campfire_upgraded":3,"win_rate":0,"timestamp":1571230362,"path_taken":["M","$","?","M","?","R","?","E","T","M","E","R","M","M","R","BOSS","M","?","?","M","M","E"],"build_version":"2019-07-17","purchased_purges":0,"victory":false,"max_hp_per_floor":[75,75,75,75,75,75,75,75,75,75,75,75,75,75,75,75,75,75,75,75,75,75,75],"card_choices":[{"not_picked":["Barrage","Coolheaded"],"picked":"Leap","floor":1},{"not_picked":["Streamline","Go for the Eyes"],"picked":"Steam","floor":4},{"not_picked":["White Noise","Heatsinks"],"picked":"Auto Shields","floor":8},{"not_picked":["Scrape","Lockon","Ball Lightning"],"picked":"Hologram","floor":10},{"not_picked":["Rebound","Go for the Eyes","Melter","Capacitor"],"picked":"SKIP","floor":11},{"not_picked":["Steam Power","Redo","Gash"],"picked":"Hologram","floor":13},{"not_picked":["Double Energy","Darkness","Reinforced Body","Barrage"],"picked":"SKIP","floor":14},{"not_picked":["Biased Cognition","Multi-Cast","Rainbow"],"picked":"Buffer","floor":16},{"not_picked":["Ball Lightning","Steam Power+1","Go for the Eyes+1"],"picked":"Sweeping Beam","floor":18},{"not_picked":["Loop+1","Darkness","Rip and Tear"],"picked":"Melter+1","floor":20},{"not_picked":["Defragment+1","Ball Lightning","Undo"],"picked":"Fusion","floor":21},{"not_picked":["Beam Cell","Doom and Gloom","Stack"],"picked":"Machine Learning","floor":22}],"player_experience":195548,"relics_obtained":[{"floor":8,"key":"Art of War"},{"floor":9,"key":"Question Card"},{"floor":11,"key":"Blood Vial"}],"event_choices":[{"cards_removed":["Electrodynamics"],"damage_healed":0,"gold_gain":0,"player_choice":"Card Removal","damage_taken":0,"max_hp_gain":0,"max_hp_loss":0,"event_name":"The Cleric","floor":3,"gold_loss":50},{"damage_healed":0,"gold_gain":0,"player_choice":"Entered Light","damage_taken":15,"max_hp_gain":0,"max_hp_loss":0,"event_name":"Shining Light","floor":5,"gold_loss":0,"cards_upgraded":["Rebound","Steam"]},{"damage_healed":0,"gold_gain":100,"player_choice":"Bet on Murderer","damage_taken":0,"max_hp_gain":0,"max_hp_loss":0,"event_name":"The Joust","floor":19,"gold_loss":50}],"is_beta":false,"boss_relics":[{"not_picked":["Fusion Hammer","Ectoplasm"],"picked":"Black Star"}],"items_purged_floors":[],"is_endless":false,"potions_floor_spawned":[4,8,10,14,16,18],"killed_by":"Slavers","ascension_level":1}