{"gold_per_floor":[117,131,141,141,216,235,263,263,263,5,21,21,21,38,38,116,116,129,145,155,173,185,185,196,225,225,225,245,16,36,54,54,133,133,146,146,160,160,160,160,180,209,209,209,48,48,77,34,34,34],"floor_reached":51,"playtime":4244,"items_purged":[],"score":1296,"play_id":"6326ed63-8ba9-49b2-81ef-36ec642fad4c","local_time":"20190420162643","is_ascension_mode":true,"campfire_choices":[{"floor":8.0,"key":"REST"},{"data":"Apotheosis","floor":12.0,"key":"SMITH"},{"floor":15.0,"key":"REST"},{"floor":23.0,"key":"REST"},{"data":"Rainbow","floor":27.0,"key":"SMITH"},{"data":"Seek","floor":32.0,"key":"SMITH"},{"floor":40,"key":"REST"},{"floor":44,"key":"REST"},{"floor":46,"key":"REST"},{"floor":49,"key":"REST"}],"neow_cost":"NONE","seed_source_timestamp":311658017288447,"circlet_count":0,"master_deck":["AscendersBane","Defend_B","Defend_B","Defend_B","Defend_B","Zap","Dualcast","Go for the Eyes","Rip and Tear","Stack","Rainbow+1","Ball Lightning","Apotheosis+1","BootSequence","FTL","Reinforced Body","Biased Cognition","Sunder","Glacier","Conserve Battery+1","Skim+1","Compile Driver","Melter","Beam Cell","Conserve Battery","Seek+1","Steam","Turbo","Echo Form","Aggregate","Thunder Strike","Beam Cell","All For One","Sweeping Beam+1","Multi-Cast","Sweeping Beam+1","Chaos","Chill","Compile Driver+1"],"special_seed":0,"relics":["Cracked Core","Juzu Bracelet","Ornamental Fan","Empty Cage","Mango","Shuriken","Fusion Hammer","Bag of Marbles","Dream Catcher","Centennial Puzzle"],"potions_floor_usage":[33,33,42,42,42,47,50],"damage_taken":[{"damage":4.0,"enemies":"Jaw Worm","floor":1.0,"turns":4.0},{"damage":0.0,"enemies":"2 Louse","floor":2.0,"turns":2.0},{"damage":0.0,"enemies":"Cultist","floor":3.0,"turns":2.0},{"damage":15.0,"enemies":"Exordium Thugs","floor":6.0,"turns":4.0},{"damage":28.0,"enemies":"Lagavulin","floor":7.0,"turns":7.0},{"damage":0.0,"enemies":"Red Slaver","floor":11.0,"turns":3.0},{"damage":0.0,"enemies":"Lots of Slimes","floor":14.0,"turns":2.0},{"damage":14.0,"enemies":"Hexaghost","floor":16.0,"turns":9.0},{"damage":0.0,"enemies":"Chosen","floor":18.0,"turns":4.0},{"damage":20.0,"enemies":"Spheric Guardian","floor":19.0,"turns":4.0},{"damage":6.0,"enemies":"Centurion and Healer","floor":20.0,"turns":6.0},{"damage":2.0,"enemies":"Sentry and Sphere","floor":21.0,"turns":4.0},{"damage":8.0,"enemies":"Shelled Parasite and Fungi","floor":22.0,"turns":6.0},{"damage":3.0,"enemies":"Centurion and Healer","floor":24.0,"turns":5.0},{"damage":0.0,"enemies":"Book of Stabbing","floor":25.0,"turns":6.0},{"damage":9.0,"enemies":"Sentry and Sphere","floor":28.0,"turns":5.0},{"damage":4.0,"enemies":"Snake Plant","floor":30.0,"turns":4.0},{"damage":2.0,"enemies":"3 Cultists","floor":31.0,"turns":7.0},{"damage":36,"enemies":"Champ","floor":33,"turns":12},{"damage":16,"enemies":"3 Darklings","floor":35,"turns":6},{"damage":6,"enemies":"Orb Walker","floor":37,"turns":4},{"damage":0,"enemies":"4 Shapes","floor":41,"turns":4},{"damage":23,"enemies":"Giant Head","floor":42,"turns":10},{"damage":7,"enemies":"Reptomancer","floor":47,"turns":6},{"damage":29,"enemies":"Awakened One","floor":50,"turns":12}],"seed_played":"3235811732038596257","potions_obtained":[{"floor":0.0,"key":"Fire Potion"},{"floor":0.0,"key":"Explosive Potion"},{"floor":6.0,"key":"AttackPotion"},{"floor":7.0,"key":"Poison Potion"},{"floor":18.0,"key":"FearPotion"},{"floor":25.0,"key":"Strength Potion"},{"floor":28.0,"key":"SteroidPotion"},{"floor":31.0,"key":"FocusPotion"},{"floor":33,"key":"Dexterity Potion"},{"floor":35,"key":"Energy Potion"},{"floor":37,"key":"EntropicBrew"},{"floor":42,"key":"Ancient Potion"}],"is_trial":false,"path_per_floor":["M","M","M","?","?","M","E","R","T","$","M","R","?","M","R","B",null,"M","M","M","M","M","R","M","E","T","R","M","$","M","M","R","B",null,"M","?","M","?","?","R","M","E","T","R","$","R","E","$","R","B",null],"character_chosen":"DEFECT","items_purchased":["Apotheosis","BootSequence","Seek","Steam","Multi-Cast","Chill"],"campfire_rested":7,"item_purchase_floors":[10,10,29,29,45,48],"current_hp_per_floor":[60,60,60,60,49,34,6,27,27,27,27,27,27,27,48,34,62,62,42,36,34,26,47,44,58,58,58,49,49,45,43,43,7,66,50,50,44,44,32,57,57,34,34,59,59,84,77,77,85,56],"gold":34,"neow_bonus":"THREE_SMALL_POTIONS","is_prod":false,"is_daily":false,"chose_seed":false,"campfire_upgraded":3,"win_rate":0,"timestamp":1555792003,"path_taken":["M","M","M","?","?","M","E","R","T","$","M","R","?","M","R","BOSS","M","M","M","M","M","R","M","E","T","R","M","?","M","M","R","BOSS","M","?","M","?","?","R","M","E","T","R","?","R","E","$","R","BOSS"],"build_version":"2019-01-23","purchased_purges":0,"victory":true,"max_hp_per_floor":[71,71,71,71,71,71,71,71,71,71,71,71,71,71,71,71,71,71,71,71,71,71,71,71,85,85,85,85,85,85,85,85,85,85,85,85,85,85,85,85,85,85,85,85,85,85,85,85,85,85],"card_choices":[{"not_picked":["Lockon","Doom and Gloom"],"picked":"Go for the Eyes","floor":1.0},{"not_picked":["Turbo","Double Energy"],"picked":"Rip and Tear","floor":2.0},{"not_picked":["Turbo","Consume"],"picked":"Stack","floor":3.0},{"not_picked":["Leap","White Noise"],"picked":"Rainbow","floor":6.0},{"not_picked":["Chill","Stack"],"picked":"Ball Lightning","floor":7.0},{"not_picked":["Barrage","Force Field"],"picked":"FTL","floor":11.0},{"not_picked":["Darkness","Conserve Battery"],"picked":"Reinforced Body","floor":14.0},{"not_picked":["Meteor Strike","Thunder Strike"],"picked":"Biased Cognition","floor":16.0},{"not_picked":["Sweeping Beam","Steam"],"picked":"Sunder","floor":18.0},{"not_picked":["Scrape","Leap"],"picked":"Glacier","floor":19.0},{"not_picked":["Ball Lightning","Steam Power"],"picked":"Conserve Battery+1","floor":20.0},{"not_picked":["Rebound","Coolheaded"],"picked":"Skim+1","floor":21.0},{"not_picked":["Force Field","Hologram"],"picked":"Compile Driver","floor":22.0},{"not_picked":["Coolheaded","Hologram"],"picked":"Melter","floor":24.0},{"not_picked":["FTL","Force Field"],"picked":"Beam Cell","floor":25.0},{"not_picked":["Hologram","Consume"],"picked":"Conserve Battery","floor":28.0},{"not_picked":["Leap","Rebound","Stack"],"picked":"SKIP","floor":30.0},{"not_picked":["Reinforced Body","Lockon"],"picked":"Turbo","floor":31.0},{"not_picked":["Core Surge","Amplify"],"picked":"Echo Form","floor":33},{"not_picked":["Barrage","Fusion"],"picked":"Aggregate","floor":35},{"not_picked":["Steam","Aggregate","Storm+1"],"picked":"SKIP","floor":37},{"not_picked":["Redo","Streamline+1"],"picked":"Beam Cell","floor":41},{"not_picked":["Recycle+1","Auto Shields+1"],"picked":"All For One","floor":42},{"not_picked":["Cold Snap","Conserve Battery"],"picked":"Sweeping Beam+1","floor":44},{"not_picked":["Reprogram+1","Blizzard"],"picked":"Sweeping Beam+1","floor":46},{"not_picked":["Compile Driver","Static Discharge"],"picked":"Chaos","floor":47},{"not_picked":["Conserve Battery","Barrage+1"],"picked":"Compile Driver+1","floor":49}],"player_experience":2504763,"relics_obtained":[{"floor":7.0,"key":"Juzu Bracelet"},{"floor":9.0,"key":"Ornamental Fan"},{"floor":25.0,"key":"Mango"},{"floor":26.0,"key":"Shuriken"},{"floor":42,"key":"Bag of Marbles"},{"floor":43,"key":"Dream Catcher"},{"floor":47,"key":"Centennial Puzzle"}],"event_choices":[{"damage_healed":0.0,"max_hp_gain":0.0,"max_hp_loss":0.0,"gold_gain":0.0,"event_name":"Shining Light","player_choice":"Ignored","floor":4.0,"gold_loss":0.0,"damage_taken":0.0},{"damage_healed":0.0,"max_hp_gain":0.0,"max_hp_loss":0.0,"gold_gain":75.0,"event_name":"World of Goop","player_choice":"Gather Gold","floor":5.0,"gold_loss":0.0,"damage_taken":11.0},{"cards_removed":["Strike_B"],"damage_healed":0.0,"max_hp_gain":0.0,"max_hp_loss":0.0,"gold_gain":0.0,"event_name":"Purifier","player_choice":"Purged","floor":13.0,"gold_loss":0.0,"damage_taken":0.0},{"cards_removed":["Strike_B"],"damage_healed":0,"gold_gain":0,"player_choice":"Offered Basic","damage_taken":0,"max_hp_gain":0,"max_hp_loss":0,"event_name":"Bonfire Elementals","floor":36,"gold_loss":0},{"damage_healed":0,"gold_gain":0,"player_choice":"1 cards matched","damage_taken":0,"max_hp_gain":0,"max_hp_loss":0,"event_name":"Match and Keep!","floor":38,"gold_loss":0,"cards_obtained":["Thunder Strike"]},{"damage_healed":0,"gold_gain":0,"player_choice":"Damaged","damage_taken":12,"max_hp_gain":0,"max_hp_loss":0,"event_name":"Wheel of Change","floor":39,"gold_loss":0}],"is_beta":false,"boss_relics":[{"not_picked":["White Beast Statue","Lizard Tail"],"picked":"Empty Cage"},{"not_picked":["Busted Crown","Black Star"],"picked":"Fusion Hammer"}],"items_purged_floors":[],"is_endless":false,"potions_floor_spawned":[3,6,7,18,25,28,31,33,35,37,42],"ascension_level":16}