{"gold_per_floor":[115,126,301,318,318,352,352,383,383,401,401,435,454,469,469,566,566,580,426,426,58,72,72,99,99,99,112,112,211,261,261],"floor_reached":31,"playtime":1777,"items_purged":["Strike_B","Strike_B"],"score":298,"play_id":"147da485-6a44-4db0-9126-fd67480ef374","local_time":"20191006222532","is_ascension_mode":false,"campfire_choices":[{"data":"Barrage","floor":7,"key":"SMITH"},{"data":"Rainbow","floor":11,"key":"SMITH"},{"data":"Defragment","floor":15,"key":"SMITH"},{"data":"Creative AI","floor":23,"key":"SMITH"},{"data":"White Noise","floor":25,"key":"SMITH"},{"data":"Stack","floor":28,"key":"SMITH"}],"neow_cost":"NONE","seed_source_timestamp":602130412097300,"circlet_count":0,"master_deck":["Strike_B","Strike_B","Defend_B","Defend_B","Defend_B","Defend_B","Zap","Dualcast","Cold Snap","Barrage+1","Ball Lightning","Gash","Rainbow+1","Chaos","Gash","Barrage","Defragment+1","Creative AI+1","Gash","White Noise+1","Storm","Streamline","Stack+1","Hello World+1"],"relics":["Cracked Core","NeowsBlessing","Pear","Ornamental Fan","Shuriken","Vajra","Black Star","MealTicket","Bottled Tornado","Bottled Lightning","Frozen Egg 2"],"potions_floor_usage":[16,16,27,31],"damage_taken":[{"damage":0,"enemies":"Jaw Worm","floor":1,"turns":1},{"damage":0,"enemies":"Small Slimes","floor":2,"turns":1},{"damage":0,"enemies":"Cultist","floor":4,"turns":1},{"damage":20,"enemies":"Gremlin Nob","floor":6,"turns":4},{"damage":17,"enemies":"3 Sentries","floor":8,"turns":8},{"damage":6,"enemies":"3 Louse","floor":10,"turns":3},{"damage":9,"enemies":"Lagavulin","floor":12,"turns":5},{"damage":11,"enemies":"Looter","floor":13,"turns":3},{"damage":9,"enemies":"Large Slime","floor":14,"turns":3},{"damage":10,"enemies":"The Guardian","floor":16,"turns":10},{"damage":8,"enemies":"Shell Parasite","floor":18,"turns":4},{"damage":3,"enemies":"Chosen","floor":22,"turns":4},{"damage":41,"enemies":"Book of Stabbing","floor":24,"turns":4},{"damage":2,"enemies":"Centurion and Healer","floor":27,"turns":4},{"damage":15,"enemies":"Snake Plant","floor":31,"turns":2}],"seed_played":"-2078637164375171730","potions_obtained":[{"floor":2,"key":"Swift Potion"},{"floor":8,"key":"GamblersBrew"},{"floor":10,"key":"SneckoOil"},{"floor":12,"key":"Block Potion"},{"floor":14,"key":"Block Potion"},{"floor":16,"key":"SpeedPotion"},{"floor":18,"key":"SpeedPotion"}],"is_trial":false,"path_per_floor":["M","M","?","M","?","E","R","E","T","M","R","E","M","M","R","B",null,"M","$","?","$","M","R","E","R","T","M","R","?","?","M"],"character_chosen":"DEFECT","items_purchased":["White Noise","MealTicket","Storm"],"campfire_rested":0,"item_purchase_floors":[19,21,21],"current_hp_per_floor":[75,75,75,75,75,65,65,48,48,42,42,33,22,13,13,3,85,77,77,61,61,58,58,17,17,17,15,15,15,15,0],"gold":261,"neow_bonus":"THREE_ENEMY_KILL","is_prod":false,"is_daily":false,"chose_seed":false,"campfire_upgraded":6,"win_rate":0.0,"timestamp":1570371932,"path_taken":["M","M","?","M","?","E","R","E","T","M","R","E","M","?","R","BOSS","M","$","?","$","M","R","E","R","T","M","R","?","?","?"],"build_version":"2019-07-17","purchased_purges":2,"victory":false,"max_hp_per_floor":[75,75,75,75,75,85,85,85,85,85,85,85,85,85,85,85,85,85,85,90,90,90,90,90,90,90,90,90,90,90,90],"card_choices":[{"not_picked":["Blizzard","Steam"],"picked":"Cold Snap","floor":1},{"not_picked":["Steam","Go for the Eyes"],"picked":"Barrage","floor":2},{"not_picked":["Heatsinks","Go for the Eyes"],"picked":"Ball Lightning","floor":4},{"not_picked":["Thunder Strike","Coolheaded"],"picked":"Gash","floor":6},{"not_picked":["White Noise","Conserve Battery"],"picked":"Rainbow","floor":8},{"not_picked":["Go for the Eyes","Redo"],"picked":"Chaos","floor":10},{"not_picked":["Scrape","Force Field"],"picked":"Gash","floor":12},{"not_picked":["Blizzard","Steam"],"picked":"Barrage","floor":13},{"not_picked":["Rebound","Static Discharge"],"picked":"Defragment","floor":14},{"not_picked":["Buffer","Thunder Strike"],"picked":"Creative AI","floor":16},{"not_picked":["Streamline+1","Darkness"],"picked":"Gash","floor":18},{"not_picked":["BootSequence","Sweeping Beam"],"picked":"Streamline","floor":22},{"not_picked":["Gash+1","Beam Cell"],"picked":"Stack","floor":24},{"not_picked":["Rebound+1","Go for the Eyes+1"],"picked":"Hello World+1","floor":27}],"player_experience":111388,"relics_obtained":[{"floor":6,"key":"Pear"},{"floor":8,"key":"Ornamental Fan"},{"floor":9,"key":"Shuriken"},{"floor":12,"key":"Vajra"},{"floor":24,"key":"Bottled Tornado"},{"floor":24,"key":"Bottled Lightning"},{"floor":26,"key":"Frozen Egg 2"}],"event_choices":[{"damage_healed":0,"gold_gain":175,"player_choice":"AGREE","damage_taken":0,"max_hp_gain":0,"max_hp_loss":0,"event_name":"Liars Game","floor":3,"gold_loss":0,"cards_obtained":["Doubt"]},{"cards_removed":["Doubt"],"damage_healed":0,"gold_gain":0,"player_choice":"Removed Curses","damage_taken":0,"max_hp_gain":0,"max_hp_loss":0,"event_name":"Fountain of Cleansing","floor":5,"gold_loss":0},{"damage_healed":0,"gold_gain":0,"player_choice":"Shed Blood","damage_taken":21,"max_hp_gain":5,"max_hp_loss":0,"event_name":"Forgotten Altar","floor":20,"gold_loss":0},{"damage_healed":0,"gold_gain":99,"player_choice":"Stole From Cult","damage_taken":0,"max_hp_gain":0,"max_hp_loss":0,"event_name":"Nest","floor":29,"gold_loss":0},{"damage_healed":0,"gold_gain":100,"player_choice":"Bet on Murderer","damage_taken":0,"max_hp_gain":0,"max_hp_loss":0,"event_name":"The Joust","floor":30,"gold_loss":50}],"is_beta":false,"boss_relics":[{"not_picked":["Velvet Choker","Runic Dome"],"picked":"Black Star"}],"items_purged_floors":[19,21],"is_endless":false,"potions_floor_spawned":[2,8,10,12,14,16,18,24],"killed_by":"Snake Plant","ascension_level":0}