{"gold_per_floor":[119,135,153,153,164,164,197,197,247,247,257,407,171,185,185,259,259,271,20,20,37,37,37,63,13,37,51,64,64,34,51,51,123,123,136,19,34,34,48,48,48,48,48,48,48,48],"floor_reached":46,"playtime":2530,"items_purged":["Doubt","Strike_B","Strike_B","Defend_B"],"score":854,"play_id":"65add959-667b-4802-8bb0-4a1da8f1d876","local_time":"20190309211348","is_ascension_mode":true,"campfire_choices":[{"data":"Defragment","floor":6,"key":"SMITH"},{"data":"Strike_B","floor":8,"key":"PURGE"},{"data":"Dualcast","floor":10,"key":"SMITH"},{"floor":15,"key":"REST"},{"data":"Strike_B","floor":23,"key":"PURGE"},{"data":"Skim","floor":29,"key":"SMITH"},{"floor":32,"key":"REST"},{"floor":40,"key":"REST"},{"floor":44,"key":"REST"}],"neow_cost":"NONE","seed_source_timestamp":1188318565607868,"circlet_count":0,"master_deck":["AscendersBane","Defend_B","Dualcast+1","Electrodynamics","Tempest","Gash","Cold Snap","Defragment+1","Skim+1","Chill","Gash","Biased Cognition","Ball Lightning","Echo Form+1","Gash","All For One","Steam","Rebound","Static Discharge","Conserve Battery","White Noise+1","Hyperbeam","Stack","Steam","Leap","Coolheaded+1","Capacitor+1","The Bomb","Madness","Madness","All For One"],"relics":["Cracked Core","Mercury Hourglass","Peace Pipe","Smiling Mask","Busted Crown","StoneCalendar","Omamori","Empty Cage","Darkstone Periapt"],"potions_floor_usage":[7,7,14,24,28,31,33],"damage_taken":[{"damage":5,"enemies":"Cultist","floor":1,"turns":4},{"damage":0,"enemies":"2 Louse","floor":2,"turns":1},{"damage":7,"enemies":"Small Slimes","floor":3,"turns":3},{"damage":8,"enemies":"Looter","floor":5,"turns":3},{"damage":14,"enemies":"Lagavulin","floor":7,"turns":5},{"damage":16,"enemies":"Exordium Thugs","floor":11,"turns":3},{"damage":23,"enemies":"3 Louse","floor":14,"turns":2},{"damage":0,"enemies":"Slime Boss","floor":16,"turns":4},{"damage":0,"enemies":"Chosen","floor":18,"turns":4},{"damage":6,"enemies":"3 Byrds","floor":21,"turns":2},{"damage":3,"enemies":"Gremlin Leader","floor":24,"turns":6},{"damage":6,"enemies":"Cultist and Chosen","floor":27,"turns":4},{"damage":11,"enemies":"Snecko","floor":28,"turns":4},{"damage":24,"enemies":"Sentry and Sphere","floor":31,"turns":4},{"damage":4,"enemies":"Champ","floor":33,"turns":9},{"damage":23,"enemies":"3 Shapes","floor":35,"turns":3},{"damage":0,"enemies":"3 Darklings","floor":37,"turns":4},{"damage":29,"enemies":"Transient","floor":39,"turns":5},{"damage":36,"enemies":"Maw","floor":46,"turns":4}],"seed_played":"-6616128028077828602","potions_obtained":[{"floor":1,"key":"EssenceOfSteel"},{"floor":3,"key":"Regen Potion"},{"floor":11,"key":"LiquidBronze"},{"floor":21,"key":"Ancient Potion"},{"floor":24,"key":"Poison Potion"},{"floor":28,"key":"Fire Potion"},{"floor":30,"key":"PowerPotion"},{"floor":37,"key":"LiquidBronze"}],"is_trial":false,"path_per_floor":["M","M","M","T","M","R","E","R","T","R","M","?","$","M","R","B",null,"M","$","?","M","?","R","E","$","T","M","M","R","?","M","R","B",null,"M","$","M","$","M","R","?","?","T","R","?","M"],"character_chosen":"DEFECT","items_purchased":["Gash","Biased Cognition","All For One","Steam","Steam","Leap"],"campfire_rested":4,"item_purchase_floors":[13,13,19,19,36,36],"current_hp_per_floor":[59,59,52,52,44,44,44,44,44,44,28,28,28,5,26,26,60,60,60,60,54,54,54,51,51,51,45,34,34,34,10,31,27,60,37,37,37,37,8,29,24,11,11,32,32,0],"gold":48,"neow_bonus":"ONE_RANDOM_RARE_CARD","is_prod":false,"is_daily":false,"chose_seed":false,"campfire_upgraded":3,"win_rate":0,"timestamp":1552184028,"path_taken":["M","M","M","?","M","R","E","R","T","R","M","?","$","M","R","BOSS","M","$","?","M","?","R","E","$","T","M","?","R","?","M","R","BOSS","M","?","M","$","?","R","?","?","T","R","?","?"],"build_version":"2019-01-23","purchased_purges":4,"victory":false,"max_hp_per_floor":[71,71,71,71,71,71,71,71,71,71,71,71,71,71,71,71,71,71,71,71,71,71,71,71,71,71,71,71,71,71,71,71,71,71,71,71,71,71,71,71,71,71,71,71,71,71],"card_choices":[{"not_picked":["FTL","Compile Driver"],"picked":"Tempest","floor":1},{"not_picked":["Sweeping Beam","Hologram"],"picked":"Gash","floor":2},{"not_picked":["Recycle","Barrage"],"picked":"Cold Snap","floor":3},{"not_picked":["Steam","Lockon"],"picked":"Defragment","floor":5},{"not_picked":["Fusion","Blizzard"],"picked":"Skim","floor":7},{"not_picked":["Go for the Eyes","Streamline"],"picked":"Chill","floor":11},{"not_picked":["Conserve Battery","Steam"],"picked":"Ball Lightning","floor":14},{"not_picked":["Fission","Meteor Strike"],"picked":"Echo Form","floor":16},{"not_picked":[],"picked":"Gash","floor":18},{"not_picked":[],"picked":"Rebound","floor":21},{"not_picked":[],"picked":"Static Discharge","floor":24},{"not_picked":[],"picked":"Conserve Battery","floor":27},{"not_picked":[],"picked":"White Noise+1","floor":28},{"not_picked":["Rebound"],"picked":"SKIP","floor":31},{"not_picked":[],"picked":"Hyperbeam","floor":33},{"not_picked":[],"picked":"Stack","floor":35},{"not_picked":[],"picked":"Coolheaded+1","floor":37},{"not_picked":[],"picked":"Capacitor+1","floor":39},{"not_picked":[],"picked":"The Bomb","floor":41}],"player_experience":2355706,"relics_obtained":[{"floor":4,"key":"Mercury Hourglass"},{"floor":7,"key":"Peace Pipe"},{"floor":9,"key":"Smiling Mask"},{"floor":24,"key":"StoneCalendar"},{"floor":26,"key":"Omamori"},{"floor":43,"key":"Darkstone Periapt"}],"event_choices":[{"damage_healed":0,"gold_gain":150,"player_choice":"AGREE","damage_taken":0,"max_hp_gain":0,"max_hp_loss":0,"event_name":"Liars Game","floor":12,"gold_loss":0,"cards_obtained":["Doubt"]},{"cards_removed":["Defend_B"],"damage_healed":0,"gold_gain":0,"player_choice":"Elegance","damage_taken":0,"max_hp_gain":0,"max_hp_loss":0,"event_name":"Back to Basics","floor":20,"gold_loss":0},{"damage_healed":0,"gold_gain":0,"player_choice":"Forge","damage_taken":0,"max_hp_gain":0,"max_hp_loss":0,"event_name":"Accursed Blacksmith","floor":22,"gold_loss":0,"cards_upgraded":["Echo Form"]},{"damage_healed":0,"gold_gain":0,"player_choice":"Bought 2 Potions","damage_taken":0,"max_hp_gain":0,"max_hp_loss":0,"event_name":"The Woman in Blue","floor":30,"gold_loss":0},{"damage_healed":0,"gold_gain":0,"player_choice":"Memory 2","damage_taken":5,"max_hp_gain":0,"max_hp_loss":0,"event_name":"SensoryStone","floor":41,"gold_loss":0},{"damage_healed":0,"gold_gain":0,"player_choice":"Embrace Madness","damage_taken":13,"max_hp_gain":0,"max_hp_loss":0,"event_name":"Winding Halls","floor":42,"gold_loss":0,"cards_obtained":["Madness","Madness"]},{"damage_healed":0,"gold_gain":0,"player_choice":"Copied","damage_taken":0,"max_hp_gain":0,"max_hp_loss":0,"event_name":"Duplicator","floor":45,"gold_loss":0,"cards_obtained":["All For One"]}],"is_beta":false,"boss_relics":[{"not_picked":["Runic Pyramid","Tiny House"],"picked":"Busted Crown"},{"not_picked":["Lizard Tail","Eternal Feather"],"picked":"Empty Cage"}],"items_purged_floors":[13,19,25,36],"is_endless":false,"potions_floor_spawned":[1,3,5,11,21,24,28,37],"killed_by":"Maw","ascension_level":15}