{"gold_per_floor":[116,0,11,21,40,71,71,104,104,132,132,152,152,9,9,112,112,130,130,140,140],"floor_reached":21,"playtime":5248,"items_purged":[],"score":209,"play_id":"b4ddeb9a-5e21-4e5b-8ee7-d185082e5f1d","local_time":"20190804121610","is_ascension_mode":true,"campfire_choices":[{"floor":7.0,"key":"REST"},{"floor":13.0,"key":"REST"},{"floor":15.0,"key":"REST"}],"neow_cost":"NONE","seed_source_timestamp":0,"circlet_count":0,"master_deck":["Strike_G","Strike_G","Strike_G","Strike_G","Strike_G","Defend_G","Defend_G","Defend_G","Defend_G","Defend_G","Survivor","Backflip","Accuracy","Slice","Deadly Poison","Quick Slash","Cloak And Dagger","All Out Attack","Dash","Finisher","Pain","Accuracy","Caltrops","Caltrops","Glass Knife+1","Distraction+1","Accuracy+1","Bouncing Flask","RitualDagger","Underhanded Strike"],"special_seed":0,"relics":["Ring of the Snake","Anchor","The Courier","Singing Bowl","Mercury Hourglass","WarpedTongs","Astrolabe"],"potions_floor_usage":[],"damage_taken":[{"damage":1.0,"enemies":"2 Louse","floor":1.0,"turns":5.0},{"damage":10.0,"enemies":"Cultist","floor":3.0,"turns":7.0},{"damage":0.0,"enemies":"Small Slimes","floor":4.0,"turns":5.0},{"damage":10.0,"enemies":"Exordium Thugs","floor":5.0,"turns":7.0},{"damage":16.0,"enemies":"Gremlin Nob","floor":6.0,"turns":3.0},{"damage":20.0,"enemies":"3 Sentries","floor":8.0,"turns":7.0},{"damage":2.0,"enemies":"Gremlin Nob","floor":10.0,"turns":4.0},{"damage":4.0,"enemies":"Large Slime","floor":12.0,"turns":4.0},{"damage":57.0,"enemies":"Slime Boss","floor":16.0,"turns":9.0},{"damage":16.0,"enemies":"Shell Parasite","floor":18.0,"turns":6.0},{"damage":30,"enemies":"2 Thieves","floor":20,"turns":4},{"damage":8,"enemies":"Snake Plant","floor":21,"turns":3}],"seed_played":"-7959037951537065646","potions_obtained":[{"floor":1.0,"key":"Strength Potion"},{"floor":3.0,"key":"Strength Potion"},{"floor":6.0,"key":"PowerPotion"},{"floor":12.0,"key":"GamblersBrew"},{"floor":16.0,"key":"Explosive Potion"}],"is_trial":false,"path_per_floor":["M","$","M","M","M","E","R","E","T","E","?","M","R","$","R","B",null,"M","?","M","M"],"character_chosen":"THE_SILENT","items_purchased":["Accuracy","Slice","Bouncing Flask","Caltrops","Caltrops"],"campfire_rested":3,"item_purchase_floors":[2,2,14,14,14],"current_hp_per_floor":[76,76,66,66,56,40,63,43,43,41,41,37,60,60,77,20,77,61,55,25,17],"gold":140,"neow_bonus":"TEN_PERCENT_HP_BONUS","is_prod":false,"is_daily":false,"chose_seed":false,"campfire_upgraded":0,"win_rate":0,"timestamp":1564931770,"path_taken":["M","$","M","M","M","E","R","E","T","E","?","?","R","$","R","BOSS","M","?","M","M"],"build_version":"2019-07-17","purchased_purges":0,"victory":false,"max_hp_per_floor":[77,77,77,77,77,77,77,77,77,77,77,77,77,77,77,77,77,77,77,77,77],"card_choices":[{"not_picked":["Backstab","Endless Agony"],"picked":"Backflip","floor":1.0},{"not_picked":["Quick Slash","Sucker Punch"],"picked":"Deadly Poison","floor":3.0},{"not_picked":["Prepared","Setup"],"picked":"Quick Slash","floor":4.0},{"not_picked":["Sucker Punch","Outmaneuver"],"picked":"Cloak And Dagger","floor":5.0},{"not_picked":["Caltrops","Quick Slash"],"picked":"All Out Attack","floor":6.0},{"not_picked":["Acrobatics","Caltrops"],"picked":"Dash","floor":8.0},{"not_picked":["Outmaneuver","Riddle With Holes"],"picked":"Finisher","floor":10.0},{"not_picked":["Dagger Throw","Poisoned Stab"],"picked":"Accuracy","floor":12.0},{"not_picked":["A Thousand Cuts","Venomology"],"picked":"Unload","floor":16.0},{"not_picked":["Setup+1","Acrobatics+1"],"picked":"Bouncing Flask","floor":18.0},{"not_picked":["Caltrops","Footwork"],"picked":"Underhanded Strike","floor":20}],"player_experience":269150,"relics_obtained":[{"floor":6.0,"key":"Anchor"},{"floor":8.0,"key":"The Courier"},{"floor":9.0,"key":"Singing Bowl"},{"floor":10.0,"key":"Mercury Hourglass"}],"event_choices":[{"damage_healed":0.0,"max_hp_gain":0.0,"max_hp_loss":0.0,"gold_gain":0.0,"event_name":"Accursed Blacksmith","player_choice":"Rummage","floor":11.0,"gold_loss":0.0,"damage_taken":0.0,"relics_obtained":["WarpedTongs"],"cards_obtained":["Pain"]},{"damage_healed":0.0,"max_hp_gain":0.0,"max_hp_loss":0.0,"gold_gain":0.0,"event_name":"Nest","player_choice":"Joined the Cult","floor":19.0,"gold_loss":0.0,"damage_taken":6.0,"cards_obtained":["RitualDagger"]}],"is_beta":false,"boss_relics":[{"not_picked":["HoveringKite","Pandora\u0027s Box"],"picked":"Astrolabe"}],"items_purged_floors":[],"is_endless":false,"potions_floor_spawned":[1,3,6,12,16],"killed_by":"Snake Plant","ascension_level":1}