{"gold_per_floor":[114,129,144,144,159,189,219,219,269,284,299,299,76,91,91,191,191,206,206,206,221,251,251],"floor_reached":23,"playtime":1461,"items_purged":[],"score":223,"play_id":"185bc386-1c39-4c20-8ab2-25f7b2c8ad7d","local_time":"20190721113200","daily_mods":["Chimera","Uncertain Future","DeadlyEvents"],"is_ascension_mode":false,"campfire_choices":[{"floor":8,"key":"REST"},{"floor":12,"key":"REST"},{"data":"Thunder Strike","floor":15,"key":"SMITH"}],"neow_cost":"","seed_source_timestamp":0,"circlet_count":0,"master_deck":["Survivor","Zap","Strike_R","Strike_G","Strike_B","Defend_R","Defend_G","Defend_B","Cold Snap","Leap","Coolheaded","Thunder Strike+1","Gash","Rainbow","Stack","Reinforced Body","Gash","Loop","Hologram","Loop","Rip and Tear","FTL","Capacitor","Multi-Cast","Leap","Gash","Rip and Tear+1","Undo"],"special_seed":18098,"relics":["Cracked Core","Dream Catcher","Regal Pillow","PreservedInsect","Velvet Choker","Art of War"],"potions_floor_usage":[6,10,16,22,22,23],"damage_taken":[{"damage":0,"enemies":"Jaw Worm","floor":1,"turns":4},{"damage":0,"enemies":"Cultist","floor":2,"turns":3},{"damage":2,"enemies":"Small Slimes","floor":3,"turns":3},{"damage":0,"enemies":"2 Fungi Beasts","floor":5,"turns":4},{"damage":38,"enemies":"Gremlin Nob","floor":6,"turns":5},{"damage":25,"enemies":"Lagavulin","floor":7,"turns":9},{"damage":14,"enemies":"Lots of Slimes","floor":10,"turns":5},{"damage":3,"enemies":"Large Slime","floor":11,"turns":7},{"damage":11,"enemies":"3 Louse","floor":14,"turns":2},{"damage":31,"enemies":"The Guardian","floor":16,"turns":12},{"damage":12,"enemies":"Shell Parasite","floor":18,"turns":8},{"damage":0,"enemies":"Chosen","floor":21,"turns":4},{"damage":11,"enemies":"Book of Stabbing","floor":22,"turns":3},{"damage":41,"enemies":"Gremlin Leader","floor":23,"turns":4}],"seed_played":"-4166405544974942499","potions_obtained":[{"floor":2,"key":"Regen Potion"},{"floor":7,"key":"LiquidBronze"},{"floor":11,"key":"Poison Potion"},{"floor":16,"key":"LiquidBronze"},{"floor":21,"key":"Strength Potion"},{"floor":22,"key":"SkillPotion"}],"is_trial":false,"path_per_floor":["M","M","M","?","M","E","E","R","T","M","M","R","$","M","R","B",null,"M","?","?","M","E","E"],"character_chosen":"DEFECT","items_purchased":["Loop","Rip and Tear","FTL"],"campfire_rested":2,"item_purchase_floors":[13,13,13],"current_hp_per_floor":[75,75,73,73,73,44,19,56,56,42,39,75,75,64,64,33,75,63,49,49,49,38,0],"gold":251,"neow_bonus":"","is_prod":false,"is_daily":true,"chose_seed":false,"campfire_upgraded":1,"win_rate":0.0,"timestamp":1563719520,"path_taken":["M","M","M","?","?","E","?","R","T","M","M","R","$","M","R","BOSS","M","?","?","M","?","E"],"build_version":"2019-07-17","purchased_purges":0,"victory":false,"max_hp_per_floor":[75,75,75,75,75,75,75,75,75,75,75,75,75,75,75,75,75,75,80,80,80,80,80],"card_choices":[{"not_picked":["Rebound","Barrage"],"picked":"Cold Snap","floor":1},{"not_picked":["Rebound","Ball Lightning"],"picked":"Leap","floor":2},{"not_picked":["Barrage","Beam Cell"],"picked":"Coolheaded","floor":3},{"not_picked":["Sweeping Beam","Leap"],"picked":"Gash","floor":5},{"not_picked":["Auto Shields","Storm"],"picked":"Rainbow","floor":6},{"not_picked":["Streamline","Turbo"],"picked":"Stack","floor":7},{"not_picked":["Undo","Leap"],"picked":"Reinforced Body","floor":8},{"not_picked":["Compile Driver","Beam Cell"],"picked":"Gash","floor":10},{"not_picked":["Double Energy","Go for the Eyes"],"picked":"Loop","floor":11},{"not_picked":["Self Repair","Coolheaded"],"picked":"Hologram","floor":12},{"not_picked":["Go for the Eyes","Conserve Battery"],"picked":"Capacitor","floor":14},{"not_picked":["Fission","Hyperbeam"],"picked":"Multi-Cast","floor":16},{"not_picked":["Ball Lightning","Coolheaded"],"picked":"Leap","floor":18},{"not_picked":["Barrage","Cold Snap"],"picked":"Rip and Tear+1","floor":21},{"not_picked":["Blizzard","Ball Lightning"],"picked":"Undo","floor":22}],"player_experience":212566,"relics_obtained":[{"floor":6,"key":"Dream Catcher"},{"floor":7,"key":"Regal Pillow"},{"floor":9,"key":"PreservedInsect"},{"floor":22,"key":"Art of War"}],"event_choices":[{"damage_healed":0,"gold_gain":0,"cards_transformed":["Bash"],"player_choice":"Transformed","damage_taken":0,"max_hp_gain":0,"max_hp_loss":0,"event_name":"Transmorgrifier","floor":4,"gold_loss":0,"cards_obtained":["Thunder Strike"]},{"damage_healed":0,"gold_gain":0,"player_choice":"Shed Blood","damage_taken":19,"max_hp_gain":5,"max_hp_loss":0,"event_name":"Forgotten Altar","floor":19,"gold_loss":0},{"damage_healed":0,"gold_gain":0,"player_choice":"Copied","damage_taken":0,"max_hp_gain":0,"max_hp_loss":0,"event_name":"Duplicator","floor":20,"gold_loss":0,"cards_obtained":["Gash"]}],"is_beta":false,"boss_relics":[{"not_picked":["Eternal Feather","Calling Bell"],"picked":"Velvet Choker"}],"items_purged_floors":[],"is_endless":false,"potions_floor_spawned":[2,7,11,16,21,22],"killed_by":"Gremlin Leader","ascension_level":0}