{"gold_per_floor":[115,65,80,80,95,127,139,139,190,20,54,54,54,75,75,194,194,208,208,222,31,47,47,47,47,102,102,117,117,140,140,140,285,285,298,311,311,324,343,377,36,36,104,104,129,172,172],"floor_reached":47,"playtime":5276,"items_purged":["Strike_G","Strike_G"],"score":645,"play_id":"c5095b42-9b83-45fd-88bc-c9134e0eabd2","local_time":"20191004000559","is_ascension_mode":false,"campfire_choices":[{"data":"Cloak And Dagger","floor":8,"key":"SMITH"},{"data":"Well Laid Plans","floor":15,"key":"SMITH"},{"data":"Burst","floor":23,"key":"SMITH"},{"data":"Accuracy","floor":27,"key":"SMITH"},{"data":"Magnetism","floor":29,"key":"SMITH"},{"data":"Bouncing Flask","floor":32,"key":"SMITH"},{"data":"Mayhem","floor":42,"key":"SMITH"},{"data":"After Image","floor":44,"key":"SMITH"}],"neow_cost":"NONE","seed_source_timestamp":345441520002200,"circlet_count":0,"master_deck":["Strike_G","Defend_G","Defend_G","Defend_G","Defend_G","Defend_G","Survivor","Neutralize+1","Predator","Cloak And Dagger+1","Bane","Dagger Throw","Terror","Deadly Poison","Footwork","Well Laid Plans+1","Bouncing Flask+1","Burst+1","Infinite Blades","Footwork","Caltrops+1","Magnetism+1","Accuracy+1","After Image+1","Blur","Neutralize","Acrobatics","Expertise+1","Distraction+1","Mayhem+1","Noxious Fumes","Reflex+1"],"relics":["Coffee Dripper","Sundial","Anchor","Blood Vial","Golden Idol","Thread and Needle","Runic Pyramid","Bag of Marbles","HoveringKite","FossilizedHelix","Molten Egg 2","Peace Pipe"],"potions_floor_usage":[16,28,33,33,47,47,47,47,47,47],"damage_taken":[{"damage":2,"enemies":"Small Slimes","floor":1,"turns":4},{"damage":1,"enemies":"Jaw Worm","floor":3,"turns":3},{"damage":0,"enemies":"Cultist","floor":5,"turns":4},{"damage":4,"enemies":"Lagavulin","floor":6,"turns":9},{"damage":2,"enemies":"Red Slaver","floor":7,"turns":3},{"damage":2,"enemies":"3 Sentries","floor":11,"turns":9},{"damage":0,"enemies":"Exordium Wildlife","floor":14,"turns":4},{"damage":31,"enemies":"The Guardian","floor":16,"turns":8},{"damage":2,"enemies":"3 Byrds","floor":18,"turns":6},{"damage":0,"enemies":"Chosen","floor":20,"turns":4},{"damage":0,"enemies":"Snake Plant","floor":22,"turns":4},{"damage":0,"enemies":"Snecko","floor":28,"turns":5},{"damage":0,"enemies":"Centurion and Healer","floor":30,"turns":7},{"damage":0,"enemies":"Champ","floor":33,"turns":11},{"damage":3,"enemies":"Orb Walker","floor":35,"turns":6},{"damage":4,"enemies":"3 Shapes","floor":36,"turns":5},{"damage":24,"enemies":"Jaw Worm Horde","floor":38,"turns":6},{"damage":3,"enemies":"Maw","floor":39,"turns":7},{"damage":0,"enemies":"Giant Head","floor":40,"turns":7},{"damage":1,"enemies":"Spire Growth","floor":45,"turns":6},{"damage":0,"enemies":"Nemesis","floor":46,"turns":5},{"damage":52,"enemies":"Sphere and 2 Shapes","floor":47,"turns":3}],"seed_played":"1145355676315094247","potions_obtained":[{"floor":1,"key":"Dexterity Potion"},{"floor":5,"key":"Ancient Potion"},{"floor":11,"key":"Ancient Potion"},{"floor":14,"key":"PowerPotion"},{"floor":22,"key":"SneckoOil"},{"floor":28,"key":"EssenceOfSteel"},{"floor":30,"key":"SteroidPotion"},{"floor":31,"key":"EntropicBrew"},{"floor":33,"key":"Energy Potion"},{"floor":38,"key":"SpeedPotion"}],"is_trial":false,"path_per_floor":["M","?","M","?","M","E","M","R","T","$","E","?","T","M","R","B",null,"M","?","M","$","M","R","?","$","T","R","M","R","M","?","R","B",null,"M","M","?","M","M","E","$","R","T","R","M","E","M"],"character_chosen":"THE_SILENT","items_purchased":["Deadly Poison","Footwork","Magnetism","Mayhem","Noxious Fumes"],"campfire_rested":0,"item_purchase_floors":[10,10,21,41,41],"current_hp_per_floor":[68,68,67,67,67,63,61,61,61,61,59,42,42,44,44,15,70,68,68,70,70,70,70,70,70,70,70,70,70,70,70,70,70,70,67,65,65,43,42,44,44,44,44,44,45,47,0],"gold":172,"neow_bonus":"BOSS_RELIC","is_prod":false,"is_daily":false,"chose_seed":false,"campfire_upgraded":8,"win_rate":0,"timestamp":1570118759,"path_taken":["M","?","M","?","M","E","?","R","T","?","E","?","?","?","R","BOSS","M","?","?","?","M","R","?","?","T","R","?","R","M","?","R","BOSS","M","?","?","M","?","E","$","R","T","R","M","E","M"],"build_version":"2019-07-17","purchased_purges":2,"victory":false,"max_hp_per_floor":[70,70,70,70,70,70,70,70,70,70,70,70,70,70,70,70,70,70,70,70,70,70,70,70,70,70,70,70,70,70,70,70,70,70,70,70,70,70,70,70,70,70,70,70,70,70,70],"card_choices":[{"not_picked":["Terror","Leg Sweep"],"picked":"Predator","floor":1},{"not_picked":["Backflip","PiercingWail"],"picked":"Cloak And Dagger","floor":3},{"not_picked":["Expertise","Quick Slash"],"picked":"Bane","floor":5},{"not_picked":["Outmaneuver","PiercingWail"],"picked":"Dagger Throw","floor":6},{"not_picked":["PiercingWail","Prepared"],"picked":"Terror","floor":7},{"not_picked":["Corpse Explosion","Accuracy"],"picked":"Well Laid Plans","floor":11},{"not_picked":["Outmaneuver","Dodge and Roll"],"picked":"Bouncing Flask","floor":14},{"not_picked":["Unload","Die Die Die"],"picked":"Burst","floor":16},{"not_picked":["Quick Slash+1","Eviscerate"],"picked":"Infinite Blades","floor":18},{"not_picked":["Outmaneuver+1","Prepared"],"picked":"Caltrops+1","floor":20},{"not_picked":["Bane","Slice"],"picked":"Accuracy","floor":22},{"not_picked":["Flying Knee","PiercingWail","Die Die Die"],"picked":"SKIP","floor":28},{"not_picked":["All Out Attack","Masterful Stab","Eviscerate+1"],"picked":"SKIP","floor":30},{"not_picked":["Phantasmal Killer","Glass Knife"],"picked":"After Image","floor":33},{"not_picked":["Underhanded Strike+1","Slice","PiercingWail+1"],"picked":"SKIP","floor":35},{"not_picked":["Escape Plan+1","Slice+1"],"picked":"Blur","floor":36},{"not_picked":["Calculated Gamble","Quick Slash"],"picked":"Acrobatics","floor":38},{"not_picked":["Dagger Throw","Bane+1"],"picked":"Expertise+1","floor":39},{"not_picked":["Expertise+1","Outmaneuver+1"],"picked":"Distraction+1","floor":40},{"not_picked":["Predator+1","Night Terror"],"picked":"Reflex+1","floor":45},{"not_picked":["Leg Sweep+1","Endless Agony+1","Dagger Spray+1"],"picked":"SKIP","floor":46},{"not_picked":["Leg Sweep+1","Endless Agony+1","Dagger Spray+1"],"picked":"SKIP","floor":46}],"player_experience":62959,"relics_obtained":[{"floor":6,"key":"Sundial"},{"floor":9,"key":"Anchor"},{"floor":11,"key":"Blood Vial"},{"floor":13,"key":"Thread and Needle"},{"floor":26,"key":"Bag of Marbles"},{"floor":40,"key":"FossilizedHelix"},{"floor":43,"key":"Molten Egg 2"},{"floor":46,"key":"Peace Pipe"}],"event_choices":[{"cards_removed":["Strike_G"],"damage_healed":0,"gold_gain":0,"player_choice":"Card Removal","damage_taken":0,"max_hp_gain":0,"max_hp_loss":0,"event_name":"The Cleric","floor":2,"gold_loss":50},{"damage_healed":0,"gold_gain":0,"player_choice":"Upgraded","damage_taken":0,"max_hp_gain":0,"max_hp_loss":0,"event_name":"Upgrade Shrine","floor":4,"gold_loss":0,"cards_upgraded":["Neutralize"]},{"damage_healed":0,"gold_gain":0,"player_choice":"Take Damage","damage_taken":17,"relics_obtained":["Golden Idol"],"max_hp_gain":0,"max_hp_loss":0,"event_name":"Golden Idol","floor":12,"gold_loss":0},{"damage_healed":0,"gold_gain":0,"player_choice":"Copied","damage_taken":0,"max_hp_gain":0,"max_hp_loss":0,"event_name":"Duplicator","floor":19,"gold_loss":0,"cards_obtained":["Footwork"]},{"cards_removed":["Strike_G"],"damage_healed":0,"gold_gain":0,"player_choice":"Elegance","damage_taken":0,"max_hp_gain":0,"max_hp_loss":0,"event_name":"Back to Basics","floor":24,"gold_loss":0},{"damage_healed":0,"gold_gain":0,"player_choice":"Got Potions","damage_taken":0,"max_hp_gain":0,"max_hp_loss":0,"event_name":"Lab","floor":31,"gold_loss":0},{"damage_healed":0,"gold_gain":0,"player_choice":"1 cards matched","damage_taken":0,"max_hp_gain":0,"max_hp_loss":0,"event_name":"Match and Keep!","floor":37,"gold_loss":0,"cards_obtained":["Neutralize"]}],"is_beta":false,"boss_relics":[{"not_picked":["Fusion Hammer","Velvet Choker"],"picked":"Runic Pyramid"},{"not_picked":["Lizard Tail","Philosopher\u0027s Stone"],"picked":"HoveringKite"}],"items_purged_floors":[10,41],"is_endless":false,"potions_floor_spawned":[1,5,11,14,22,28,30,33,38,39,45,46],"killed_by":"Sphere and 2 Shapes","ascension_level":0}