{"gold_per_floor":[117,0,13,23,98,98,63,63,87,119,9,19,19,44,44,119,119,138,8,8,8,37,37,37],"floor_reached":24,"playtime":963,"items_purged":["Strike_P"],"score":400,"play_id":"32239d52-d6a4-486e-8449-135090f88e41","local_time":"20190926205610","is_ascension_mode":true,"campfire_choices":[{"data":"Eruption","floor":6,"key":"SMITH"},{"data":"CrushJoints","floor":8,"key":"SMITH"},{"data":"Conclude","floor":13,"key":"SMITH"},{"data":"Judgement","floor":15,"key":"SMITH"},{"data":"Ragnarok","floor":23,"key":"SMITH"}],"neow_cost":"NONE","seed_source_timestamp":11309069489785,"circlet_count":0,"master_deck":["AscendersBane","Strike_P","Strike_P","Strike_P","Defend_P","Defend_P","Defend_P","Defend_P","Eruption+1","Vigilance","FollowUp","Wallop","Crescendo","Conclude+1","CrushJoints+1","EmptyBody","Judgement+1","Ragnarok+1","Swivel","ClearTheMind","BowlingBash"],"relics":["SacredBark","Oddly Smooth Stone","Dodecahedron","Dead Branch","VioletLotus","Red Mask"],"potions_floor_usage":[12,14,16,22],"damage_taken":[{"damage":7,"enemies":"Jaw Worm","floor":1,"turns":4},{"damage":15,"enemies":"Small Slimes","floor":3,"turns":3},{"damage":1,"enemies":"2 Louse","floor":4,"turns":2},{"damage":13,"enemies":"Lagavulin","floor":10,"turns":5},{"damage":0,"enemies":"Exordium Wildlife","floor":12,"turns":3},{"damage":8,"enemies":"3 Sentries","floor":14,"turns":4},{"damage":20,"enemies":"Hexaghost","floor":16,"turns":10},{"damage":0,"enemies":"Spheric Guardian","floor":18,"turns":3},{"damage":20,"enemies":"Masked Bandits","floor":22,"turns":3},{"damage":48,"enemies":"Gremlin Leader","floor":24,"turns":2}],"seed_played":"-7121166439757155154","potions_obtained":[{"floor":4,"key":"Weak Potion"},{"floor":12,"key":"BottledMiracle"},{"floor":22,"key":"Energy Potion"}],"is_trial":false,"path_per_floor":["M","$","M","M","?","R","?","R","T","E","$","M","R","E","R","B",null,"M","$","?","?","?","R","E"],"character_chosen":"WATCHER","items_purchased":["Wallop","Crescendo","Fruit Juice","Block Potion"],"campfire_rested":0,"item_purchase_floors":[2,2,11,19],"current_hp_per_floor":[48,48,33,32,21,21,36,36,36,23,23,33,33,25,25,5,55,55,55,55,55,35,35,0],"gold":37,"neow_bonus":"BOSS_RELIC","is_prod":false,"is_daily":false,"chose_seed":false,"campfire_upgraded":5,"win_rate":0,"timestamp":1569488170,"path_taken":["M","$","M","M","?","R","?","R","T","E","$","M","R","E","R","BOSS","M","$","?","?","?","R","E"],"build_version":"2019-09-25","purchased_purges":1,"victory":false,"max_hp_per_floor":[61,61,61,61,61,61,61,61,61,61,61,71,71,71,71,71,71,71,71,71,71,71,71,71],"card_choices":[{"not_picked":["Prostrate","Protect"],"picked":"FollowUp","floor":1},{"not_picked":["ForeignInfluence","CarveReality"],"picked":"Conclude","floor":3},{"not_picked":["ClearTheMind","Consecrate"],"picked":"CrushJoints","floor":4},{"not_picked":["Weave","CarveReality","FlyingSleeves"],"picked":"SKIP","floor":10},{"not_picked":["Tantrum","Protect"],"picked":"EmptyBody","floor":12},{"not_picked":["Scrawl","Crescendo"],"picked":"Judgement","floor":14},{"not_picked":["DeusExMachina","SignatureMove"],"picked":"Ragnarok","floor":16},{"not_picked":["Fasting","Consecrate"],"picked":"Swivel","floor":18},{"not_picked":["MentalFortress","FlowState"],"picked":"BowlingBash","floor":22}],"player_experience":1259361,"relics_obtained":[{"floor":9,"key":"Oddly Smooth Stone"},{"floor":10,"key":"Dodecahedron"},{"floor":14,"key":"Dead Branch"},{"floor":22,"key":"Red Mask"}],"event_choices":[{"damage_healed":0,"gold_gain":75,"player_choice":"Gather Gold","damage_taken":11,"max_hp_gain":0,"max_hp_loss":0,"event_name":"World of Goop","floor":5,"gold_loss":0},{"damage_healed":15,"gold_gain":0,"player_choice":"Healed","damage_taken":0,"max_hp_gain":0,"max_hp_loss":0,"event_name":"The Cleric","floor":7,"gold_loss":35},{"damage_healed":0,"gold_gain":0,"player_choice":"Ignored","damage_taken":0,"max_hp_gain":0,"max_hp_loss":0,"event_name":"The Mausoleum","floor":20,"gold_loss":0},{"damage_healed":0,"gold_gain":0,"player_choice":"Read","damage_taken":0,"max_hp_gain":0,"max_hp_loss":0,"event_name":"The Library","floor":21,"gold_loss":0,"cards_obtained":["ClearTheMind"]},{"damage_healed":0,"gold_gain":0,"player_choice":"Fought Bandits","damage_taken":0,"max_hp_gain":0,"max_hp_loss":0,"event_name":"Masked Bandits","floor":22,"gold_loss":0}],"is_beta":true,"boss_relics":[{"not_picked":["Runic Dome","Calling Bell"],"picked":"VioletLotus"}],"items_purged_floors":[19],"is_endless":false,"potions_floor_spawned":[4,12,22],"killed_by":"Gremlin Leader","ascension_level":20}