{"gold_per_floor":[109,123,123,134,134,134,7,36,90,90,109,120,1,21,21,117,117,127,127,24,24,24,52,52,64,64,64,64,164,164,177,177,177],"floor_reached":33,"playtime":2644,"items_purged":["Pain"],"score":408,"play_id":"3d187693-7628-41ba-adcb-22c155b86900","local_time":"20181108222840","is_ascension_mode":true,"campfire_choices":[{"floor":6,"key":"REST"},{"data":"Forethought","floor":10,"key":"SMITH"},{"floor":15,"key":"REST"},{"floor":24,"key":"REST"},{"floor":30,"key":"REST"},{"floor":32,"key":"REST"}],"neow_cost":"NONE","seed_source_timestamp":0,"circlet_count":0,"master_deck":["AscendersBane","Defend_G+1","Defend_G+1","Defend_G","Defend_G","Defend_G","Strike_G","Strike_G","Strike_G","Strike_G","Survivor","Neutralize","Forethought+1","Backstab","Outmaneuver","Dagger Spray","Poisoned Stab","Predator","Catalyst","Panacea","Infinite Blades","Venomology","Envenom","Bane+1","Quick Slash","Leg Sweep","Glass Knife","Setup","Pain","Decay","Writhe","Expertise+1"],"special_seed":0,"relics":["Ring of the Snake","WarpedTongs","Strawberry","Tiny Chest","Cursed Key","Shuriken","Happy Flower","Bag of Marbles","Potion Belt","Pen Nib"],"potions_floor_usage":[16,16,18,23,23,23,31,33,33],"damage_taken":[{"damage":4,"enemies":"Small Slimes","floor":1,"turns":6},{"damage":0,"enemies":"2 Louse","floor":2,"turns":4},{"damage":0,"enemies":"Cultist","floor":4,"turns":4},{"damage":10,"enemies":"3 Sentries","floor":8,"turns":7},{"damage":0,"enemies":"Blue Slaver","floor":11,"turns":3},{"damage":2,"enemies":"Large Slime","floor":12,"turns":3},{"damage":14,"enemies":"Gremlin Gang","floor":14,"turns":5},{"damage":54,"enemies":"Slime Boss","floor":16,"turns":14},{"damage":9,"enemies":"Chosen","floor":18,"turns":5},{"damage":30,"enemies":"Slavers","floor":23,"turns":6},{"damage":3,"enemies":"Shell Parasite","floor":25,"turns":6},{"damage":29,"enemies":"Centurion and Healer","floor":31,"turns":10},{"damage":63,"enemies":"Automaton","floor":33,"turns":10}],"seed_played":"5610171225090054055","potions_obtained":[{"floor":2,"key":"Energy Potion"},{"floor":8,"key":"Block Potion"},{"floor":18,"key":"AttackPotion"},{"floor":31,"key":"GhostInAJar"}],"is_trial":false,"path_per_floor":["M","M","?","M","?","R","$","E","T","R","M","M","$","M","R","B",null,"M","?","$","?","$","E","R","M","T","T","?","?","R","M","R","B"],"character_chosen":"THE_SILENT","items_purchased":["Dagger Spray","Panacea","Infinite Blades","Quick Slash","Leg Sweep"],"campfire_rested":5,"item_purchase_floors":[7,13,13,20,20],"current_hp_per_floor":[59,59,45,45,45,66,66,63,63,63,63,61,61,47,70,16,62,53,53,53,53,53,23,46,43,43,43,43,43,66,37,60,0],"gold":177,"neow_bonus":"RANDOM_COLORLESS","is_prod":false,"is_daily":false,"chose_seed":false,"campfire_upgraded":1,"win_rate":0,"timestamp":1541734120,"path_taken":["M","M","?","M","?","R","$","E","T","R","?","M","$","M","R","BOSS","M","?","$","?","$","E","R","?","T","?","?","?","R","M","R","BOSS"],"build_version":"2018-11-08","purchased_purges":1,"victory":false,"max_hp_per_floor":[70,70,70,70,70,70,70,77,77,77,77,77,77,77,77,77,77,77,77,77,77,77,77,77,77,77,77,77,77,77,77,77,77],"card_choices":[{"not_picked":["Flying Knee","Deflect"],"picked":"Backstab","floor":1},{"not_picked":["Concentrate","Backflip"],"picked":"Outmaneuver","floor":2},{"not_picked":["Sucker Punch","PiercingWail"],"picked":"Masterful Stab","floor":4},{"not_picked":["Dodge and Roll","Accuracy"],"picked":"Poisoned Stab","floor":8},{"not_picked":["Blur","Deflect"],"picked":"Predator","floor":11},{"not_picked":["Sucker Punch","Dagger Throw"],"picked":"Catalyst","floor":12},{"not_picked":["Poisoned Stab","Masterful Stab"],"picked":"Venomology","floor":14},{"not_picked":["Tools of the Trade","A Thousand Cuts"],"picked":"Envenom","floor":16},{"not_picked":["Underhanded Strike","Dagger Spray+1"],"picked":"Bane+1","floor":18},{"not_picked":["Acrobatics","Cloak And Dagger"],"picked":"Glass Knife","floor":23},{"not_picked":["PiercingWail","Dodge and Roll+1"],"picked":"Setup","floor":25},{"not_picked":["Flechettes+1","Outmaneuver"],"picked":"Expertise+1","floor":31}],"player_experience":1954665,"relics_obtained":[{"floor":8,"key":"Strawberry"},{"floor":9,"key":"Tiny Chest"},{"floor":23,"key":"Happy Flower"},{"floor":26,"key":"Bag of Marbles"},{"floor":27,"key":"Potion Belt"}],"event_choices":[{"damage_healed":0,"gold_gain":0,"player_choice":"Entered Light","damage_taken":14,"max_hp_gain":0,"max_hp_loss":0,"event_name":"Shining Light","floor":3,"gold_loss":0,"cards_upgraded":["Defend_G","Defend_G"]},{"damage_healed":0,"gold_gain":0,"player_choice":"Rummage","damage_taken":0,"relics_obtained":["WarpedTongs"],"max_hp_gain":0,"max_hp_loss":0,"event_name":"Accursed Blacksmith","floor":5,"gold_loss":0,"cards_obtained":["Pain"]},{"cards_removed":["Strike_G"],"damage_healed":0,"gold_gain":0,"player_choice":"Elegance","damage_taken":0,"max_hp_gain":0,"max_hp_loss":0,"event_name":"Back to Basics","floor":19,"gold_loss":0},{"cards_removed":["Masterful Stab"],"damage_healed":0,"gold_gain":0,"player_choice":"Gave Card","damage_taken":0,"relics_obtained":["Shuriken"],"max_hp_gain":0,"max_hp_loss":0,"event_name":"WeMeetAgain","floor":21,"gold_loss":0},{"damage_healed":0,"gold_gain":0,"player_choice":"Opened","damage_taken":0,"relics_obtained":["Pen Nib"],"max_hp_gain":0,"max_hp_loss":0,"event_name":"The Mausoleum","floor":28,"gold_loss":0,"cards_obtained":["Writhe"]},{"damage_healed":0,"gold_gain":100,"player_choice":"Pray","damage_taken":0,"max_hp_gain":0,"max_hp_loss":0,"event_name":"Golden Shrine","floor":29,"gold_loss":0}],"is_beta":false,"boss_relics":[{"not_picked":["Ectoplasm","Ring of the Serpent"],"picked":"Cursed Key"}],"items_purged_floors":[7],"is_endless":false,"potions_floor_spawned":[2,8,14,18,31],"killed_by":"Automaton","ascension_level":11}