{"gold_per_floor":[116,41,41,53,53,53,73,108,108,108,49,63,80,91,91,164,164,139,139,155,155],"floor_reached":21,"playtime":1670,"items_purged":["Pain"],"score":353,"play_id":"1ad8adcb-649c-4f7a-aec7-ac7fe3d14aa6","local_time":"20190705144433","is_ascension_mode":true,"campfire_choices":[{"data":"Burst","floor":6,"key":"SMITH"},{"floor":10,"key":"REST"},{"data":"Deadly Poison","floor":15,"key":"SMITH"}],"neow_cost":"CURSE","seed_source_timestamp":94465184849968,"circlet_count":0,"master_deck":["AscendersBane","Defend_G","Defend_G","Defend_G","Defend_G","Strike_G","Survivor","Neutralize+1","Burst+1","Quick Slash","Dagger Spray","PiercingWail","Deadly Poison+1","Terror","Dodge and Roll+1","Cloak And Dagger+1","Deadly Poison+1","Masterful Stab","Envenom","Prepared+1","Cloak And Dagger+1"],"relics":["Ring of the Snake","PreservedInsect","Toxic Egg 2","Empty Cage"],"potions_floor_usage":[8,8,16,20,21],"damage_taken":[{"damage":15,"enemies":"Jaw Worm","floor":1,"turns":6},{"damage":1,"enemies":"Cultist","floor":4,"turns":4},{"damage":0,"enemies":"Small Slimes","floor":7,"turns":5},{"damage":12,"enemies":"3 Sentries","floor":8,"turns":9},{"damage":9,"enemies":"Exordium Thugs","floor":12,"turns":6},{"damage":0,"enemies":"Blue Slaver","floor":13,"turns":5},{"damage":1,"enemies":"3 Louse","floor":14,"turns":3},{"damage":13,"enemies":"The Guardian","floor":16,"turns":9},{"damage":15,"enemies":"2 Thieves","floor":18,"turns":4},{"damage":0,"enemies":"Spheric Guardian","floor":20,"turns":4},{"damage":49,"enemies":"Cultist and Chosen","floor":21,"turns":5}],"seed_played":"125455017466165940","potions_obtained":[{"floor":4,"key":"Fire Potion"},{"floor":7,"key":"GamblersBrew"},{"floor":13,"key":"PowerPotion"},{"floor":16,"key":"PowerPotion"},{"floor":19,"key":"Block Potion"}],"is_trial":false,"path_per_floor":["M","$","?","M","?","R","M","E","T","R","$","M","M","M","R","B",null,"M","?","M","M"],"character_chosen":"THE_SILENT","items_purchased":["Dodge and Roll+1"],"campfire_rested":1,"item_purchase_floors":[11],"current_hp_per_floor":[44,44,37,36,36,36,36,24,24,43,43,34,34,33,33,20,55,40,40,40,0],"gold":155,"neow_bonus":"TRANSFORM_TWO_CARDS","is_prod":false,"is_daily":false,"chose_seed":false,"campfire_upgraded":2,"win_rate":0,"timestamp":1562352273,"path_taken":["M","$","?","M","?","R","?","E","T","R","?","M","M","M","R","BOSS","M","?","M","?"],"build_version":"2019-01-23","purchased_purges":1,"victory":false,"max_hp_per_floor":[66,66,66,66,66,66,66,66,66,66,66,66,66,66,66,66,66,66,66,66,66],"card_choices":[{"not_picked":["Eviscerate","Blade Dance"],"picked":"Dagger Spray","floor":1},{"not_picked":["Prepared","Underhanded Strike"],"picked":"PiercingWail","floor":4},{"not_picked":["Blur","Infinite Blades"],"picked":"Deadly Poison","floor":7},{"not_picked":["Burst","Underhanded Strike"],"picked":"Terror","floor":8},{"not_picked":["Dagger Throw","Setup+1"],"picked":"Cloak And Dagger+1","floor":12},{"not_picked":["Poisoned Stab","Backflip+1"],"picked":"Deadly Poison+1","floor":13},{"not_picked":["Prepared+1","Quick Slash"],"picked":"Masterful Stab","floor":14},{"not_picked":["Tools of the Trade","Wraith Form v2"],"picked":"Envenom","floor":16},{"not_picked":["Heel Hook","Dagger Throw"],"picked":"Prepared+1","floor":18},{"not_picked":["Dagger Spray","Endless Agony+1"],"picked":"Cloak And Dagger+1","floor":20}],"player_experience":2674814,"relics_obtained":[{"floor":8,"key":"PreservedInsect"},{"floor":9,"key":"Toxic Egg 2"}],"event_choices":[{"cards_removed":["Strike_G"],"damage_healed":0,"gold_gain":0,"player_choice":"Card Removal","damage_taken":7,"max_hp_gain":0,"max_hp_loss":0,"event_name":"Golden Wing","floor":3,"gold_loss":0},{"damage_healed":0,"gold_gain":0,"player_choice":"Upgraded","damage_taken":0,"max_hp_gain":0,"max_hp_loss":0,"event_name":"Upgrade Shrine","floor":5,"gold_loss":0,"cards_upgraded":["Neutralize"]},{"damage_healed":0,"gold_gain":0,"player_choice":"Got Potions","damage_taken":0,"max_hp_gain":0,"max_hp_loss":0,"event_name":"Lab","floor":19,"gold_loss":0}],"is_beta":false,"boss_relics":[{"not_picked":["Pandora\u0027s Box","Lizard Tail"],"picked":"Empty Cage"}],"items_purged_floors":[2],"is_endless":false,"potions_floor_spawned":[4,7,13,16],"killed_by":"Cultist and Chosen","ascension_level":19}