{"gold_per_floor":[118,60,80,5,15,15,41,41,65,98,11,21,71,88,88,166,166,176,195,195],"floor_reached":20,"playtime":1613,"items_purged":[],"score":331,"play_id":"1362067d-5af0-4f16-afac-7d6eceb57ddd","local_time":"20190413162138","is_ascension_mode":true,"campfire_choices":[{"data":"Hologram","floor":6.0,"key":"SMITH"},{"floor":8.0,"key":"REST"},{"floor":15.0,"key":"REST"}],"neow_cost":"TEN_PERCENT_HP_LOSS","seed_source_timestamp":97756132787582,"circlet_count":0,"master_deck":["AscendersBane","Strike_B","Strike_B","Strike_B","Defend_B","Defend_B","Defend_B","Defend_B","Zap","Dualcast","FTL","Beam Cell","Hologram+1","Melter","Static Discharge","Ball Lightning","Sweeping Beam","Stack","Go for the Eyes","Compile Driver","Echo Form","Defragment","Sunder"],"special_seed":0,"relics":["Cracked Core","StoneCalendar","Centennial Puzzle","Omamori","Symbiotic Virus","Velvet Choker"],"potions_floor_usage":[],"damage_taken":[{"damage":7.0,"enemies":"Small Slimes","floor":1.0,"turns":3.0},{"damage":1.0,"enemies":"Cultist","floor":3.0,"turns":3.0},{"damage":4.0,"enemies":"Jaw Worm","floor":5.0,"turns":3.0},{"damage":20.0,"enemies":"3 Sentries","floor":7.0,"turns":7.0},{"damage":40.0,"enemies":"Gremlin Nob","floor":10.0,"turns":4.0},{"damage":2.0,"enemies":"Exordium Wildlife","floor":12.0,"turns":2.0},{"damage":6.0,"enemies":"Red Slaver","floor":14.0,"turns":2.0},{"damage":1.0,"enemies":"The Guardian","floor":16.0,"turns":9.0},{"damage":16.0,"enemies":"3 Byrds","floor":18.0,"turns":3.0},{"damage":4.0,"enemies":"Chosen","floor":19.0,"turns":4.0},{"damage":38,"enemies":"Shelled Parasite and Fungi","floor":20,"turns":5}],"seed_played":"-4808668340785276201","potions_obtained":[{"floor":1.0,"key":"Poison Potion"},{"floor":3.0,"key":"Weak Potion"},{"floor":12.0,"key":"GamblersBrew"}],"is_trial":false,"path_per_floor":["M","$","M","?","M","R","E","R","T","E","$","M","?","M","R","B",null,"M","M","M"],"character_chosen":"DEFECT","items_purchased":["Beam Cell","Sweeping Beam","Stack"],"campfire_rested":2,"item_purchase_floors":[2,11,11],"current_hp_per_floor":[57,57,56,56,52,52,32,51,51,11,11,9,9,3,22,21,53,37,33,0],"gold":195,"neow_bonus":"ONE_RARE_RELIC","is_prod":false,"is_daily":false,"chose_seed":false,"campfire_upgraded":1,"win_rate":0,"timestamp":1555186898,"path_taken":["M","$","M","?","M","R","E","R","T","E","$","M","?","?","R","BOSS","M","M","M"],"build_version":"2019-01-23","purchased_purges":0,"victory":false,"max_hp_per_floor":[64,64,64,64,64,64,64,64,64,64,64,64,64,64,64,64,64,64,64,64],"card_choices":[{"not_picked":["Fusion","Stack"],"picked":"FTL","floor":1.0},{"not_picked":["Coolheaded","Turbo"],"picked":"Hologram","floor":3.0},{"not_picked":["Chaos","Storm"],"picked":"Melter","floor":5.0},{"not_picked":["Capacitor","Ball Lightning"],"picked":"Static Discharge","floor":7.0},{"not_picked":["Creative AI","Genetic Algorithm"],"picked":"Ball Lightning","floor":10.0},{"not_picked":["Fusion","Beam Cell"],"picked":"Go for the Eyes","floor":12.0},{"not_picked":["Lockon","Steam Power"],"picked":"Compile Driver","floor":14.0},{"not_picked":["Machine Learning","Core Surge"],"picked":"Echo Form","floor":16.0},{"not_picked":["Aggregate","Barrage+1"],"picked":"Defragment","floor":18.0},{"not_picked":["Conserve Battery","Aggregate"],"picked":"Sunder","floor":19.0}],"player_experience":2486203,"relics_obtained":[{"floor":7.0,"key":"Centennial Puzzle"},{"floor":9.0,"key":"Omamori"},{"floor":10.0,"key":"Symbiotic Virus"}],"event_choices":[{"cards_removed":["Strike_B"],"damage_healed":0.0,"max_hp_gain":0.0,"max_hp_loss":0.0,"gold_gain":0.0,"event_name":"The Cleric","player_choice":"Card Removal","floor":4.0,"gold_loss":75.0,"damage_taken":0.0},{"damage_healed":0.0,"max_hp_gain":0.0,"max_hp_loss":0.0,"gold_gain":50.0,"event_name":"Golden Shrine","player_choice":"Pray","floor":13.0,"gold_loss":0.0,"damage_taken":0.0}],"is_beta":false,"boss_relics":[{"not_picked":["FrozenCore","Lizard Tail"],"picked":"Velvet Choker"}],"items_purged_floors":[],"is_endless":false,"potions_floor_spawned":[1,3,12],"killed_by":"Shelled Parasite and Fungi","ascension_level":16}