{"gold_per_floor":[119,9,22,22,38,38,70,82,149,181,209,221,233,265,277,366,378,404,416,50,61,61],"floor_reached":22,"playtime":1932,"items_purged":["Strike_B"],"score":335,"play_id":"ab7345dc-3a7b-4d11-afd8-b46c74be7544","local_time":"20190419224658","is_ascension_mode":true,"campfire_choices":[{"data":"Hologram","floor":6.0,"key":"SMITH"},{"data":"Go for the Eyes","floor":12.0,"key":"SMITH"},{"floor":15.0,"key":"REST"}],"neow_cost":"TEN_PERCENT_HP_LOSS","seed_source_timestamp":298286223671590,"circlet_count":0,"master_deck":["AscendersBane","Strike_B","Strike_B","Defend_B","Defend_B","Defend_B","Zap","Dualcast+1","Go for the Eyes+1","Ball Lightning","Hologram+1","Go for the Eyes","Doom and Gloom","Gash","Rebound","Gash","Multi-Cast","Fusion+1","Gash","Self Repair","Sweeping Beam","Double Energy"],"special_seed":0,"relics":["Cracked Core","MawBank","Happy Flower","Letter Opener","White Beast Statue","Nilry\u0027s Codex","Pen Nib"],"potions_floor_usage":[18,21,22],"damage_taken":[{"damage":2.0,"enemies":"Jaw Worm","floor":1.0,"turns":3.0},{"damage":0.0,"enemies":"2 Louse","floor":3.0,"turns":2.0},{"damage":0.0,"enemies":"Small Slimes","floor":5.0,"turns":3.0},{"damage":13.0,"enemies":"Lagavulin","floor":7.0,"turns":6.0},{"damage":3.0,"enemies":"Blue Slaver","floor":10.0,"turns":3.0},{"damage":0.0,"enemies":"3 Louse","floor":11.0,"turns":2.0},{"damage":9.0,"enemies":"2 Fungi Beasts","floor":14.0,"turns":2.0},{"damage":13.0,"enemies":"Hexaghost","floor":16.0,"turns":6.0},{"damage":11,"enemies":"Spheric Guardian","floor":18,"turns":3},{"damage":27,"enemies":"2 Thieves","floor":21,"turns":4},{"damage":18,"enemies":"Shelled Parasite and Fungi","floor":22,"turns":2}],"seed_played":"6374979057399443029","potions_obtained":[{"floor":1.0,"key":"EssenceOfSteel"},{"floor":11.0,"key":"PowerPotion"},{"floor":16.0,"key":"Swift Potion"},{"floor":18,"key":"Regen Potion"},{"floor":21,"key":"SteroidPotion"}],"is_trial":false,"path_per_floor":["M","$","M","?","M","R","E","$","T","M","M","R","?","M","R","B",null,"M","?","$","M","M"],"character_chosen":"DEFECT","items_purchased":["Ball Lightning","Hologram","Gash","Self Repair","Sweeping Beam","Pen Nib"],"campfire_rested":1,"item_purchase_floors":[2,2,20,20,20,20],"current_hp_per_floor":[62,62,62,62,62,62,49,49,49,46,46,46,41,32,51,38,58,47,26,26,18,0],"gold":61,"neow_bonus":"REMOVE_TWO","is_prod":false,"is_daily":false,"chose_seed":false,"campfire_upgraded":2,"win_rate":0,"timestamp":1555728418,"path_taken":["M","$","M","?","M","R","E","$","T","M","M","R","?","M","R","BOSS","M","?","$","M","M"],"build_version":"2019-01-23","purchased_purges":1,"victory":false,"max_hp_per_floor":[64,64,64,64,64,64,64,64,64,64,64,64,64,64,64,64,64,64,64,64,64,64],"card_choices":[{"not_picked":["Leap","Sweeping Beam"],"picked":"Go for the Eyes","floor":1.0},{"not_picked":["Cold Snap","Blizzard"],"picked":"Go for the Eyes","floor":3.0},{"not_picked":["Conserve Battery","White Noise"],"picked":"Doom and Gloom","floor":5.0},{"not_picked":["Reinforced Body","Undo"],"picked":"Gash","floor":7.0},{"not_picked":["Steam","Double Energy"],"picked":"Rebound","floor":10.0},{"not_picked":["Steam Power","Creative AI","Consume"],"picked":"SKIP","floor":11.0},{"not_picked":["Steam Power","Creative AI","Consume"],"picked":"SKIP","floor":11.0},{"not_picked":["Steam Power","Creative AI","Consume"],"picked":"SKIP","floor":11.0},{"not_picked":["Genetic Algorithm","Steam Power"],"picked":"Gash","floor":14.0},{"not_picked":["Thunder Strike","Machine Learning"],"picked":"Multi-Cast","floor":16.0},{"not_picked":["Compile Driver","Go for the Eyes"],"picked":"Fusion+1","floor":18},{"not_picked":["Doom and Gloom","Streamline"],"picked":"Double Energy","floor":21}],"player_experience":2502831,"relics_obtained":[{"floor":7.0,"key":"MawBank"},{"floor":9.0,"key":"Happy Flower"},{"floor":19,"key":"Nilry\u0027s Codex"}],"event_choices":[{"damage_healed":0.0,"max_hp_gain":0.0,"max_hp_loss":0.0,"gold_gain":0.0,"event_name":"Living Wall","player_choice":"Grow","floor":4.0,"gold_loss":0.0,"damage_taken":0.0,"cards_upgraded":["Dualcast"]},{"damage_healed":0.0,"max_hp_gain":0.0,"max_hp_loss":0.0,"gold_gain":0.0,"event_name":"Scrap Ooze","player_choice":"Success","floor":13.0,"gold_loss":0.0,"damage_taken":5.0,"relics_obtained":["Letter Opener"]},{"damage_healed":0,"gold_gain":0,"player_choice":"Obtained Book","damage_taken":21,"max_hp_gain":0,"max_hp_loss":0,"event_name":"Cursed Tome","floor":19,"gold_loss":0}],"is_beta":false,"boss_relics":[{"not_picked":["Tiny House","Astrolabe"],"picked":"White Beast Statue"}],"items_purged_floors":[20],"is_endless":false,"potions_floor_spawned":[1,11,16,18,21],"killed_by":"Shelled Parasite and Fungi","ascension_level":16}