{"gold_per_floor":[114,129,141,155,165,194,194,213,285,296,296,296,21,37,37,138,188,201,212,212,231,231,231,39,68,121,121,136,136,149,7,7,7],"floor_reached":33,"playtime":2685,"items_purged":[],"score":296,"play_id":"3eb22721-3271-4db8-b910-233abcd123bd","local_time":"20190703184650","is_ascension_mode":false,"campfire_choices":[{"floor":7,"key":"REST"},{"floor":12,"key":"REST"},{"floor":15,"key":"REST"},{"floor":23,"key":"REST"},{"floor":27,"key":"REST"},{"floor":29,"key":"REST"},{"floor":32,"key":"REST"}],"neow_cost":"NONE","seed_source_timestamp":795100084103206,"circlet_count":0,"master_deck":["Strike_B","Strike_B","Strike_B","Strike_B","Defend_B","Defend_B","Defend_B+1","Defend_B","Zap","Dualcast","Loop","Gash","Turbo","Cold Snap","Auto Shields","Self Repair","Streamline","BootSequence","Conserve Battery","Leap","Bandage Up","Double Energy","Static Discharge","Cold Snap","Electrodynamics","Redo","Darkness+1","Conserve Battery+1","Writhe","Ball Lightning","Rebound","Finesse","Sunder","Defragment","Glacier+1","Sunder","Tempest","Stack","Capacitor","Steam","Beam Cell"],"relics":["Cracked Core","Happy Flower","Pantograph","Tiny House","Kunai","Anchor","Prayer Wheel","Boot"],"potions_floor_usage":[6,6,6,10,18,25,30,30],"damage_taken":[{"damage":1,"enemies":"Jaw Worm","floor":1,"turns":5},{"damage":6,"enemies":"Cultist","floor":2,"turns":3},{"damage":7,"enemies":"2 Louse","floor":3,"turns":3},{"damage":17,"enemies":"Large Slime","floor":4,"turns":5},{"damage":3,"enemies":"Looter","floor":5,"turns":4},{"damage":11,"enemies":"3 Sentries","floor":6,"turns":8},{"damage":18,"enemies":"Exordium Wildlife","floor":8,"turns":4},{"damage":25,"enemies":"Gremlin Gang","floor":10,"turns":5},{"damage":0,"enemies":"Looter","floor":14,"turns":3},{"damage":59,"enemies":"Hexaghost","floor":16,"turns":14},{"damage":9,"enemies":"Chosen","floor":18,"turns":6},{"damage":24,"enemies":"Shell Parasite","floor":19,"turns":8},{"damage":47,"enemies":"Sentry and Sphere","floor":21,"turns":9},{"damage":54,"enemies":"Gremlin Leader","floor":25,"turns":10},{"damage":15,"enemies":"Centurion and Healer","floor":28,"turns":7},{"damage":13,"enemies":"Snecko","floor":30,"turns":4},{"damage":101,"enemies":"Champ","floor":33,"turns":11}],"seed_played":"756778618652633569","potions_obtained":[{"floor":1,"key":"PowerPotion"},{"floor":4,"key":"Poison Potion"},{"floor":5,"key":"LiquidBronze"},{"floor":6,"key":"Dexterity Potion"},{"floor":8,"key":"Dexterity Potion"},{"floor":17,"key":"Explosive Potion"},{"floor":21,"key":"Strength Potion"},{"floor":25,"key":"SteroidPotion"}],"is_trial":false,"path_per_floor":["M","M","M","M","M","E","R","M","T","M","?","R","$","M","R","B",null,"M","M","?","M","T","R","$","E","T","R","M","R","M","$","R","B"],"character_chosen":"DEFECT","items_purchased":["Leap","Bandage Up","Double Energy","Static Discharge","Rebound","Finesse","Sunder","Capacitor","Steam","Beam Cell"],"campfire_rested":7,"item_purchase_floors":[13,13,13,13,24,24,24,31,31,31],"current_hp_per_floor":[74,68,61,44,41,37,59,48,48,30,30,52,52,56,75,27,80,78,65,65,29,29,53,53,10,10,34,30,54,41,41,65,0],"gold":7,"neow_bonus":"THREE_CARDS","is_prod":false,"is_daily":false,"chose_seed":false,"campfire_upgraded":0,"win_rate":0.0,"timestamp":1562190410,"path_taken":["M","M","M","M","M","E","R","M","T","M","?","R","?","M","R","BOSS","M","M","?","M","?","R","$","E","T","R","M","R","M","$","R","BOSS"],"build_version":"2019-07-01","purchased_purges":0,"victory":false,"max_hp_per_floor":[75,75,75,75,75,75,75,75,75,75,75,75,75,75,75,75,80,80,80,80,80,80,80,80,80,80,80,80,80,80,80,80,80],"card_choices":[{"not_picked":["Cold Snap","Chaos"],"picked":"Loop","floor":0},{"not_picked":["Chill","Steam"],"picked":"Gash","floor":1},{"not_picked":["Doom and Gloom","Force Field"],"picked":"Turbo","floor":2},{"not_picked":["Stack","Aggregate"],"picked":"Cold Snap","floor":3},{"not_picked":["Lockon","Rebound"],"picked":"Auto Shields","floor":4},{"not_picked":["Sunder","Cold Snap"],"picked":"Self Repair","floor":5},{"not_picked":["Cold Snap","Aggregate"],"picked":"Streamline","floor":6},{"not_picked":["Biased Cognition","Compile Driver"],"picked":"BootSequence","floor":8},{"not_picked":["Go for the Eyes","Force Field"],"picked":"Conserve Battery","floor":10},{"not_picked":["Compile Driver","Genetic Algorithm"],"picked":"Cold Snap","floor":14},{"not_picked":["All For One","Seek"],"picked":"Electrodynamics","floor":16},{"not_picked":["Sunder","Hologram"],"picked":"Redo","floor":17},{"not_picked":["Go for the Eyes","Scrape+1"],"picked":"Darkness+1","floor":18},{"not_picked":["Reinforced Body","Redo"],"picked":"Conserve Battery+1","floor":19},{"not_picked":["Genetic Algorithm","Reprogram+1"],"picked":"Ball Lightning","floor":21},{"not_picked":["Rebound","Steam"],"picked":"Defragment","floor":25},{"not_picked":["Reinforced Body+1","Redo"],"picked":"Glacier+1","floor":28},{"not_picked":["Go for the Eyes","Sweeping Beam"],"picked":"Sunder","floor":28},{"not_picked":["Heatsinks","Loop"],"picked":"Tempest","floor":30},{"not_picked":["Fusion","Hologram"],"picked":"Stack","floor":30}],"player_experience":80773,"relics_obtained":[{"floor":6,"key":"Happy Flower"},{"floor":9,"key":"Pantograph"},{"floor":22,"key":"Anchor"},{"floor":25,"key":"Prayer Wheel"},{"floor":26,"key":"Boot"}],"event_choices":[{"damage_healed":0,"gold_gain":0,"player_choice":"0 cards matched","damage_taken":0,"max_hp_gain":0,"max_hp_loss":0,"event_name":"Match and Keep!","floor":11,"gold_loss":0,"cards_obtained":[]},{"damage_healed":0,"gold_gain":0,"player_choice":"Opened","damage_taken":0,"relics_obtained":["Kunai"],"max_hp_gain":0,"max_hp_loss":0,"event_name":"The Mausoleum","floor":20,"gold_loss":0,"cards_obtained":["Writhe"]}],"is_beta":false,"boss_relics":[{"not_picked":["Calling Bell","Snecko Eye"],"picked":"Tiny House"}],"items_purged_floors":[],"is_endless":false,"potions_floor_spawned":[1,4,5,6,8,21,25],"killed_by":"Champ","ascension_level":0}