{"gold_per_floor":[113,126,141,159,9,9,26,52,76,103,103,103,27,41,41,145,145,164,164,179,206,4,4,17,30,30,41,56,56],"floor_reached":29,"playtime":2368,"items_purged":[],"score":264,"play_id":"253bb8b4-5ca8-43ee-8820-db6c03056b7b","local_time":"20190712163440","is_ascension_mode":false,"campfire_choices":[{"data":"Carnage","floor":6,"key":"SMITH"},{"data":"Bludgeon","floor":12,"key":"SMITH"},{"data":"Combust","floor":15,"key":"SMITH"},{"floor":23,"key":"REST"}],"neow_cost":"NONE","seed_source_timestamp":57195822665102,"circlet_count":0,"master_deck":["Heavy Blade","Combust+1","Ghostly Armor+1","Pommel Strike","Carnage+1","Evolve","Warcry","Bludgeon+1","Thunderclap","Anger","Hemokinesis","Exhume","Dropkick","Brutality","Combust","Entrench","Anger","Entrench","Evolve","Second Wind","Battle Trance+1","Cleave","Anger+1","Flex","Iron Wave+1","Twin Strike","Ghostly Armor"],"relics":["Burning Blood","PreservedInsect","Gremlin Horn","Bag of Preparation","War Paint","Pandora\u0027s Box","Red Mask","Sling","Paper Frog"],"potions_floor_usage":[8,8,16,16,21,21,25],"damage_taken":[{"damage":2,"enemies":"Cultist","floor":1,"turns":5},{"damage":1,"enemies":"Small Slimes","floor":2,"turns":3},{"damage":6,"enemies":"Jaw Worm","floor":3,"turns":4},{"damage":2,"enemies":"Red Slaver","floor":4,"turns":6},{"damage":6,"enemies":"Blue Slaver","floor":7,"turns":4},{"damage":2,"enemies":"Gremlin Nob","floor":8,"turns":2},{"damage":7,"enemies":"Lagavulin","floor":10,"turns":4},{"damage":2,"enemies":"Exordium Wildlife","floor":14,"turns":3},{"damage":37,"enemies":"Hexaghost","floor":16,"turns":9},{"damage":31,"enemies":"Shell Parasite","floor":18,"turns":5},{"damage":13,"enemies":"2 Thieves","floor":20,"turns":3},{"damage":13,"enemies":"Masked Bandits","floor":21,"turns":4},{"damage":35,"enemies":"Snake Plant","floor":24,"turns":4},{"damage":7,"enemies":"Snecko","floor":25,"turns":4},{"damage":34,"enemies":"Shelled Parasite and Fungi","floor":27,"turns":3},{"damage":11,"enemies":"Centurion and Healer","floor":28,"turns":4},{"damage":10,"enemies":"Snake Plant","floor":29,"turns":2}],"seed_played":"4310074870016920101","potions_obtained":[{"floor":1,"key":"Energy Potion"},{"floor":4,"key":"Poison Potion"},{"floor":8,"key":"Block Potion"},{"floor":14,"key":"Fire Potion"},{"floor":18,"key":"BloodPotion"},{"floor":20,"key":"LiquidBronze"},{"floor":24,"key":"SkillPotion"},{"floor":28,"key":"Energy Potion"}],"is_trial":false,"path_per_floor":["M","M","M","M","$","R","M","E","T","E","?","R","$","M","R","B",null,"M","?","M","?","$","R","M","M","T","M","M","M"],"character_chosen":"IRONCLAD","items_purchased":["PreservedInsect","Thunderclap","Anger","Sling"],"campfire_rested":1,"item_purchase_floors":[5,13,13,22],"current_hp_per_floor":[80,80,80,80,80,80,80,80,80,79,79,79,79,80,80,49,80,55,40,33,47,47,72,43,42,42,14,9,0],"gold":56,"neow_bonus":"TRANSFORM_CARD","is_prod":false,"is_daily":false,"chose_seed":false,"campfire_upgraded":3,"win_rate":0.0,"timestamp":1562960080,"path_taken":["M","M","?","M","$","R","M","E","T","E","?","R","?","M","R","BOSS","M","?","M","?","?","R","?","M","T","M","M","M"],"build_version":"2019-07-05","purchased_purges":0,"victory":false,"max_hp_per_floor":[80,80,80,80,80,80,80,80,80,80,80,80,80,80,80,80,80,80,85,85,85,85,85,85,85,85,85,85,85],"card_choices":[{"not_picked":["Thunderclap","Headbutt"],"picked":"Combust","floor":1},{"not_picked":["Bloodletting","Anger"],"picked":"Ghostly Armor","floor":2},{"not_picked":["Combust","Clothesline"],"picked":"Pommel Strike","floor":3},{"not_picked":["Sever Soul","Pommel Strike"],"picked":"Carnage","floor":4},{"not_picked":["Second Wind","Sentinel"],"picked":"Evolve","floor":7},{"not_picked":["Flame Barrier","Second Wind"],"picked":"Warcry","floor":8},{"not_picked":["Power Through","Rupture"],"picked":"Bludgeon","floor":10},{"not_picked":["Fire Breathing","Heavy Blade"],"picked":"Hemokinesis","floor":14},{"not_picked":["Offering","Juggernaut"],"picked":"Exhume","floor":16},{"not_picked":["Pommel Strike","Perfected Strike"],"picked":"Battle Trance+1","floor":18},{"not_picked":["Rampage+1","Rupture"],"picked":"Cleave","floor":20},{"not_picked":["Iron Wave","Feel No Pain+1"],"picked":"Anger+1","floor":21},{"not_picked":["Pommel Strike+1","Anger"],"picked":"Flex","floor":24},{"not_picked":["Armaments","Disarm"],"picked":"Iron Wave+1","floor":25},{"not_picked":["Clothesline","Burning Pact"],"picked":"Twin Strike","floor":27},{"not_picked":["Twin Strike","Anger+1"],"picked":"Ghostly Armor","floor":28}],"player_experience":131395,"relics_obtained":[{"floor":8,"key":"Gremlin Horn"},{"floor":9,"key":"Bag of Preparation"},{"floor":10,"key":"War Paint"},{"floor":21,"key":"Red Mask"},{"floor":26,"key":"Paper Frog"}],"event_choices":[{"cards_removed":["Strike_R"],"damage_healed":0,"gold_gain":0,"player_choice":"Purged","damage_taken":0,"max_hp_gain":0,"max_hp_loss":0,"event_name":"Purifier","floor":11,"gold_loss":0},{"damage_healed":0,"gold_gain":0,"player_choice":"Shed Blood","damage_taken":20,"max_hp_gain":5,"max_hp_loss":0,"event_name":"Forgotten Altar","floor":19,"gold_loss":0},{"damage_healed":0,"gold_gain":0,"player_choice":"Fought Bandits","damage_taken":0,"max_hp_gain":0,"max_hp_loss":0,"event_name":"Masked Bandits","floor":21,"gold_loss":0}],"is_beta":false,"boss_relics":[{"not_picked":["Cursed Key","Sozu"],"picked":"Pandora\u0027s Box"}],"items_purged_floors":[],"is_endless":false,"potions_floor_spawned":[1,4,8,14,18,20,24,28],"killed_by":"Snake Plant","ascension_level":0}