{"gold_per_floor":[110,3,18,18,37,37,72,88,112,112,112,143,143,34,34,108,108,120,132,132,150,150],"floor_reached":22,"playtime":1538,"items_purged":[],"score":439,"play_id":"85e1f37e-8f62-4203-92c6-1f9bfe3a08a1","local_time":"20190412205420","is_ascension_mode":true,"campfire_choices":[{"data":"Beam Cell","floor":6,"key":"SMITH"},{"floor":11,"key":"REST"},{"floor":13,"key":"REST"},{"data":"Static Discharge","floor":15,"key":"SMITH"}],"neow_cost":"PERCENT_DAMAGE","seed_source_timestamp":67174135268531,"circlet_count":0,"master_deck":["AscendersBane","Strike_B","Strike_B","Strike_B","Strike_B","Defend_B","Defend_B","Defend_B","Defend_B","Zap","Dualcast","Gash","Steam","Beam Cell+1","Turbo","All For One","Static Discharge+1","Rebound","Sweeping Beam","Ball Lightning","Thunder Strike","Ball Lightning","Conserve Battery"],"relics":["Cracked Core","Pocketwatch","Lantern","Juzu Bracelet","Bag of Preparation","Black Star"],"potions_floor_usage":[7,12,21],"damage_taken":[{"damage":1,"enemies":"Cultist","floor":1,"turns":3},{"damage":3,"enemies":"Jaw Worm","floor":3,"turns":3},{"damage":0,"enemies":"2 Louse","floor":5,"turns":2},{"damage":20,"enemies":"3 Sentries","floor":7,"turns":8},{"damage":6,"enemies":"Looter","floor":8,"turns":2},{"damage":15,"enemies":"Gremlin Nob","floor":12,"turns":3},{"damage":0,"enemies":"Slime Boss","floor":16,"turns":5},{"damage":13,"enemies":"3 Byrds","floor":18,"turns":4},{"damage":17,"enemies":"2 Thieves","floor":19,"turns":2},{"damage":29,"enemies":"Centurion and Healer","floor":21,"turns":6},{"damage":12,"enemies":"Cultist and Chosen","floor":22,"turns":1}],"seed_played":"-4339761788097970780","potions_obtained":[{"floor":3,"key":"SteroidPotion"},{"floor":18,"key":"Weak Potion"}],"is_trial":false,"path_per_floor":["M","$","M","?","M","R","E","M","T","?","R","E","R","$","R","B",null,"M","M","?","M","M"],"character_chosen":"DEFECT","items_purchased":["Steam","Block Potion","Sweeping Beam","Ball Lightning"],"campfire_rested":2,"item_purchase_floors":[2,2,14,14],"current_hp_per_floor":[45,45,42,42,42,42,22,16,16,39,60,45,66,66,66,66,70,57,40,40,11,0],"gold":150,"neow_bonus":"ONE_RARE_RELIC","is_prod":false,"is_daily":false,"chose_seed":false,"campfire_upgraded":2,"win_rate":0,"timestamp":1555116860,"path_taken":["M","$","M","?","M","R","E","M","T","?","R","E","R","$","R","BOSS","M","M","?","M","M"],"build_version":"2019-01-23","purchased_purges":0,"victory":false,"max_hp_per_floor":[71,71,71,71,71,71,71,71,71,71,71,71,71,71,71,71,71,71,71,71,71,71],"card_choices":[{"not_picked":["Tempest","Steam"],"picked":"Gash","floor":1},{"not_picked":["Capacitor","Fusion"],"picked":"Beam Cell","floor":3},{"not_picked":["Stack","Storm"],"picked":"Turbo","floor":5},{"not_picked":["Streamline","Stack"],"picked":"All For One","floor":7},{"not_picked":["Leap","Turbo"],"picked":"Static Discharge","floor":8},{"not_picked":["Redo","Force Field"],"picked":"Rebound","floor":12},{"not_picked":["All For One","Fission"],"picked":"Thunder Strike","floor":16},{"not_picked":["Steam","Barrage"],"picked":"Ball Lightning","floor":18},{"not_picked":["Coolheaded","Turbo+1","Compile Driver"],"picked":"SKIP","floor":19},{"not_picked":["BootSequence","Coolheaded+1"],"picked":"Conserve Battery","floor":21}],"player_experience":2484665,"relics_obtained":[{"floor":7,"key":"Lantern"},{"floor":9,"key":"Juzu Bracelet"},{"floor":12,"key":"Bag of Preparation"}],"event_choices":[{"damage_healed":0,"gold_gain":0,"player_choice":"Ignored","damage_taken":0,"max_hp_gain":0,"max_hp_loss":0,"event_name":"Shining Light","floor":4,"gold_loss":0},{"damage_healed":23,"gold_gain":0,"player_choice":"Banana","damage_taken":0,"max_hp_gain":0,"max_hp_loss":0,"event_name":"Big Fish","floor":10,"gold_loss":0},{"damage_healed":0,"gold_gain":0,"player_choice":"Ignored","damage_taken":0,"max_hp_gain":0,"max_hp_loss":0,"event_name":"The Mausoleum","floor":20,"gold_loss":0}],"is_beta":false,"boss_relics":[{"not_picked":["Lizard Tail","Tiny House"],"picked":"Black Star"}],"items_purged_floors":[],"is_endless":false,"potions_floor_spawned":[3,18],"killed_by":"Cultist and Chosen","ascension_level":16}