{"gold_per_floor":[217,228,228,239,239,239,254,254,254,14,45,10,20,195,195,300,300,314,314,37,0,16,16,32,32],"floor_reached":25,"playtime":939,"items_purged":[],"score":221,"play_id":"6a59b047-b1c0-4ee1-9abe-b3d89b03d3f1","local_time":"20191028140552","is_ascension_mode":true,"campfire_choices":[{"floor":6,"key":"REST"},{"floor":8,"key":"RECALL"},{"floor":15,"key":"REST"},{"floor":23,"key":"REST"}],"neow_cost":"NONE","seed_source_timestamp":619030213031472,"circlet_count":0,"master_deck":["Strike_R","Strike_R","Strike_R","Strike_R","Strike_R","Defend_R+1","Defend_R","Defend_R+1","Defend_R","Bash","Headbutt","Carnage+1","Flex","Cleave","Carnage","Perfected Strike","Offering","Whirlwind","Demon Form","Doubt","Immolate","Heavy Blade","Shockwave","Spot Weakness","Perfected Strike"],"relics":["Burning Blood","Question Card","Mark of Pain","Shuriken"],"potions_floor_usage":[16,18,24],"damage_taken":[{"damage":4,"enemies":"2 Louse","floor":1,"turns":3},{"damage":7,"enemies":"Jaw Worm","floor":2,"turns":4},{"damage":6,"enemies":"Small Slimes","floor":4,"turns":2},{"damage":12,"enemies":"Exordium Thugs","floor":7,"turns":3},{"damage":42,"enemies":"Lagavulin","floor":11,"turns":6},{"damage":3,"enemies":"Looter","floor":13,"turns":2},{"damage":75,"enemies":"The Guardian","floor":16,"turns":8},{"damage":48,"enemies":"Shell Parasite","floor":18,"turns":7},{"damage":18,"enemies":"Chosen","floor":22,"turns":3},{"damage":30,"enemies":"Snake Plant","floor":24,"turns":3},{"damage":35,"enemies":"Centurion and Healer","floor":25,"turns":3}],"seed_played":"-657649294735512369","potions_obtained":[{"floor":1,"key":"LiquidMemories"},{"floor":4,"key":"Weak Potion"},{"floor":7,"key":"Strength Potion"},{"floor":22,"key":"SpeedPotion"}],"is_trial":false,"path_per_floor":["M","M","?","M","?","R","M","R","T","$","E","?","M","?","R","B",null,"M","?","$","?","M","R","M","M"],"character_chosen":"IRONCLAD","items_purchased":["Carnage","Perfected Strike","Offering","Shuriken","Shockwave"],"campfire_rested":3,"item_purchase_floors":[10,10,10,20,20],"current_hp_per_floor":[80,79,79,79,63,80,74,74,74,74,38,58,61,61,80,11,80,38,38,38,38,26,50,26,0],"gold":32,"neow_bonus":"HUNDRED_GOLD","is_prod":false,"is_daily":false,"chose_seed":false,"campfire_upgraded":0,"win_rate":0,"timestamp":1572282352,"path_taken":["M","M","?","M","?","R","M","R","T","?","E","?","?","?","R","BOSS","M","?","$","?","M","R","M","M"],"build_version":"2019-10-25-V3","purchased_purges":0,"victory":false,"max_hp_per_floor":[80,80,80,80,80,80,80,80,80,80,80,80,80,80,80,80,80,80,80,80,80,80,80,80,80],"card_choices":[{"not_picked":["Rupture","Pummel"],"picked":"Headbutt","floor":1},{"not_picked":["Sword Boomerang","True Grit"],"picked":"Carnage","floor":2},{"not_picked":["Sentinel","Disarm"],"picked":"Flex","floor":4},{"not_picked":["Armaments","Rampage"],"picked":"Cleave","floor":7},{"not_picked":["Armaments","Headbutt"],"picked":"Whirlwind","floor":11},{"not_picked":["Perfected Strike","Havoc","Twin Strike"],"picked":"Demon Form","floor":13},{"not_picked":["Double Tap","Feed","Reaper"],"picked":"Immolate","floor":16},{"not_picked":["Pommel Strike","Headbutt","Clash+1"],"picked":"Heavy Blade","floor":18},{"not_picked":["Anger","Shockwave","Sword Boomerang+1"],"picked":"Spot Weakness","floor":22},{"not_picked":["Armaments","Pummel","Twin Strike"],"picked":"Perfected Strike","floor":24}],"player_experience":492595,"relics_obtained":[{"floor":11,"key":"Question Card"}],"event_choices":[{"damage_healed":0,"gold_gain":0,"player_choice":"Grow","damage_taken":0,"max_hp_gain":0,"max_hp_loss":0,"event_name":"Living Wall","floor":3,"gold_loss":0,"cards_upgraded":["Carnage"]},{"damage_healed":0,"gold_gain":0,"player_choice":"Entered Light","damage_taken":16,"max_hp_gain":0,"max_hp_loss":0,"event_name":"Shining Light","floor":5,"gold_loss":0,"cards_upgraded":["Defend_R","Defend_R"]},{"damage_healed":20,"gold_gain":0,"player_choice":"Healed","damage_taken":0,"max_hp_gain":0,"max_hp_loss":0,"event_name":"The Cleric","floor":12,"gold_loss":35},{"damage_healed":0,"gold_gain":175,"player_choice":"AGREE","damage_taken":0,"max_hp_gain":0,"max_hp_loss":0,"event_name":"Liars Game","floor":14,"gold_loss":0,"cards_obtained":["Doubt"]},{"damage_healed":0,"gold_gain":0,"player_choice":"Ignored","damage_taken":0,"max_hp_gain":0,"max_hp_loss":0,"event_name":"Vampires","floor":19,"gold_loss":0},{"damage_healed":0,"gold_gain":0,"player_choice":"Paid Fearfully","damage_taken":0,"max_hp_gain":0,"max_hp_loss":0,"event_name":"Masked Bandits","floor":21,"gold_loss":37}],"is_beta":true,"boss_relics":[{"not_picked":["Snecko Eye","Sozu"],"picked":"Mark of Pain"}],"items_purged_floors":[],"is_endless":false,"potions_floor_spawned":[1,4,7,22],"killed_by":"Centurion and Healer","ascension_level":2}