{"gold_per_floor":[116,116,116,126,138,165,183,183,233,233,286,157,174,199,199,304,304,321,333,345,169,169,199,199,199,199,232,248,248,248,318,318,418,418,430,444,461,461,479,512,512,541,541,553,553,97,35,45,45,45],"floor_reached":51,"playtime":4040,"items_purged":["Strike_G","Strike_G","Defend_G"],"score":895,"play_id":"af4cdab2-8c01-4328-b02a-d156549ebf6c","local_time":"20191029001206","is_ascension_mode":true,"campfire_choices":[{"data":"After Image","floor":10,"key":"SMITH"},{"data":"Neutralize","floor":15,"key":"SMITH"},{"floor":25,"key":"REST"},{"data":"Wraith Form v2","floor":30,"key":"SMITH"},{"data":"Well Laid Plans","floor":32,"key":"SMITH"},{"data":"After Image","floor":41,"key":"SMITH"},{"data":"Bullet Time","floor":45,"key":"SMITH"},{"data":"Accuracy","floor":49,"key":"SMITH"}],"neow_cost":"NONE","seed_source_timestamp":6112786955200,"circlet_count":0,"master_deck":["Defend_G+1","Defend_G+1","Defend_G","Survivor","Neutralize+1","PiercingWail","Malaise","Dagger Spray+1","Bouncing Flask","After Image+1","Dagger Throw","Sucker Punch+1","Infinite Blades","Wraith Form v2+1","Finisher","Well Laid Plans+1","Cloak And Dagger","Choke","Backflip","Venomology","Cloak And Dagger+1","Ghostly","Ghostly","Ghostly","Ghostly","Ghostly","Bullet Time+1","Catalyst+1","Tactician+1","Slice+1","Slice+1","Slice+1","After Image+1","Apotheosis+1","Caltrops","Accuracy+1","Noxious Fumes"],"relics":["Ring of the Snake","NeowsBlessing","NlothsMask","Ninja Scroll","Happy Flower","War Paint","The Courier","White Beast Statue","Paper Crane","Nilry\u0027s Codex","Anchor","Whetstone","Shuriken","Astrolabe","Toxic Egg 2","Ancient Tea Set"],"potions_floor_usage":[14,16,18,20,23,23,23,27,28,28,33,33,36,37,39,39,40,40,42,42,44,44,48,48,50,50],"damage_taken":[{"damage":0,"enemies":"Small Slimes","floor":1,"turns":1},{"damage":0,"enemies":"Jaw Worm","floor":4,"turns":1},{"damage":0,"enemies":"Cultist","floor":5,"turns":1},{"damage":30,"enemies":"3 Sentries","floor":6,"turns":10},{"damage":2,"enemies":"Looter","floor":7,"turns":3},{"damage":0,"enemies":"Blue Slaver","floor":13,"turns":3},{"damage":0,"enemies":"Lagavulin","floor":14,"turns":8},{"damage":1,"enemies":"Hexaghost","floor":16,"turns":10},{"damage":15,"enemies":"3 Byrds","floor":18,"turns":4},{"damage":2,"enemies":"Chosen","floor":19,"turns":6},{"damage":4,"enemies":"Snake Plant","floor":20,"turns":7},{"damage":24,"enemies":"Gremlin Leader","floor":23,"turns":13},{"damage":17,"enemies":"Slavers","floor":27,"turns":7},{"damage":0,"enemies":"3 Cultists","floor":28,"turns":5},{"damage":12,"enemies":"Champ","floor":33,"turns":13},{"damage":5,"enemies":"3 Shapes","floor":35,"turns":4},{"damage":0,"enemies":"3 Darklings","floor":36,"turns":6},{"damage":10,"enemies":"Sphere and 2 Shapes","floor":37,"turns":8},{"damage":0,"enemies":"Jaw Worm Horde","floor":39,"turns":6},{"damage":0,"enemies":"Giant Head","floor":40,"turns":9},{"damage":9,"enemies":"Reptomancer","floor":42,"turns":10},{"damage":0,"enemies":"Maw","floor":44,"turns":9},{"damage":0,"enemies":"3 Darklings","floor":48,"turns":5},{"damage":0,"enemies":"Time Eater","floor":50,"turns":12}],"seed_played":"-6205365604352147920","potions_obtained":[{"floor":4,"key":"Explosive Potion"},{"floor":7,"key":"Regen Potion"},{"floor":14,"key":"AttackPotion"},{"floor":18,"key":"GhostInAJar"},{"floor":19,"key":"PowerPotion"},{"floor":20,"key":"Block Potion"},{"floor":23,"key":"Poison Potion"},{"floor":27,"key":"Block Potion"},{"floor":28,"key":"SpeedPotion"},{"floor":33,"key":"Weak Potion"},{"floor":35,"key":"Weak Potion"},{"floor":36,"key":"Energy Potion"},{"floor":37,"key":"EssenceOfSteel"},{"floor":39,"key":"EssenceOfSteel"},{"floor":40,"key":"Explosive Potion"},{"floor":42,"key":"AttackPotion"},{"floor":44,"key":"GhostInAJar"},{"floor":48,"key":"Poison Potion"}],"is_trial":false,"path_per_floor":["M","?","?","M","M","E","M","?","T","R","T","$","M","E","R","B",null,"M","M","M","$","?","E","?","R","T","E","M","?","R","T","R","B",null,"M","M","M","?","M","E","R","E","T","M","R","$","$","M","R","B",null],"character_chosen":"THE_SILENT","items_purchased":["Sucker Punch","Choke","SkillPotion","Apotheosis+1","GhostInAJar","SkillPotion","Caltrops","Accuracy","Noxious Fumes"],"campfire_rested":1,"item_purchase_floors":[12,21,21,46,46,46,46,46,47],"current_hp_per_floor":[70,70,70,70,70,40,38,31,31,31,31,31,31,46,46,45,70,55,53,49,49,49,25,9,30,30,13,13,13,13,13,13,1,35,30,30,20,20,20,20,20,11,11,26,26,26,26,26,26,26],"gold":45,"neow_bonus":"THREE_ENEMY_KILL","is_prod":false,"is_daily":false,"chose_seed":false,"campfire_upgraded":7,"win_rate":0,"timestamp":1572279126,"path_taken":["M","?","?","M","?","E","M","?","T","R","?","$","M","E","R","BOSS","M","M","M","$","?","E","?","R","T","E","M","?","R","?","R","BOSS","M","M","?","?","M","E","R","E","T","?","R","?","$","M","R","BOSS"],"build_version":"2019-07-17","purchased_purges":3,"victory":true,"max_hp_per_floor":[70,70,70,70,70,70,70,70,70,70,70,70,70,70,70,70,70,70,70,70,70,70,70,70,70,70,70,70,35,35,35,35,35,35,35,35,35,35,35,35,35,35,35,35,35,35,35,35,35,35],"card_choices":[{"not_picked":["Slice","Prepared"],"picked":"PiercingWail","floor":1},{"not_picked":["Accuracy","Crippling Poison"],"picked":"Dagger Spray","floor":4},{"not_picked":["Backflip","Outmaneuver"],"picked":"Bouncing Flask","floor":5},{"not_picked":["Noxious Fumes","PiercingWail"],"picked":"After Image","floor":6},{"not_picked":["Caltrops","Quick Slash"],"picked":"Dagger Throw","floor":7},{"not_picked":["Outmaneuver","Accuracy"],"picked":"Infinite Blades","floor":13},{"not_picked":["Poisoned Stab","Deflect","Outmaneuver"],"picked":"SKIP","floor":14},{"not_picked":["Tools of the Trade","Unload"],"picked":"Wraith Form v2","floor":16},{"not_picked":["Deflect","Blade Dance"],"picked":"Finisher","floor":18},{"not_picked":["Dagger Spray","Masterful Stab"],"picked":"Well Laid Plans","floor":19},{"not_picked":["Poisoned Stab+1","Slice"],"picked":"Cloak And Dagger","floor":20},{"not_picked":["Flechettes+1","Crippling Poison+1","Unload"],"picked":"SKIP","floor":23},{"not_picked":["Dash","Outmaneuver"],"picked":"Venomology","floor":27},{"not_picked":["Slice","Poisoned Stab"],"picked":"Cloak And Dagger+1","floor":28},{"not_picked":["Malaise","Phantasmal Killer"],"picked":"Bullet Time","floor":33},{"not_picked":["Crippling Poison","Dodge and Roll"],"picked":"Slice+1","floor":35},{"not_picked":["Dagger Throw+1","Outmaneuver+1"],"picked":"Slice+1","floor":36},{"not_picked":["Well Laid Plans","Sucker Punch","PiercingWail"],"picked":"SKIP","floor":37},{"not_picked":["Setup","Deadly Poison","Dagger Spray+1"],"picked":"SKIP","floor":39},{"not_picked":["Choke+1","Endless Agony"],"picked":"After Image","floor":40},{"not_picked":["Well Laid Plans+1","Finisher+1","Predator"],"picked":"SKIP","floor":42},{"not_picked":["Deflect+1","Dodge and Roll+1","All Out Attack"],"picked":"SKIP","floor":44},{"not_picked":["Deflect+1","Expertise+1","Dagger Spray+1"],"picked":"SKIP","floor":48}],"player_experience":238026,"relics_obtained":[{"floor":6,"key":"Ninja Scroll"},{"floor":11,"key":"War Paint"},{"floor":14,"key":"The Courier"},{"floor":23,"key":"Paper Crane"},{"floor":24,"key":"Nilry\u0027s Codex"},{"floor":26,"key":"Anchor"},{"floor":27,"key":"Whetstone"},{"floor":31,"key":"Shuriken"},{"floor":40,"key":"Toxic Egg 2"},{"floor":42,"key":"Ancient Tea Set"}],"event_choices":[{"damage_healed":0,"gold_gain":0,"cards_transformed":["Strike_G"],"player_choice":"Change","damage_taken":0,"max_hp_gain":0,"max_hp_loss":0,"event_name":"Living Wall","floor":2,"gold_loss":0,"cards_obtained":["Malaise"]},{"damage_healed":0,"gold_gain":0,"player_choice":"Trade","damage_taken":0,"relics_obtained":["NlothsMask"],"max_hp_gain":0,"max_hp_loss":0,"event_name":"FaceTrader","floor":3,"gold_loss":0},{"damage_healed":0,"gold_gain":0,"player_choice":"Success","damage_taken":7,"relics_obtained":["Happy Flower"],"max_hp_gain":0,"max_hp_loss":0,"event_name":"Scrap Ooze","floor":8,"gold_loss":0},{"damage_healed":0,"gold_gain":0,"player_choice":"Read","damage_taken":0,"max_hp_gain":0,"max_hp_loss":0,"event_name":"The Library","floor":22,"gold_loss":0,"cards_obtained":["Backflip"]},{"damage_healed":0,"gold_gain":0,"player_choice":"Obtained Book","damage_taken":16,"max_hp_gain":0,"max_hp_loss":0,"event_name":"Cursed Tome","floor":24,"gold_loss":0},{"damage_healed":0,"gold_gain":0,"player_choice":"Became a Ghost","damage_taken":0,"max_hp_gain":0,"max_hp_loss":35,"event_name":"Ghosts","floor":29,"gold_loss":0,"cards_obtained":["Ghostly","Ghostly","Ghostly","Ghostly","Ghostly"]},{"damage_healed":0,"gold_gain":0,"player_choice":"Ignored","damage_taken":0,"max_hp_gain":0,"max_hp_loss":0,"event_name":"SecretPortal","floor":38,"gold_loss":0}],"is_beta":false,"boss_relics":[{"not_picked":["Ectoplasm","Fusion Hammer"],"picked":"White Beast Statue"},{"not_picked":["Lizard Tail","Runic Dome"],"picked":"Astrolabe"}],"items_purged_floors":[12,21,46],"is_endless":false,"potions_floor_spawned":[4,7,14,18,19,20,23,27,28,33,35,36,37,39,40,42,44,48],"ascension_level":1}