{"gold_per_floor":[110,128,50,50,68,68,127,227,279,299,335,364,364,393,393,476,503,527,580,580,334,534,534,573,597,676,601,640,89,139,85,85,171,171,199,234,19,19,70,70,120,189,216,46,46,104,104,161,161,161],"floor_reached":50,"playtime":7472,"items_purged":["Defend_P","Defend_P","FlurryOfBlows"],"score":1385,"play_id":"d801fe5c-39e2-4208-bd92-7b3210648110","local_time":"20191010205908","is_ascension_mode":true,"campfire_choices":[{"data":"Eruption","floor":6.0,"key":"SMITH"},{"data":"SandsOfTime","floor":13.0,"key":"SMITH"},{"data":"Meditate","floor":15.0,"key":"SMITH"},{"data":"BowlingBash","floor":23.0,"key":"SMITH"},{"floor":32,"key":"REST"},{"data":"Wish","floor":40,"key":"SMITH"},{"floor":47,"key":"REST"},{"floor":49,"key":"RECALL"}],"neow_cost":"PERCENT_DAMAGE","seed_source_timestamp":0,"circlet_count":0,"master_deck":["AscendersBane","Eruption+1","Vigilance","ReachHeaven","BowlingBash+1","Meditate+1","SandsOfTime+1","DeceiveReality","Wallop","Wish+1","FearNoEvil+1","EmptyMind+1","Protect+1","WindmillStrike+1","SashWhip","ThirdEye","LikeWater","Alpha","MentalFortress+1","Vault","EmptyBody","Meditate+1","Crescendo","Protect","Omniscience"],"special_seed":0,"relics":["PureWater","Ginger","Tiny Chest","CeramicFish","Kunai","Astrolabe","Turnip","Akabeko","The Courier","Gremlin Horn","Strawberry","Bag of Marbles","Lantern","Snecko Eye","Bag of Preparation","Happy Flower","Dream Catcher"],"potions_floor_usage":[24,24,42],"damage_taken":[{"damage":1.0,"enemies":"Small Slimes","floor":1.0,"turns":5.0},{"damage":0.0,"enemies":"Cultist","floor":2.0,"turns":2.0},{"damage":2.0,"enemies":"Jaw Worm","floor":5.0,"turns":3.0},{"damage":5.0,"enemies":"3 Sentries","floor":7.0,"turns":3.0},{"damage":7.0,"enemies":"Exordium Thugs","floor":10.0,"turns":5.0},{"damage":25.0,"enemies":"Lagavulin","floor":11.0,"turns":5.0},{"damage":0.0,"enemies":"2 Fungi Beasts","floor":12.0,"turns":3.0},{"damage":0.0,"enemies":"Lots of Slimes","floor":14.0,"turns":2.0},{"damage":0.0,"enemies":"Slime Boss","floor":16.0,"turns":5.0},{"damage":13.0,"enemies":"Spheric Guardian","floor":18.0,"turns":5.0},{"damage":0.0,"enemies":"3 Byrds","floor":19.0,"turns":8.0},{"damage":32,"enemies":"Book of Stabbing","floor":24,"turns":3},{"damage":5,"enemies":"Snecko","floor":25,"turns":4},{"damage":0,"enemies":"Centurion and Healer","floor":28,"turns":8},{"damage":0,"enemies":"Automaton","floor":33,"turns":6},{"damage":0,"enemies":"3 Darklings","floor":35,"turns":3},{"damage":0,"enemies":"3 Shapes","floor":36,"turns":5},{"damage":0,"enemies":"Spire Growth","floor":39,"turns":3},{"damage":7,"enemies":"4 Shapes","floor":41,"turns":7},{"damage":52,"enemies":"Nemesis","floor":42,"turns":12},{"damage":0,"enemies":"Sphere and 2 Shapes","floor":46,"turns":5},{"damage":0,"enemies":"Giant Head","floor":48,"turns":5},{"damage":40,"enemies":"Time Eater","floor":50,"turns":9}],"seed_played":"-5273332361562938979","potions_obtained":[{"floor":1.0,"key":"Swift Potion"},{"floor":11.0,"key":"SteroidPotion"},{"floor":12.0,"key":"GamblersBrew"},{"floor":16.0,"key":"Weak Potion"},{"floor":18.0,"key":"BottledMiracle"},{"floor":19.0,"key":"Swift Potion"},{"floor":28,"key":"SteroidPotion"},{"floor":39,"key":"PowerPotion"},{"floor":42,"key":"Strength Potion"}],"is_trial":false,"path_per_floor":["M","M","$","?","M","R","E","?","T","M","E","M","R","M","R","B",null,"M","M","T","$","?","R","E","M","T","?","M","$","?","$","R","B",null,"M","M","$","?","M","R","M","E","T","$","?","M","R","E","R","B"],"character_chosen":"WATCHER","items_purchased":["Meditate","Akabeko","Ambrosia","Strawberry","Bag of Marbles","Lantern","LikeWater","Vault","Happy Flower","Protect"],"campfire_rested":2,"item_purchase_floors":[3,21,29,29,29,29,31,37,44,44],"current_hp_per_floor":[42,42,42,42,40,40,35,35,35,28,3,3,3,3,3,3,52,39,39,39,39,39,39,7,2,2,2,2,9,9,9,31,31,64,64,64,64,69,69,69,62,10,10,10,10,10,32,32,32,0],"gold":161,"neow_bonus":"ONE_RARE_RELIC","is_prod":false,"is_daily":false,"chose_seed":false,"campfire_upgraded":5,"win_rate":0,"timestamp":1570694348,"path_taken":["M","M","$","?","?","R","E","?","T","M","E","M","R","M","R","BOSS","M","M","?","$","?","R","E","?","T","?","M","$","?","?","R","BOSS","M","M","$","?","M","R","?","E","T","$","?","M","R","E","R","BOSS"],"build_version":"2019-10-09","purchased_purges":3,"victory":false,"max_hp_per_floor":[68,68,68,68,68,68,68,68,68,68,68,68,68,68,68,68,68,68,68,68,68,68,68,68,68,68,68,68,75,75,75,75,75,75,75,75,75,75,75,75,75,75,75,75,75,75,75,75,75,75],"card_choices":[{"not_picked":["Prostrate","ClearTheMind"],"picked":"ReachHeaven","floor":1.0},{"not_picked":["Indignation","CrushJoints"],"picked":"BowlingBash","floor":2.0},{"not_picked":["Perseverance","Flick","FlyingSleeves"],"picked":"SKIP","floor":5.0},{"not_picked":["Prostrate","Halt","Alpha"],"picked":"SKIP","floor":7.0},{"not_picked":["Tantrum","Prostrate"],"picked":"SandsOfTime","floor":10.0},{"not_picked":["Prostrate","MentalFortress"],"picked":"DeceiveReality","floor":11.0},{"not_picked":["BowlingBash","FollowUp"],"picked":"Wallop","floor":12.0},{"not_picked":["Crescendo","ThirdEye"],"picked":"FlurryOfBlows","floor":14.0},{"not_picked":["LessonLearned","ConjureBlade"],"picked":"Wish","floor":16.0},{"not_picked":["Flick","ClearTheMind"],"picked":"WindmillStrike+1","floor":18.0},{"not_picked":["JustLucky","FollowUp"],"picked":"SashWhip","floor":19.0},{"not_picked":["SignatureMove","DeceiveReality"],"picked":"FlurryOfBlows+1","floor":24},{"not_picked":["Protect","Sanctity"],"picked":"ThirdEye","floor":25},{"not_picked":["SashWhip","Vault","Protect"],"picked":"SKIP","floor":28},{"not_picked":["MasterReality","Wish"],"picked":"Alpha","floor":33},{"not_picked":["Prostrate","Flick"],"picked":"MentalFortress+1","floor":35},{"not_picked":["EmptyFist","TalkToTheHand","Prostrate+1"],"picked":"SKIP","floor":36},{"not_picked":["JustLucky","SashWhip"],"picked":"EmptyBody","floor":39},{"not_picked":["Crescendo","EmptyFist"],"picked":"Meditate+1","floor":41},{"not_picked":["Meditate","EmptyFist"],"picked":"Crescendo","floor":42},{"not_picked":["Wallop+1","SignatureMove"],"picked":"Omniscience","floor":46},{"not_picked":["Adaptation","TalkToTheHand","EmptyMind"],"picked":"SKIP","floor":48}],"player_experience":1492788,"relics_obtained":[{"floor":7.0,"key":"Tiny Chest"},{"floor":9.0,"key":"CeramicFish"},{"floor":11.0,"key":"Kunai"},{"floor":20.0,"key":"Turnip"},{"floor":24,"key":"The Courier"},{"floor":26,"key":"Gremlin Horn"},{"floor":42,"key":"Bag of Preparation"},{"floor":48,"key":"Dream Catcher"}],"event_choices":[{"cards_removed":["Strike_P"],"damage_healed":0.0,"max_hp_gain":0.0,"max_hp_loss":0.0,"gold_gain":0.0,"event_name":"Purifier","player_choice":"Purged","floor":4.0,"gold_loss":0.0,"damage_taken":0.0},{"damage_healed":0.0,"max_hp_gain":0.0,"max_hp_loss":0.0,"gold_gain":100.0,"event_name":"Wheel of Change","player_choice":"Gold","floor":8.0,"gold_loss":0.0,"damage_taken":0.0},{"damage_healed":0.0,"max_hp_gain":0.0,"max_hp_loss":0.0,"gold_gain":200.0,"event_name":"Wheel of Change","player_choice":"Gold","floor":22.0,"gold_loss":0.0,"damage_taken":0.0},{"cards_removed":["Strike_P"],"damage_healed":0,"gold_gain":0,"player_choice":"Gave Gold","damage_taken":0,"max_hp_gain":0,"max_hp_loss":0,"event_name":"Beggar","floor":27,"gold_loss":75},{"damage_healed":0,"gold_gain":50,"player_choice":"Stole From Cult","damage_taken":0,"max_hp_gain":0,"max_hp_loss":0,"event_name":"Nest","floor":30,"gold_loss":0},{"cards_removed":["FlurryOfBlows"],"damage_healed":5,"gold_gain":0,"player_choice":"Offered Common","damage_taken":0,"max_hp_gain":0,"max_hp_loss":0,"event_name":"Bonfire Elementals","floor":38,"gold_loss":0},{"cards_removed":["FlurryOfBlows"],"damage_healed":5,"gold_gain":0,"player_choice":"Offered Special","damage_taken":0,"max_hp_gain":0,"max_hp_loss":0,"event_name":"Bonfire Elementals","floor":38,"gold_loss":0},{"cards_removed":["Defend_P"],"damage_healed":0,"gold_gain":0,"player_choice":"Purged","damage_taken":0,"max_hp_gain":0,"max_hp_loss":0,"event_name":"Purifier","floor":45,"gold_loss":0}],"is_beta":true,"boss_relics":[{"not_picked":["Empty Cage","Coffee Dripper"],"picked":"Astrolabe"},{"not_picked":["Velvet Choker","Tiny House"],"picked":"Snecko Eye"}],"items_purged_floors":[21,29,37],"is_endless":false,"potions_floor_spawned":[1,11,12,16,18,19,28,33,35,39,42,48],"killed_by":"Time Eater","ascension_level":20}