{"gold_per_floor":[362,380,398,418,368,397,397,397,397,397],"floor_reached":10,"playtime":892,"items_purged":[],"score":68,"play_id":"ec0d9cf0-4706-46e6-870e-2898f0147883","local_time":"20191012213631","is_ascension_mode":false,"campfire_choices":[{"data":"Loop","floor":8,"key":"SMITH"}],"neow_cost":"PERCENT_DAMAGE","seed_source_timestamp":2699260116800,"circlet_count":0,"master_deck":["Strike_B","Strike_B","Strike_B","Defend_B","Defend_B","Defend_B","Defend_B","Zap","Dualcast","Ball Lightning","Gash","Darkness","Ball Lightning","Loop+1"],"relics":["Cracked Core","Oddly Smooth Stone","Boot","Sundial"],"potions_floor_usage":[],"damage_taken":[{"damage":0,"enemies":"Cultist","floor":1,"turns":4},{"damage":2,"enemies":"Small Slimes","floor":2,"turns":3},{"damage":11,"enemies":"Jaw Worm","floor":3,"turns":2},{"damage":11,"enemies":"3 Louse","floor":4,"turns":3},{"damage":25,"enemies":"3 Sentries","floor":6,"turns":6},{"damage":7,"enemies":"2 Fungi Beasts","floor":10,"turns":2}],"seed_played":"8442745916584108771","potions_obtained":[{"floor":1,"key":"Poison Potion"},{"floor":3,"key":"Block Potion"}],"is_trial":false,"path_per_floor":["M","M","M","M","?","E","T","R","T","M"],"character_chosen":"DEFECT","items_purchased":[],"campfire_rested":0,"item_purchase_floors":[],"current_hp_per_floor":[54,52,41,30,30,5,5,5,5,0],"gold":397,"neow_bonus":"TWO_FIFTY_GOLD","is_prod":false,"is_daily":false,"chose_seed":false,"campfire_upgraded":1,"win_rate":0,"timestamp":1570887391,"path_taken":["M","?","?","?","?","E","?","R","T","M"],"build_version":"2019-07-17","purchased_purges":0,"victory":false,"max_hp_per_floor":[75,75,75,75,75,75,75,75,75,75],"card_choices":[{"not_picked":["Fusion","Conserve Battery"],"picked":"Ball Lightning","floor":1},{"not_picked":["Ball Lightning","Redo"],"picked":"Gash","floor":2},{"not_picked":["Streamline","Loop"],"picked":"Darkness","floor":3},{"not_picked":["Blizzard","Hello World"],"picked":"Ball Lightning","floor":4},{"not_picked":["Meteor Strike","Darkness"],"picked":"Loop","floor":6}],"player_experience":158319,"relics_obtained":[{"floor":6,"key":"Oddly Smooth Stone"},{"floor":7,"key":"Boot"},{"floor":9,"key":"Sundial"}],"event_choices":[{"cards_removed":["Strike_B"],"damage_healed":0,"gold_gain":0,"player_choice":"Card Removal","damage_taken":0,"max_hp_gain":0,"max_hp_loss":0,"event_name":"The Cleric","floor":5,"gold_loss":50}],"is_beta":false,"boss_relics":[],"items_purged_floors":[],"is_endless":false,"potions_floor_spawned":[1,3],"killed_by":"2 Fungi Beasts","ascension_level":0}