{"gold_per_floor":[116,24,0,0,0,28,28,28,28,28,28,28,44,63,63,187,187,207,231,245,245,259,259,282,282,282,282,23,23,36,54,54,180,180,198,212,235,251,62,62,83,83,83,102,102,122,9,29,29,29],"floor_reached":50,"playtime":4755,"items_purged":["Normality"],"score":694,"play_id":"b8f3c19a-d76e-4b07-be57-e1ecb68b26eb","local_time":"20181009190451","is_ascension_mode":true,"campfire_choices":[{"data":"Defragment","floor":7,"key":"SMITH"},{"data":"Zap","floor":10,"key":"SMITH"},{"data":"Dualcast","floor":12,"key":"SMITH"},{"data":"Seek","floor":15,"key":"SMITH"},{"data":"Self Repair","floor":23,"key":"SMITH"},{"floor":25,"key":"REST"},{"floor":32,"key":"REST"},{"floor":40,"key":"REST"},{"floor":45,"key":"REST"},{"floor":49,"key":"REST"}],"neow_cost":"NONE","seed_source_timestamp":427862573025869,"circlet_count":0,"master_deck":["Strike_B","Strike_B","Strike_B","Defend_B","Defend_B","Defend_B","Defend_B","Zap+1","Dualcast+1","AscendersBane","Seek+1","Defragment+1","Gash","Turbo","Self Repair+1","Skim","Ball Lightning","Machine Learning","Go for the Eyes+1","Gash","Beam Cell","Defragment+1","Hologram","Decay","Leap+1","Stack+1","All For One","Gash+1","Steam+1","Conserve Battery","Steam Power+1","Panache","Redo+1","Writhe","Hologram","Core Surge","Storm","Steam+1"],"relics":["Cracked Core","Orichalcum","Golden Idol","Pear","Cursed Key","Nunchaku","Enchiridion","Blue Candle","Inserter","Cables"],"potions_floor_usage":[14,19,22,22,31,37,38,41,44,46],"damage_taken":[{"damage":0,"enemies":"2 Louse","floor":1,"turns":2},{"damage":32,"enemies":"Lagavulin","floor":6,"turns":7},{"damage":2,"enemies":"Jaw Worm","floor":13,"turns":3},{"damage":0,"enemies":"Cultist","floor":14,"turns":2},{"damage":14,"enemies":"Slime Boss","floor":16,"turns":8},{"damage":7,"enemies":"Chosen","floor":18,"turns":4},{"damage":8,"enemies":"3 Byrds","floor":19,"turns":4},{"damage":47,"enemies":"Snecko","floor":20,"turns":6},{"damage":7,"enemies":"3 Cultists","floor":22,"turns":3},{"damage":36,"enemies":"Shelled Parasite and Fungi","floor":24,"turns":5},{"damage":22,"enemies":"Snake Plant","floor":30,"turns":3},{"damage":16,"enemies":"Centurion and Healer","floor":31,"turns":7},{"damage":39,"enemies":"Champ","floor":33,"turns":12},{"damage":31,"enemies":"3 Darklings","floor":35,"turns":7},{"damage":14,"enemies":"Orb Walker","floor":36,"turns":4},{"damage":18,"enemies":"Sphere and 2 Shapes","floor":37,"turns":5},{"damage":3,"enemies":"3 Darklings","floor":38,"turns":3},{"damage":28,"enemies":"Spire Growth","floor":41,"turns":4},{"damage":39,"enemies":"Maw","floor":44,"turns":6},{"damage":8,"enemies":"Transient","floor":46,"turns":5},{"damage":25,"enemies":"Reptomancer","floor":48,"turns":4},{"damage":80,"enemies":"Donu and Deca","floor":50,"turns":7}],"seed_played":"-2269839704489136602","potions_obtained":[{"floor":13,"key":"Explosive Potion"},{"floor":14,"key":"Weak Potion"},{"floor":16,"key":"Energy Potion"},{"floor":20,"key":"PowerPotion"},{"floor":22,"key":"FocusPotion"},{"floor":31,"key":"FearPotion"},{"floor":36,"key":"Poison Potion"},{"floor":37,"key":"EssenceOfSteel"},{"floor":38,"key":"SpeedPotion"},{"floor":41,"key":"Explosive Potion"}],"is_trial":false,"path_per_floor":["M","$","?","$","?","E","R","?","T","R","$","R","M","M","R","B",null,"M","M","M","?","M","R","M","R","T","?","$","$","M","M","R","B",null,"M","M","M","M","$","R","M","?","T","M","R","M","$","M","R"],"character_chosen":"DEFECT","items_purchased":["Gash","Turbo","Blue Candle","Panache","Storm"],"campfire_rested":5,"item_purchase_floors":[2,2,28,39,47],"current_hp_per_floor":[68,68,68,68,73,41,41,41,51,51,51,51,56,63,63,56,77,77,76,36,64,64,64,38,63,63,47,47,47,25,19,44,15,67,46,42,34,31,31,56,38,59,59,30,55,57,57,42,67,0],"gold":29,"neow_bonus":"TRANSFORM_CARD","is_prod":false,"is_daily":false,"chose_seed":false,"campfire_upgraded":5,"win_rate":0,"timestamp":1539126291,"path_taken":["M","$","?","?","?","E","R","?","T","R","?","R","M","?","R","BOSS","M","?","M","?","M","R","M","R","T","?","?","$","M","M","R","BOSS","M","M","?","M","$","R","M","?","T","M","R","M","?","M","R","BOSS"],"build_version":"2018-10-04v2","purchased_purges":1,"victory":false,"max_hp_per_floor":[75,75,75,75,80,80,80,74,84,84,84,84,84,84,84,84,84,84,84,84,84,84,84,84,84,84,84,84,84,84,84,84,84,84,84,84,84,84,84,84,84,84,84,84,84,84,84,84,84,84],"card_choices":[{"not_picked":["Steam","Coolheaded"],"picked":"Defragment","floor":1},{"not_picked":["Glacier","Heatsinks"],"picked":"Self Repair","floor":6},{"not_picked":["Sweeping Beam","Stack"],"picked":"Skim","floor":13},{"not_picked":["Lockon","Streamline"],"picked":"Ball Lightning","floor":14},{"not_picked":["Meteor Strike","Reboot"],"picked":"Machine Learning","floor":16},{"not_picked":["White Noise","FTL"],"picked":"Go for the Eyes+1","floor":18},{"not_picked":["Lockon","Go for the Eyes"],"picked":"Gash","floor":19},{"not_picked":["Tempest","Cold Snap"],"picked":"Beam Cell","floor":20},{"not_picked":["Auto Shields+1","Redo"],"picked":"Defragment+1","floor":22},{"not_picked":["Redo","Genetic Algorithm"],"picked":"Hologram","floor":24},{"not_picked":["Fission","Chaos"],"picked":"Leap+1","floor":30},{"not_picked":["Hologram","Fusion"],"picked":"Stack+1","floor":31},{"not_picked":["Echo Form","Fission"],"picked":"All For One","floor":33},{"not_picked":["Turbo","Barrage"],"picked":"Gash+1","floor":35},{"not_picked":["Sunder","Cold Snap+1"],"picked":"Steam+1","floor":36},{"not_picked":["Reinforced Body+1","Genetic Algorithm"],"picked":"Conserve Battery","floor":37},{"not_picked":["Stack","Sweeping Beam"],"picked":"Steam Power+1","floor":38},{"not_picked":["Go for the Eyes","Reinforced Body"],"picked":"Redo+1","floor":41},{"not_picked":["Steam","Conserve Battery+1"],"picked":"Hologram","floor":44},{"not_picked":["Aggregate+1","Glacier"],"picked":"Core Surge","floor":46},{"not_picked":["Redo","Steam Power"],"picked":"Steam+1","floor":48}],"player_experience":1823630,"relics_obtained":[{"floor":6,"key":"Orichalcum"},{"floor":9,"key":"Pear"},{"floor":26,"key":"Nunchaku"},{"floor":27,"key":"Enchiridion"},{"floor":43,"key":"Cables"}],"event_choices":[{"event_name":"World of Goop","player_choice":"Left","floor":3,"damage_taken":0},{"event_name":"Big Fish","player_choice":"Donut","floor":5,"damage_taken":0},{"event_name":"Golden Idol","player_choice":"Lose Max HP","floor":8,"damage_taken":0},{"event_name":"The Library","player_choice":"Heal","floor":21,"damage_taken":0},{"event_name":"Cursed Tome","player_choice":"Obtained Book","floor":27,"damage_taken":0},{"event_name":"Winding Halls","player_choice":"Writhe","floor":42,"damage_taken":0}],"is_beta":false,"boss_relics":[{"not_picked":["Velvet Choker","Fusion Hammer"],"picked":"Cursed Key"},{"not_picked":["Busted Crown","Philosopher\u0027s Stone"],"picked":"Inserter"}],"items_purged_floors":[47],"is_endless":false,"potions_floor_spawned":[13,14,16,20,22,31,36,37,38,41],"killed_by":"Donu and Deca","ascension_level":10}