{"gold_per_floor":[118,138,158,174,174,199,199,227,281,281,314,332,332,351,351,427,427,442,460,10,22,22,22],"floor_reached":23,"playtime":1841,"items_purged":[],"score":434,"play_id":"a6fdeea0-bfec-43ae-8fe2-df4397b13ee3","local_time":"20190125213331","is_ascension_mode":true,"campfire_choices":[{"floor":7,"key":"REST"},{"data":"Hologram","floor":10,"key":"SMITH"},{"floor":15,"key":"REST"}],"neow_cost":"NONE","seed_source_timestamp":514097469406999,"circlet_count":0,"master_deck":["AscendersBane","Strike_B","Strike_B","Strike_B","Strike_B+1","Defend_B","Defend_B","Defend_B","Defend_B","Zap+1","Dualcast","Ball Lightning+1","Turbo","All For One","Beam Cell","Hologram+1","Sweeping Beam","Auto Shields","Static Discharge","Machine Learning","Beam Cell+1","Static Discharge","Go for the Eyes"],"relics":["Cracked Core","Symbiotic Virus","Singing Bowl","Shuriken","Ancient Tea Set","Whetstone","Nuclear Battery","Regal Pillow","Letter Opener"],"potions_floor_usage":[8,16,16,23,23],"damage_taken":[{"damage":0,"enemies":"Cultist","floor":1,"turns":3},{"damage":2,"enemies":"2 Louse","floor":2,"turns":3},{"damage":7,"enemies":"Jaw Worm","floor":3,"turns":3},{"damage":1,"enemies":"2 Fungi Beasts","floor":4,"turns":3},{"damage":35,"enemies":"3 Sentries","floor":6,"turns":6},{"damage":5,"enemies":"Gremlin Nob","floor":8,"turns":3},{"damage":15,"enemies":"3 Sentries","floor":11,"turns":4},{"damage":0,"enemies":"3 Louse","floor":12,"turns":2},{"damage":7,"enemies":"Exordium Wildlife","floor":14,"turns":2},{"damage":0,"enemies":"Slime Boss","floor":16,"turns":5},{"damage":6,"enemies":"Spheric Guardian","floor":18,"turns":3},{"damage":12,"enemies":"Chosen","floor":19,"turns":3},{"damage":19,"enemies":"Sentry and Sphere","floor":21,"turns":4},{"damage":39,"enemies":"Slavers","floor":23,"turns":3}],"seed_played":"-1460033707536703244","potions_obtained":[{"floor":4,"key":"Dexterity Potion"},{"floor":6,"key":"SteroidPotion"},{"floor":11,"key":"Strength Potion"},{"floor":12,"key":"Poison Potion"},{"floor":16,"key":"Poison Potion"},{"floor":18,"key":"Weak Potion"}],"is_trial":false,"path_per_floor":["M","M","M","M","T","E","R","E","T","R","E","M","?","M","R","B",null,"M","M","$","M","?","E"],"character_chosen":"DEFECT","items_purchased":["Regal Pillow","Letter Opener","Static Discharge"],"campfire_rested":2,"item_purchase_floors":[20,20,20],"current_hp_per_floor":[68,66,59,58,58,23,45,40,40,40,25,25,25,20,43,43,69,63,53,53,34,34,0],"gold":22,"neow_bonus":"UPGRADE_CARD","is_prod":false,"is_daily":false,"chose_seed":false,"campfire_upgraded":1,"win_rate":0,"timestamp":1548470011,"path_taken":["M","M","M","M","?","E","R","E","T","R","E","M","?","?","R","BOSS","M","M","$","M","?","E"],"build_version":"2019-01-23","purchased_purges":0,"victory":false,"max_hp_per_floor":[75,75,75,75,75,75,75,75,75,75,75,75,75,77,77,77,77,77,79,79,79,79,79],"card_choices":[{"not_picked":["Turbo","Sweeping Beam"],"picked":"Ball Lightning","floor":1},{"not_picked":["Stack","Blizzard"],"picked":"Turbo","floor":2},{"not_picked":["Steam","Skim"],"picked":"All For One","floor":3},{"not_picked":["Coolheaded","Hologram"],"picked":"Beam Cell","floor":4},{"not_picked":["White Noise","Redo"],"picked":"Hologram","floor":6},{"not_picked":["Steam","Streamline"],"picked":"Sweeping Beam","floor":8},{"not_picked":["Chill","Stack"],"picked":"Auto Shields","floor":11},{"not_picked":["Redo","Beam Cell"],"picked":"Static Discharge","floor":12},{"not_picked":["Leap","Compile Driver","Streamline"],"picked":"Singing Bowl","floor":14},{"not_picked":["Rainbow","Buffer"],"picked":"Machine Learning","floor":16},{"not_picked":["Recycle","Genetic Algorithm"],"picked":"Beam Cell+1","floor":18},{"not_picked":["Darkness","Redo","Consume"],"picked":"Singing Bowl","floor":19},{"not_picked":["White Noise","Ball Lightning"],"picked":"Go for the Eyes","floor":21}],"player_experience":2231001,"relics_obtained":[{"floor":5,"key":"Symbiotic Virus"},{"floor":6,"key":"Singing Bowl"},{"floor":8,"key":"Shuriken"},{"floor":9,"key":"Ancient Tea Set"},{"floor":11,"key":"Whetstone"}],"event_choices":[{"damage_healed":0,"gold_gain":0,"player_choice":"Ignored","damage_taken":0,"max_hp_gain":0,"max_hp_loss":0,"event_name":"Liars Game","floor":13,"gold_loss":0},{"damage_healed":0,"gold_gain":0,"player_choice":"Ignored","damage_taken":0,"max_hp_gain":0,"max_hp_loss":0,"event_name":"Beggar","floor":22,"gold_loss":0}],"is_beta":false,"boss_relics":[{"not_picked":["Snecko Eye","Lizard Tail"],"picked":"Nuclear Battery"}],"items_purged_floors":[],"is_endless":false,"potions_floor_spawned":[4,6,11,12,16,18,21],"killed_by":"Slavers","ascension_level":13}