{"gold_per_floor":[15,15,28,28,45,45,55,55,78,104,116,128,158,187,199,311,323,355,17,27,47,47,47,47,47,71,86,114,131,131,131,131,131],"floor_reached":33,"playtime":3756,"items_purged":[],"score":284,"play_id":"da26d8a9-6c70-4d4f-93b6-54ba11cc72ac","local_time":"20190718095117","is_ascension_mode":false,"campfire_choices":[{"data":"Carnage","floor":6,"key":"SMITH"},{"floor":8,"key":"REST"},{"data":"Carnage","floor":11,"key":"SMITH"},{"data":"Power Through","floor":15,"key":"SMITH"},{"floor":23,"key":"REST"},{"floor":25,"key":"REST"},{"floor":32,"key":"REST"}],"neow_cost":"NO_GOLD","seed_source_timestamp":204072225035152,"circlet_count":0,"master_deck":["Strike_R","Strike_R","Strike_R","Strike_R","Defend_R","Defend_R","Defend_R","Defend_R","Bash","Carnage+1","Rampage","Anger","Carnage+1","Shrug It Off","Shrug It Off","Power Through+1","Demon Form","Headbutt","Cleave","Feel No Pain+1","Dramatic Entrance","Panacea","Reaper","Clothesline+1","Heavy Blade","Impervious"],"relics":["Burning Blood","Question Card","MawBank","Black Star","Anchor","Lee\u0027s Waffle","Dream Catcher","Mummified Hand","Bronze Scales"],"potions_floor_usage":[16,18,28,33,33],"damage_taken":[{"damage":0,"enemies":"2 Louse","floor":1,"turns":4},{"damage":19,"enemies":"Jaw Worm","floor":3,"turns":6},{"damage":1,"enemies":"Cultist","floor":5,"turns":4},{"damage":15,"enemies":"Gremlin Gang","floor":7,"turns":6},{"damage":14,"enemies":"Lots of Slimes","floor":10,"turns":4},{"damage":6,"enemies":"3 Louse","floor":13,"turns":3},{"damage":0,"enemies":"Large Slime","floor":14,"turns":4},{"damage":49,"enemies":"The Guardian","floor":16,"turns":10},{"damage":10,"enemies":"2 Thieves","floor":18,"turns":3},{"damage":30,"enemies":"Spheric Guardian","floor":20,"turns":5},{"damage":41,"enemies":"Shelled Parasite and Fungi","floor":21,"turns":7},{"damage":17,"enemies":"Snake Plant","floor":27,"turns":4},{"damage":57,"enemies":"Gremlin Leader","floor":28,"turns":7},{"damage":20,"enemies":"Snecko","floor":29,"turns":5},{"damage":56,"enemies":"Collector","floor":33,"turns":3}],"seed_played":"7491601885711708423","potions_obtained":[{"floor":10,"key":"Explosive Potion"},{"floor":13,"key":"SteroidPotion"},{"floor":27,"key":"AttackPotion"},{"floor":28,"key":"LiquidBronze"},{"floor":29,"key":"Explosive Potion"}],"is_trial":false,"path_per_floor":["M","?","M","T","M","R","M","R","T","M","R","?","M","M","R","B",null,"M","$","M","M","?","R","?","R","T","M","E","M","?","?","R","B"],"character_chosen":"IRONCLAD","items_purchased":["Anchor","Lee\u0027s Waffle"],"campfire_rested":4,"item_purchase_floors":[19,19],"current_hp_per_floor":[96,96,83,83,88,88,79,96,96,88,88,88,88,94,94,51,96,92,103,79,44,44,74,44,74,74,63,36,22,1,1,33,0],"gold":131,"neow_bonus":"TWENTY_PERCENT_HP_BONUS","is_prod":false,"is_daily":false,"chose_seed":false,"campfire_upgraded":3,"win_rate":0,"timestamp":1563454277,"path_taken":["M","?","M","?","M","R","M","R","T","M","R","?","?","?","R","BOSS","M","?","M","M","?","R","?","R","T","M","E","?","?","?","R","BOSS"],"build_version":"2019-07-17","purchased_purges":0,"victory":false,"max_hp_per_floor":[96,96,96,96,96,96,96,96,96,96,96,96,96,96,96,96,96,96,103,103,103,103,103,103,103,103,103,103,103,108,108,108,108],"card_choices":[{"not_picked":["True Grit","Twin Strike"],"picked":"Carnage","floor":1},{"not_picked":["Dual Wield","Body Slam"],"picked":"Rampage","floor":3},{"not_picked":["Warcry","Havoc","Wild Strike"],"picked":"Anger","floor":5},{"not_picked":["Headbutt","Rupture","Feel No Pain"],"picked":"Carnage","floor":7},{"not_picked":["Havoc","Pommel Strike","Body Slam"],"picked":"Shrug It Off","floor":10},{"not_picked":["Warcry","Intimidate","Whirlwind"],"picked":"Shrug It Off","floor":13},{"not_picked":["Pommel Strike","Flame Barrier","Feed"],"picked":"Power Through","floor":14},{"not_picked":["Impervious","Barricade","Offering"],"picked":"Demon Form","floor":16},{"not_picked":["Sword Boomerang","Spot Weakness+1","Flex"],"picked":"Headbutt","floor":18},{"not_picked":["Burning Pact","Hemokinesis","Iron Wave"],"picked":"Cleave","floor":20},{"not_picked":["Hemokinesis","Shrug It Off","Clothesline"],"picked":"Feel No Pain+1","floor":21},{"not_picked":["Twin Strike","Armaments","Sword Boomerang"],"picked":"Reaper","floor":27},{"not_picked":["Hemokinesis","Flex","Havoc"],"picked":"Clothesline+1","floor":28},{"not_picked":["Anger+1","Rampage+1","Clothesline+1"],"picked":"Heavy Blade","floor":29},{"not_picked":["Sword Boomerang+1","Flex","Power Through+1"],"picked":"Impervious","floor":32}],"player_experience":198238,"relics_obtained":[{"floor":4,"key":"Question Card"},{"floor":9,"key":"MawBank"},{"floor":26,"key":"Dream Catcher"},{"floor":28,"key":"Mummified Hand"},{"floor":28,"key":"Bronze Scales"}],"event_choices":[{"damage_healed":0,"gold_gain":0,"player_choice":"Ignored","damage_taken":0,"max_hp_gain":0,"max_hp_loss":0,"event_name":"Golden Idol","floor":2,"gold_loss":0},{"cards_removed":["Strike_R"],"damage_healed":0,"gold_gain":0,"player_choice":"Purged","damage_taken":0,"max_hp_gain":0,"max_hp_loss":0,"event_name":"Purifier","floor":12,"gold_loss":0},{"damage_healed":0,"gold_gain":0,"player_choice":"Ignored","damage_taken":0,"max_hp_gain":0,"max_hp_loss":0,"event_name":"Ghosts","floor":22,"gold_loss":0},{"damage_healed":0,"gold_gain":0,"player_choice":"CARD CARD ","damage_taken":30,"max_hp_gain":0,"max_hp_loss":0,"event_name":"Knowing Skull","floor":24,"potions_obtained":[],"gold_loss":0,"cards_obtained":["Dramatic Entrance","Panacea"]},{"damage_healed":0,"gold_gain":0,"player_choice":"Shed Blood","damage_taken":26,"max_hp_gain":5,"max_hp_loss":0,"event_name":"Forgotten Altar","floor":30,"gold_loss":0},{"damage_healed":0,"gold_gain":0,"player_choice":"Ignored","damage_taken":0,"max_hp_gain":0,"max_hp_loss":0,"event_name":"Vampires","floor":31,"gold_loss":0}],"is_beta":false,"boss_relics":[{"not_picked":["Velvet Choker","Ectoplasm"],"picked":"Black Star"}],"items_purged_floors":[],"is_endless":false,"potions_floor_spawned":[10,13,27,28,29],"killed_by":"Collector","ascension_level":0}