{"gold_per_floor":[110,160,176,190,205,205,235,251,276,310,310,324,83,113,113,113],"floor_reached":16,"playtime":1798,"items_purged":[],"score":265,"play_id":"ccb331b9-0cf7-4dd5-bcff-75f2ff9f8d77","local_time":"20190327214811","is_ascension_mode":true,"campfire_choices":[{"data":"Rampage","floor":6.0,"key":"SMITH"},{"data":"True Grit","floor":11.0,"key":"SMITH"},{"data":"Intimidate","floor":15.0,"key":"SMITH"}],"neow_cost":"NONE","seed_source_timestamp":1853451655611138,"circlet_count":0,"master_deck":["AscendersBane","Strike_R","Strike_R","Strike_R","Strike_R","Strike_R","Defend_R","Defend_R","Defend_R","Defend_R","Bash","Power Through","Carnage","Cleave","Rampage+1","Impervious","True Grit+1","True Grit","Wild Strike","Intimidate+1","Double Tap","Spot Weakness"],"special_seed":0,"relics":["Burning Blood","Potion Belt","Oddly Smooth Stone","Centennial Puzzle","Juzu Bracelet"],"potions_floor_usage":[16],"damage_taken":[{"damage":0.0,"enemies":"Small Slimes","floor":1.0,"turns":3.0},{"damage":10.0,"enemies":"Cultist","floor":3.0,"turns":5.0},{"damage":0.0,"enemies":"2 Louse","floor":4.0,"turns":3.0},{"damage":6.0,"enemies":"Gremlin Gang","floor":5.0,"turns":3.0},{"damage":0.0,"enemies":"3 Sentries","floor":7.0,"turns":8.0},{"damage":14.0,"enemies":"Lots of Slimes","floor":8.0,"turns":5.0},{"damage":20.0,"enemies":"Gremlin Nob","floor":10.0,"turns":5.0},{"damage":10.0,"enemies":"Large Slime","floor":12.0,"turns":6.0},{"damage":28.0,"enemies":"3 Sentries","floor":14.0,"turns":11.0},{"damage":38,"enemies":"Hexaghost","floor":16,"turns":11}],"seed_played":"-5364495686945544725","potions_obtained":[{"floor":1.0,"key":"Energy Potion"},{"floor":3.0,"key":"Explosive Potion"},{"floor":7.0,"key":"SteroidPotion"},{"floor":10.0,"key":"SkillPotion"},{"floor":12.0,"key":"Fire Potion"}],"is_trial":false,"path_per_floor":["M","?","M","M","M","R","E","M","T","E","R","M","$","E","R","B"],"character_chosen":"IRONCLAD","items_purchased":["Intimidate","Double Tap"],"campfire_rested":0,"item_purchase_floors":[13,13],"current_hp_per_floor":[81,81,77,82,82,82,82,74,74,60,60,56,56,34,34,0],"gold":113,"neow_bonus":"TEN_PERCENT_HP_BONUS","is_prod":false,"is_daily":false,"chose_seed":false,"campfire_upgraded":3,"win_rate":0,"timestamp":1553737691,"path_taken":["M","?","M","M","M","R","E","?","T","E","R","M","$","E","R","BOSS"],"build_version":"2019-01-23","purchased_purges":0,"victory":false,"max_hp_per_floor":[82,82,82,82,82,82,82,82,82,82,82,82,82,82,82,82],"card_choices":[{"not_picked":["Pommel Strike","Headbutt"],"picked":"Power Through","floor":1.0},{"not_picked":["Warcry","Searing Blow"],"picked":"Carnage","floor":3.0},{"not_picked":["Fire Breathing","Seeing Red"],"picked":"Cleave","floor":4.0},{"not_picked":["Clash","Havoc"],"picked":"Rampage","floor":5.0},{"not_picked":["Body Slam","Iron Wave"],"picked":"Impervious","floor":7.0},{"not_picked":["Clash","Shrug It Off"],"picked":"True Grit","floor":8.0},{"not_picked":["Cleave","Pommel Strike"],"picked":"True Grit","floor":10.0},{"not_picked":["Perfected Strike","Limit Break"],"picked":"Wild Strike","floor":12.0},{"not_picked":["Perfected Strike","Headbutt"],"picked":"Spot Weakness","floor":14.0}],"player_experience":2413221,"relics_obtained":[{"floor":7.0,"key":"Potion Belt"},{"floor":9.0,"key":"Oddly Smooth Stone"},{"floor":10.0,"key":"Centennial Puzzle"},{"floor":14.0,"key":"Juzu Bracelet"}],"event_choices":[{"damage_healed":0.0,"max_hp_gain":0.0,"max_hp_loss":0.0,"gold_gain":50.0,"event_name":"Golden Shrine","player_choice":"Pray","floor":2.0,"gold_loss":0.0,"damage_taken":0.0}],"is_beta":false,"boss_relics":[],"items_purged_floors":[],"is_endless":false,"potions_floor_spawned":[1,3,7,10,12],"killed_by":"Hexaghost","ascension_level":16}