{"gold_per_floor":[109,19,29,40,60,60,72,72,72,72,72,85,143,153,153,255,255,269,369,27,40,17,42,42,62,114,114,114,126,141,159,159,262,262,275,33,33,33,33,67,67,78,78,6,6,26,26,36,36,36],"floor_reached":51,"playtime":3056,"items_purged":[],"score":714,"play_id":"410e1fc1-e5b2-4ad4-8201-9e35bf858761","local_time":"20190729183045","is_ascension_mode":false,"campfire_choices":[{"data":"Melter","floor":6,"key":"SMITH"},{"data":"Defragment","floor":8,"key":"SMITH"},{"floor":11,"key":"REST"},{"data":"Turbo","floor":15,"key":"SMITH"},{"floor":24,"key":"REST"},{"floor":27,"key":"REST"},{"data":"White Noise","floor":32,"key":"SMITH"},{"floor":41,"key":"REST"},{"floor":45,"key":"REST"},{"floor":47,"key":"REST"},{"data":"Meteor Strike","floor":49,"key":"SMITH"}],"neow_cost":"NONE","seed_source_timestamp":168933738149347,"circlet_count":0,"master_deck":["Strike_B","Strike_B","Strike_B","Defend_B","Defend_B","Defend_B","Defend_B","Zap","Dualcast","Ball Lightning","Melter+1","Cold Snap","Steam","Turbo+1","Leap","Defragment+1","Melter","Ball Lightning","Rebound","Thunder Strike+1","Hologram+1","BootSequence","Compile Driver","White Noise+1","Sweeping Beam","Glacier","White Noise+1","Streamline","Defragment","Seek","Auto Shields+1","Gash","Doom and Gloom","Writhe","Meteor Strike+1","Leap+1","Leap","Gash","Consume","Cold Snap"],"relics":["Cracked Core","DataDisk","Boot","Runic Pyramid","Vajra","HandDrill","Cables","Oddly Smooth Stone","Philosopher\u0027s Stone","Happy Flower","Bottled Tornado","Sundial"],"potions_floor_usage":[1,13,13,16,16,33,33,33,50,50],"damage_taken":[{"damage":0,"enemies":"Cultist","floor":1,"turns":3},{"damage":1,"enemies":"Small Slimes","floor":3,"turns":3},{"damage":0,"enemies":"2 Louse","floor":4,"turns":3},{"damage":8,"enemies":"Red Slaver","floor":5,"turns":3},{"damage":0,"enemies":"Looter","floor":7,"turns":3},{"damage":0,"enemies":"2 Fungi Beasts","floor":12,"turns":3},{"damage":9,"enemies":"Gremlin Nob","floor":13,"turns":3},{"damage":0,"enemies":"Large Slime","floor":14,"turns":3},{"damage":23,"enemies":"The Guardian","floor":16,"turns":8},{"damage":11,"enemies":"Shell Parasite","floor":18,"turns":4},{"damage":39,"enemies":"2 Thieves","floor":21,"turns":4},{"damage":0,"enemies":"Gremlin Leader","floor":23,"turns":7},{"damage":0,"enemies":"Sentry and Sphere","floor":25,"turns":2},{"damage":0,"enemies":"3 Cultists","floor":29,"turns":6},{"damage":0,"enemies":"Cultist and Chosen","floor":30,"turns":3},{"damage":0,"enemies":"Snecko","floor":31,"turns":4},{"damage":25,"enemies":"Champ","floor":33,"turns":8},{"damage":14,"enemies":"Orb Walker","floor":35,"turns":3},{"damage":29,"enemies":"Nemesis","floor":40,"turns":6},{"damage":29,"enemies":"3 Shapes","floor":42,"turns":3},{"damage":0,"enemies":"Spire Growth","floor":46,"turns":5},{"damage":1,"enemies":"Maw","floor":48,"turns":8},{"damage":57,"enemies":"Awakened One","floor":50,"turns":19}],"seed_played":"-3435813210071935562","potions_obtained":[{"floor":0,"key":"LiquidBronze"},{"floor":0,"key":"FearPotion"},{"floor":0,"key":"Fire Potion"},{"floor":1,"key":"Poison Potion"},{"floor":4,"key":"FocusPotion"},{"floor":14,"key":"Block Potion"},{"floor":23,"key":"Weak Potion"},{"floor":30,"key":"SteroidPotion"},{"floor":31,"key":"Fire Potion"},{"floor":46,"key":"SpeedPotion"},{"floor":48,"key":"EssenceOfSteel"}],"is_trial":false,"path_per_floor":["M","$","M","M","M","R","M","R","T","?","R","M","?","M","R","B",null,"M","?","$","M","$","E","R","M","T","R","?","M","M","M","R","B",null,"M","$","?","?","?","E","R","M","T","$","R","M","R","M","R","B",null],"character_chosen":"DEFECT","items_purchased":["Melter","Cold Snap","Vajra","HandDrill","Compile Driver","Happy Flower","Gash","Doom and Gloom","Leap","Gash"],"campfire_rested":6,"item_purchase_floors":[2,2,20,20,22,36,36,36,44,44],"current_hp_per_floor":[75,75,74,74,66,66,66,66,66,59,75,75,66,66,66,43,75,64,64,64,25,25,25,47,47,47,69,69,69,69,69,69,44,75,61,61,75,75,75,46,68,39,39,39,61,61,75,74,74,17],"gold":36,"neow_bonus":"THREE_SMALL_POTIONS","is_prod":false,"is_daily":false,"chose_seed":false,"campfire_upgraded":5,"win_rate":0.0,"timestamp":1564435845,"path_taken":["M","$","M","M","M","R","M","R","T","?","R","?","?","M","R","BOSS","M","?","$","M","$","E","R","?","T","R","?","M","M","M","R","BOSS","M","$","?","?","?","E","R","M","T","$","R","M","R","?","R","BOSS"],"build_version":"2019-07-17","purchased_purges":0,"victory":true,"max_hp_per_floor":[75,75,75,75,75,75,75,75,75,75,75,75,75,75,75,75,75,75,75,75,75,75,75,75,75,75,75,75,75,75,75,75,75,75,75,75,75,75,75,75,75,75,75,75,75,75,75,75,75,75],"card_choices":[{"not_picked":["Barrage","Beam Cell"],"picked":"Ball Lightning","floor":1},{"not_picked":["Reprogram","Stack"],"picked":"Steam","floor":3},{"not_picked":["Multi-Cast","Reprogram"],"picked":"Turbo","floor":4},{"not_picked":["Hello World","Beam Cell"],"picked":"Leap","floor":5},{"not_picked":["Ball Lightning","Rebound"],"picked":"Defragment","floor":7},{"not_picked":["Steam","Tempest"],"picked":"Melter","floor":12},{"not_picked":["FTL","Cold Snap"],"picked":"Ball Lightning","floor":13},{"not_picked":["Steam Power","Blizzard"],"picked":"Rebound","floor":14},{"not_picked":["Reboot","Multi-Cast"],"picked":"Thunder Strike","floor":16},{"not_picked":["Go for the Eyes","Barrage"],"picked":"Hologram+1","floor":18},{"not_picked":["Steam","Hologram"],"picked":"BootSequence","floor":21},{"not_picked":["Cold Snap","Heatsinks+1"],"picked":"White Noise+1","floor":23},{"not_picked":["Loop","Leap"],"picked":"Sweeping Beam","floor":25},{"not_picked":["Double Energy","Gash"],"picked":"White Noise","floor":29},{"not_picked":["Storm+1","Blizzard"],"picked":"Streamline","floor":30},{"not_picked":["Compile Driver+1","Hologram"],"picked":"Defragment","floor":31},{"not_picked":["Creative AI","Rainbow"],"picked":"Seek","floor":33},{"not_picked":["Barrage","Coolheaded+1"],"picked":"Auto Shields+1","floor":35},{"not_picked":["Tempest","Cold Snap+1"],"picked":"Meteor Strike","floor":40},{"not_picked":["Storm","Reinforced Body"],"picked":"Leap+1","floor":42},{"not_picked":["Hologram+1","Barrage"],"picked":"Consume","floor":46},{"not_picked":["Reinforced Body","Scrape"],"picked":"Cold Snap","floor":48}],"player_experience":256337,"relics_obtained":[{"floor":9,"key":"DataDisk"},{"floor":13,"key":"Boot"},{"floor":23,"key":"Cables"},{"floor":26,"key":"Oddly Smooth Stone"},{"floor":40,"key":"Bottled Tornado"},{"floor":43,"key":"Sundial"}],"event_choices":[{"damage_healed":0,"gold_gain":0,"player_choice":"Damaged","damage_taken":7,"max_hp_gain":0,"max_hp_loss":0,"event_name":"Wheel of Change","floor":10,"gold_loss":0},{"damage_healed":0,"gold_gain":0,"player_choice":"Searched \u00271\u0027 times","damage_taken":0,"max_hp_gain":0,"max_hp_loss":0,"event_name":"Dead Adventurer","floor":13,"gold_loss":0},{"damage_healed":0,"gold_gain":100,"player_choice":"Pray","damage_taken":0,"max_hp_gain":0,"max_hp_loss":0,"event_name":"Golden Shrine","floor":19,"gold_loss":0},{"damage_healed":0,"gold_gain":0,"player_choice":"Read","damage_taken":0,"max_hp_gain":0,"max_hp_loss":0,"event_name":"The Library","floor":28,"gold_loss":0,"cards_obtained":["Glacier"]},{"damage_healed":19,"gold_gain":0,"player_choice":"Writhe","damage_taken":0,"max_hp_gain":0,"max_hp_loss":0,"event_name":"Winding Halls","floor":37,"gold_loss":0,"cards_obtained":["Writhe"]},{"cards_removed":["Strike_B"],"damage_healed":0,"gold_gain":0,"player_choice":"Removed Attack","damage_taken":0,"max_hp_gain":0,"max_hp_loss":0,"event_name":"Falling","floor":38,"gold_loss":0},{"damage_healed":0,"gold_gain":0,"player_choice":"Upgraded","damage_taken":0,"max_hp_gain":0,"max_hp_loss":0,"event_name":"Upgrade Shrine","floor":39,"gold_loss":0,"cards_upgraded":["Thunder Strike"]}],"is_beta":false,"boss_relics":[{"not_picked":["Eternal Feather","Ectoplasm"],"picked":"Runic Pyramid"},{"not_picked":["Velvet Choker","Cursed Key"],"picked":"Philosopher\u0027s Stone"}],"items_purged_floors":[],"is_endless":false,"potions_floor_spawned":[1,4,5,14,23,30,31,46,48],"ascension_level":0}