{"gold_per_floor":[112,123,143,143,162,195,195,195,195,195,195,26,40,74,74,153,153,166,180,198,218,218,251,251,270,270,270,270,270,18,51,51,125,125,144,158,173,219,219,246,246,246,246,296,327,327,337,47,47,47],"floor_reached":50,"playtime":16868,"items_purged":["Regret"],"score":1036,"play_id":"eb319d3b-4572-4733-87d7-7f5c8447f4ec","local_time":"20190330214459","is_ascension_mode":true,"campfire_choices":[{"floor":7.0,"key":"REST"},{"data":"Rampage","floor":11.0,"key":"SMITH"},{"data":"Rage","floor":15.0,"key":"SMITH"},{"data":"Combust","floor":24,"key":"SMITH"},{"data":"Shockwave","floor":27,"key":"SMITH"},{"data":"Power Through","floor":32,"key":"SMITH"},{"data":"Double Tap","floor":41,"key":"SMITH"},{"data":"Limit Break","floor":46,"key":"SMITH"},{"floor":49,"key":"REST"}],"neow_cost":"NONE","seed_source_timestamp":1922912996055417,"circlet_count":0,"master_deck":["AscendersBane","Defend_R+1","Defend_R","Defend_R+1","Defend_R","Bash","Rampage+1","Rage+1","Iron Wave","Shockwave+1","Headbutt","Rampage+1","Thunderclap+1","Whirlwind+1","Clash+1","Immolate+1","Disarm+1","Pommel Strike+1","Combust+1","Bite+1","Bite+1","Bite+1","Bite+1","Bite+1","Headbutt+1","Battle Trance","J.A.X.","Bash+1","Power Through+1","Disarm+1","Double Tap+1","Rupture","Flame Barrier","Iron Wave+1","Writhe","Limit Break+1","Inflame+1","Evolve+1"],"special_seed":0,"relics":["Burning Blood","Bag of Preparation","Molten Egg 2","Gremlin Horn","Self Forming Clay","Velvet Choker","Bottled Tornado","Matryoshka","Vajra","War Paint","Mark of Pain","Gambling Chip","Dodecahedron","Centennial Puzzle","Frozen Egg 2","Shovel","OrangePellets"],"potions_floor_usage":[16,23,25,36,38,50],"damage_taken":[{"damage":3.0,"enemies":"2 Louse","floor":1.0,"turns":3.0},{"damage":3.0,"enemies":"Jaw Worm","floor":2.0,"turns":5.0},{"damage":1.0,"enemies":"Cultist","floor":3.0,"turns":3.0},{"damage":8.0,"enemies":"Blue Slaver","floor":5.0,"turns":5.0},{"damage":49.0,"enemies":"3 Sentries","floor":6.0,"turns":12.0},{"damage":12.0,"enemies":"Large Slime","floor":13.0,"turns":5.0},{"damage":6.0,"enemies":"Lagavulin","floor":14.0,"turns":5.0},{"damage":15,"enemies":"Slime Boss","floor":16,"turns":11},{"damage":0,"enemies":"Chosen","floor":18,"turns":2},{"damage":7,"enemies":"2 Thieves","floor":19,"turns":2},{"damage":12,"enemies":"Snake Plant","floor":20,"turns":4},{"damage":5,"enemies":"Snecko","floor":21,"turns":3},{"damage":15,"enemies":"Gremlin Leader","floor":23,"turns":4},{"damage":1,"enemies":"3 Cultists","floor":25,"turns":2},{"damage":21,"enemies":"Slavers","floor":31,"turns":2},{"damage":71,"enemies":"Automaton","floor":33,"turns":8},{"damage":10,"enemies":"Orb Walker","floor":35,"turns":3},{"damage":15,"enemies":"3 Shapes","floor":36,"turns":4},{"damage":3,"enemies":"Jaw Worm Horde","floor":37,"turns":1},{"damage":0,"enemies":"2 Orb Walkers","floor":38,"turns":1},{"damage":65,"enemies":"Nemesis","floor":40,"turns":7},{"damage":22,"enemies":"Reptomancer","floor":45,"turns":5},{"damage":46,"enemies":"Spire Growth","floor":47,"turns":5},{"damage":62,"enemies":"Time Eater","floor":50,"turns":7}],"seed_played":"-2406417907546469679","potions_obtained":[{"floor":0.0,"key":"Fruit Juice"},{"floor":0.0,"key":"SneckoOil"},{"floor":0.0,"key":"SmokeBomb"},{"floor":2.0,"key":"Energy Potion"},{"floor":18,"key":"Energy Potion"},{"floor":23,"key":"Fruit Juice"},{"floor":25,"key":"LiquidBronze"},{"floor":35,"key":"SteroidPotion"},{"floor":36,"key":"Fruit Juice"},{"floor":47,"key":"Dexterity Potion"}],"is_trial":false,"path_per_floor":["M","M","M","?","M","E","R","T","T","?","R","$","M","E","R","B",null,"M","M","M","M","?","E","R","M","T","R","?","?","$","E","R","B",null,"M","M","M","?","?","E","R","?","T","?","E","R","M","$","R","B"],"character_chosen":"IRONCLAD","items_purchased":["Rampage+1","Thunderclap+1","Vajra","Power Through","OrangePellets","Evolve+1"],"campfire_rested":2,"item_purchase_floors":[12,12,30,30,48,48],"current_hp_per_floor":[76,79,80,80,78,35,59,59,59,59,59,59,55,57,57,50,73,80,79,74,77,77,80,80,85,85,85,85,85,85,76,76,29,71,73,72,75,81,81,43,43,61,61,52,45,45,11,11,38,0],"gold":47,"neow_bonus":"THREE_SMALL_POTIONS","is_prod":false,"is_daily":false,"chose_seed":false,"campfire_upgraded":7,"win_rate":0,"timestamp":1553996699,"path_taken":["M","M","M","?","M","E","R","?","T","?","R","$","M","E","R","BOSS","M","M","M","M","?","E","R","M","T","R","?","?","$","E","R","BOSS","M","M","M","?","?","E","R","?","T","?","E","R","M","$","R","BOSS"],"build_version":"2019-01-23","purchased_purges":1,"victory":false,"max_hp_per_floor":[80,80,80,80,80,80,80,80,80,80,80,80,80,80,80,80,80,80,80,80,80,80,85,85,85,85,85,85,85,85,85,85,85,85,85,90,90,90,90,90,90,90,90,90,90,90,90,90,90,90],"card_choices":[{"not_picked":["Pummel","Cleave"],"picked":"Rampage","floor":1.0},{"not_picked":["Pommel Strike","Body Slam"],"picked":"Rage","floor":2.0},{"not_picked":["Warcry","Perfected Strike"],"picked":"Iron Wave","floor":3.0},{"not_picked":["Second Wind","Feel No Pain"],"picked":"Shockwave","floor":5.0},{"not_picked":["Sentinel","Warcry"],"picked":"Headbutt","floor":6.0},{"not_picked":["Pommel Strike+1","Thunderclap+1"],"picked":"Whirlwind+1","floor":13.0},{"not_picked":["Twin Strike+1","Anger+1"],"picked":"Clash+1","floor":14.0},{"not_picked":["Offering","Brutality"],"picked":"Immolate+1","floor":16},{"not_picked":["Metallicize","True Grit"],"picked":"Disarm+1","floor":18},{"not_picked":["Wild Strike+1","Second Wind"],"picked":"Pommel Strike+1","floor":19},{"not_picked":["True Grit","Whirlwind+1"],"picked":"Dropkick+1","floor":20},{"not_picked":["Warcry+1","Havoc+1"],"picked":"Combust","floor":21},{"not_picked":["Sword Boomerang+1","Shockwave"],"picked":"Headbutt+1","floor":23},{"not_picked":["Havoc","Reckless Charge+1"],"picked":"Battle Trance","floor":25},{"not_picked":["Wild Strike+1","Inflame+1"],"picked":"Disarm+1","floor":31},{"not_picked":["Feed+1","Immolate+1"],"picked":"Double Tap","floor":33},{"not_picked":["Warcry","Dual Wield","Inflame"],"picked":"SKIP","floor":35},{"not_picked":["Havoc+1","Clothesline+1"],"picked":"Rupture","floor":36},{"not_picked":["Burning Pact","Entrench"],"picked":"Flame Barrier","floor":37},{"not_picked":["Anger+1","Twin Strike+1"],"picked":"Iron Wave+1","floor":40},{"not_picked":["Offering","Clash+1"],"picked":"Limit Break","floor":45},{"not_picked":["Searing Blow+1","True Grit"],"picked":"Inflame+1","floor":47}],"player_experience":2420461,"relics_obtained":[{"floor":6.0,"key":"Blood Vial"},{"floor":8.0,"key":"Bag of Preparation"},{"floor":9.0,"key":"Molten Egg 2"},{"floor":14.0,"key":"Self Forming Clay"},{"floor":23,"key":"Bottled Tornado"},{"floor":26,"key":"Matryoshka"},{"floor":31,"key":"War Paint"},{"floor":38,"key":"Gambling Chip"},{"floor":40,"key":"Dodecahedron"},{"floor":43,"key":"Centennial Puzzle"},{"floor":43,"key":"Frozen Egg 2"},{"floor":45,"key":"Shovel"}],"event_choices":[{"damage_healed":0.0,"max_hp_gain":0.0,"max_hp_loss":0.0,"gold_gain":0.0,"event_name":"Liars Game","player_choice":"Ignored","floor":4.0,"gold_loss":0.0,"damage_taken":0.0},{"damage_healed":0.0,"max_hp_gain":0.0,"max_hp_loss":0.0,"gold_gain":0.0,"event_name":"Big Fish","player_choice":"Box","floor":10.0,"gold_loss":0.0,"damage_taken":0.0,"relics_obtained":["Gremlin Horn"],"cards_obtained":["Regret"]},{"damage_healed":0,"gold_gain":0,"player_choice":"Became a vampire (Vial)","damage_taken":0,"max_hp_gain":0,"max_hp_loss":0,"event_name":"Vampires","floor":22,"relics_lost":["Blood Vial"],"gold_loss":0,"cards_obtained":["Bite","Bite","Bite","Bite","Bite"]},{"damage_healed":0,"gold_gain":0,"player_choice":"Obtain J.A.X.","damage_taken":0,"max_hp_gain":0,"max_hp_loss":0,"event_name":"Drug Dealer","floor":28,"gold_loss":0,"cards_obtained":["J.A.X."]},{"damage_healed":0,"gold_gain":0,"player_choice":"1 cards matched","damage_taken":0,"max_hp_gain":0,"max_hp_loss":0,"event_name":"Match and Keep!","floor":29,"gold_loss":0,"cards_obtained":["Bash"]},{"damage_healed":0,"gold_gain":0,"player_choice":"Fight","damage_taken":0,"max_hp_gain":0,"max_hp_loss":0,"event_name":"Mysterious Sphere","floor":38,"gold_loss":0},{"cards_removed":["Dropkick"],"damage_healed":0,"gold_gain":0,"player_choice":"Removed Attack","damage_taken":0,"max_hp_gain":0,"max_hp_loss":0,"event_name":"Falling","floor":39,"gold_loss":0},{"damage_healed":18,"gold_gain":0,"player_choice":"Writhe","damage_taken":0,"max_hp_gain":0,"max_hp_loss":0,"event_name":"Winding Halls","floor":42,"gold_loss":0,"cards_obtained":["Writhe"]},{"damage_healed":0,"gold_gain":50,"player_choice":"Touch","damage_taken":9,"max_hp_gain":0,"max_hp_loss":0,"event_name":"FaceTrader","floor":44,"gold_loss":0}],"is_beta":false,"boss_relics":[{"not_picked":["Runic Dome","Black Blood"],"picked":"Velvet Choker"},{"not_picked":["Coffee Dripper","Runic Pyramid"],"picked":"Mark of Pain"}],"items_purged_floors":[12],"is_endless":false,"potions_floor_spawned":[2,6,18,23,25,35,36,47],"killed_by":"Time Eater","ascension_level":16}