{"gold_per_floor":[213,225,225,225,242,242,277,277,277,289,309,324,340,340],"floor_reached":14,"playtime":617,"items_purged":[],"score":141,"play_id":"b1579dac-b094-4c42-8c98-7676c0918c96","local_time":"20181008213726","is_ascension_mode":true,"campfire_choices":[{"data":"Zap","floor":6,"key":"SMITH"},{"floor":8,"key":"REST"}],"neow_cost":"NONE","seed_source_timestamp":420698151666150,"circlet_count":0,"master_deck":["Strike_B","Strike_B","Strike_B","Defend_B","Defend_B","Defend_B","Defend_B","Zap+1","Dualcast","AscendersBane","Sweeping Beam","Consume","Storm","Cold Snap","Glacier","Skim","Turbo","Seek"],"relics":["Cracked Core","GremlinMask","Blue Candle","Pantograph"],"potions_floor_usage":[10,13],"damage_taken":[{"damage":2,"enemies":"Jaw Worm","floor":1,"turns":3},{"damage":1,"enemies":"Cultist","floor":2,"turns":3},{"damage":7,"enemies":"2 Louse","floor":5,"turns":3},{"damage":22,"enemies":"Gremlin Nob","floor":7,"turns":4},{"damage":40,"enemies":"Exordium Thugs","floor":10,"turns":7},{"damage":13,"enemies":"Large Slime","floor":11,"turns":8},{"damage":3,"enemies":"Blue Slaver","floor":12,"turns":4},{"damage":0,"enemies":"Lots of Slimes","floor":13,"turns":1},{"damage":21,"enemies":"Gremlin Gang","floor":14,"turns":1}],"seed_played":"-8599081498289578990","potions_obtained":[{"floor":7,"key":"Regen Potion"},{"floor":11,"key":"Explosive Potion"}],"is_trial":false,"path_per_floor":["M","M","?","?","M","R","E","R","T","M","M","M","M"],"character_chosen":"DEFECT","items_purchased":[],"campfire_rested":1,"item_purchase_floors":[],"current_hp_per_floor":[66,65,65,65,58,58,36,58,58,33,20,17,17,0],"gold":340,"neow_bonus":"HUNDRED_GOLD","is_prod":false,"is_daily":false,"chose_seed":false,"campfire_upgraded":1,"win_rate":0,"timestamp":1539049046,"path_taken":["M","M","?","?","?","R","E","R","T","M","?","?","M","M"],"build_version":"2018-10-04v2","purchased_purges":0,"victory":false,"max_hp_per_floor":[75,75,75,75,75,75,75,75,75,75,75,75,75,75],"card_choices":[{"not_picked":["Coolheaded","Leap"],"picked":"Sweeping Beam","floor":1},{"not_picked":["Conserve Battery","Beam Cell"],"picked":"Consume","floor":2},{"not_picked":["Recycle","Hologram"],"picked":"Storm","floor":5},{"not_picked":["Aggregate","Coolheaded"],"picked":"Cold Snap","floor":7},{"not_picked":["Compile Driver","Barrage"],"picked":"Glacier","floor":10},{"not_picked":["Rebound","Stack"],"picked":"Skim","floor":11},{"not_picked":["Cold Snap","Gash"],"picked":"Turbo","floor":12},{"not_picked":["Sweeping Beam","FTL"],"picked":"Seek","floor":13}],"player_experience":1816867,"relics_obtained":[{"floor":7,"key":"Blue Candle"},{"floor":9,"key":"Pantograph"}],"event_choices":[{"event_name":"FaceTrader","player_choice":"Trade","floor":3,"damage_taken":0},{"event_name":"Purifier","player_choice":"One Purge","floor":4,"damage_taken":0}],"is_beta":false,"boss_relics":[],"items_purged_floors":[],"is_endless":false,"potions_floor_spawned":[7,11],"killed_by":"Gremlin Gang","ascension_level":10}