{"gold_per_floor":[110,140,140,152,152,152,182,182,207,207,242,255,255,255,255,359,359,376,376,376,390,19,19,49,69,69,100,134,134,72,87,87,183,183,193,27,27,43,57,87,87,121,121,155,168,16,16,49,49,49],"floor_reached":51,"playtime":5245,"items_purged":["Strike_R"],"score":1120,"play_id":"4bbfd543-02dd-4435-8d06-13b3ca3a68fd","local_time":"20180907015053","is_ascension_mode":true,"campfire_choices":[{"data":"Bash","floor":6,"key":"SMITH"},{"floor":8,"key":"REST"},{"floor":10,"key":"REST"},{"floor":15,"key":"REST"},{"data":"Dual Wield","floor":23,"key":"SMITH"},{"data":"Demon Form","floor":29,"key":"SMITH"},{"floor":32,"key":"REST"},{"data":"Rage","floor":41,"key":"SMITH"},{"floor":49,"key":"REST"}],"neow_cost":"NONE","seed_source_timestamp":14897020680488,"circlet_count":0,"master_deck":["Strike_R","Strike_R","Strike_R","Defend_R+1","Defend_R","Defend_R+1","Bash+1","Shrug It Off","Inflame","Shockwave","Demon Form+1","Pummel","Reaper","Thunderclap","J.A.X.","Dual Wield+1","Rage+1","Evolve","Anger","Seeing Red","Warcry","Cleave","Armaments+1","Immolate","Headbutt+1","Spot Weakness","Twin Strike","Blood for Blood+1","Intimidate+1","Shrug It Off+1","Armaments+1","Pain","Exhume+1","Flame Barrier+1","Double Tap+1","Secret Weapon+1","Whirlwind+1"],"relics":["Burning Blood","Lantern","Tiny Chest","Mercury Hourglass","Red Skull","Blood Vial","Happy Flower","Centennial Puzzle","Velvet Choker","Darkstone Periapt","Paper Frog","Kunai","Meat on the Bone","Ornamental Fan","Red Mask","Oddly Smooth Stone","Cursed Key","Toxic Egg 2","Molten Egg 2","Ancient Tea Set","Juzu Bracelet","Prayer Wheel"],"potions_floor_usage":[16,27,27,42,44],"damage_taken":[{"damage":7,"enemies":"Small Slimes","floor":1,"turns":6},{"damage":0,"enemies":"2 Louse","floor":4,"turns":2},{"damage":30,"enemies":"3 Sentries","floor":7,"turns":7},{"damage":32,"enemies":"Gremlin Nob","floor":11,"turns":4},{"damage":0,"enemies":"Jaw Worm","floor":12,"turns":3},{"damage":53,"enemies":"Hexaghost","floor":16,"turns":10},{"damage":8,"enemies":"2 Thieves","floor":18,"turns":3},{"damage":11,"enemies":"Chosen","floor":21,"turns":3},{"damage":6,"enemies":"Gremlin Leader","floor":24,"turns":6},{"damage":12,"enemies":"3 Cultists","floor":25,"turns":4},{"damage":49,"enemies":"Slavers","floor":27,"turns":4},{"damage":24,"enemies":"Masked Bandits","floor":28,"turns":3},{"damage":33,"enemies":"Snake Plant","floor":31,"turns":5},{"damage":73,"enemies":"Champ","floor":33,"turns":10},{"damage":13,"enemies":"Orb Walker","floor":35,"turns":3},{"damage":12,"enemies":"Flame Bruiser 1 Orb","floor":38,"turns":4},{"damage":0,"enemies":"Sphere and 2 Shapes","floor":39,"turns":2},{"damage":32,"enemies":"Giant Head","floor":40,"turns":6},{"damage":36,"enemies":"2 Orb Walkers","floor":42,"turns":5},{"damage":40,"enemies":"Giant Head","floor":44,"turns":6},{"damage":5,"enemies":"4 Shapes","floor":45,"turns":3},{"damage":61,"enemies":"Nemesis","floor":48,"turns":7},{"damage":63,"enemies":"Awakened One","floor":50,"turns":7}],"seed_played":"6478404262264291129","potions_obtained":[{"floor":11,"key":"Swift Potion"},{"floor":12,"key":"Regen Potion"},{"floor":18,"key":"LiquidBronze"},{"floor":25,"key":"Energy Potion"},{"floor":28,"key":"FearPotion"},{"floor":31,"key":"Ancient Potion"},{"floor":42,"key":"Swift Potion"},{"floor":45,"key":"EssenceOfSteel"}],"is_trial":false,"path_per_floor":["M","?","T","M","?","R","E","R","T","R","E","M","?","T","R","B",null,"M","T","?","M","$","R","E","M","T","E","?","R","?","M","R","B",null,"M","$","?","M","M","E","R","E","T","E","M","$","?","E","R","B"],"character_chosen":"IRONCLAD","items_purchased":["Paper Frog","Rage","Evolve","Spot Weakness","Twin Strike","Double Tap+1"],"campfire_rested":5,"item_purchase_floors":[22,22,22,36,36,46],"current_hp_per_floor":[71,59,59,65,58,58,34,58,58,80,54,62,46,46,70,25,66,80,80,80,80,80,80,80,74,74,80,62,62,62,56,80,56,74,73,73,73,80,80,54,54,70,76,56,67,67,67,37,62,45],"gold":49,"neow_bonus":"RANDOM_COMMON_RELIC","is_prod":false,"is_daily":false,"chose_seed":false,"campfire_upgraded":4,"win_rate":0,"timestamp":1536299453,"path_taken":["M","?","?","M","?","R","E","R","T","R","E","M","?","?","R","BOSS","M","?","?","M","$","R","E","M","T","E","?","R","?","M","R","BOSS","M","$","?","M","?","E","R","E","T","E","M","$","?","E","R","BOSS"],"build_version":"2018-08-23v2","purchased_purges":1,"victory":true,"max_hp_per_floor":[80,80,80,80,80,80,80,80,80,80,80,80,80,80,80,80,80,80,80,80,80,80,80,80,80,80,80,80,80,80,80,80,80,80,80,80,80,80,80,80,80,80,86,86,86,86,86,86,86,86],"card_choices":[{"not_picked":["Wild Strike","Havoc"],"picked":"Shrug It Off","floor":1},{"not_picked":["Cleave","Anger"],"picked":"Inflame","floor":4},{"not_picked":["Flex","Heavy Blade"],"picked":"Shockwave","floor":7},{"not_picked":["Whirlwind","Carnage"],"picked":"Demon Form","floor":11},{"not_picked":["Headbutt","Warcry"],"picked":"Pummel","floor":12},{"not_picked":["Dark Embrace","Barricade"],"picked":"Reaper","floor":16},{"not_picked":["Warcry","Twin Strike"],"picked":"Thunderclap","floor":18},{"not_picked":["Barricade","Twin Strike"],"picked":"Dual Wield","floor":21},{"not_picked":["Dark Embrace","Sword Boomerang+1"],"picked":"Anger","floor":24},{"not_picked":["Iron Wave","Armaments"],"picked":"Seeing Red","floor":25},{"not_picked":["Berserk","Perfected Strike+1"],"picked":"Warcry","floor":27},{"not_picked":["Second Wind","Clothesline"],"picked":"Cleave","floor":28},{"not_picked":["Body Slam+1","Iron Wave"],"picked":"Armaments+1","floor":31},{"not_picked":["Exhume","Brutality"],"picked":"Immolate","floor":33},{"not_picked":["Clash+1","Pommel Strike"],"picked":"Headbutt+1","floor":35},{"not_picked":["Body Slam","Havoc+1"],"picked":"Blood for Blood+1","floor":38},{"not_picked":["Dual Wield","Barricade"],"picked":"Intimidate+1","floor":39},{"not_picked":["True Grit+1","Feel No Pain+1"],"picked":"Shrug It Off+1","floor":40},{"not_picked":["Perfected Strike+1","Feel No Pain+1"],"picked":"Armaments+1","floor":42},{"not_picked":["Uppercut+1","Fire Breathing"],"picked":"Exhume+1","floor":44},{"not_picked":["Pommel Strike+1","Wild Strike+1"],"picked":"Flame Barrier+1","floor":45},{"not_picked":["Sadistic Nature","Chrysalis+1"],"picked":"Secret Weapon+1","floor":47},{"not_picked":["Flex+1","Cleave+1"],"picked":"Whirlwind+1","floor":48}],"player_experience":1660995,"relics_obtained":[{"floor":3,"key":"Mercury Hourglass"},{"floor":7,"key":"Red Skull"},{"floor":9,"key":"Blood Vial"},{"floor":11,"key":"Happy Flower"},{"floor":14,"key":"Centennial Puzzle"},{"floor":19,"key":"Darkstone Periapt"},{"floor":24,"key":"Kunai"},{"floor":26,"key":"Meat on the Bone"},{"floor":27,"key":"Ornamental Fan"},{"floor":28,"key":"Red Mask"},{"floor":40,"key":"Toxic Egg 2"},{"floor":42,"key":"Molten Egg 2"},{"floor":43,"key":"Ancient Tea Set"},{"floor":44,"key":"Juzu Bracelet"},{"floor":48,"key":"Prayer Wheel"}],"event_choices":[{"event_name":"Scrap Ooze","player_choice":"success","floor":2,"damage_taken":12},{"event_name":"Golden Wing","player_choice":"Card Removal","floor":5,"damage_taken":0},{"event_name":"Shining Light","player_choice":"Entered Light","floor":13,"damage_taken":0},{"event_name":"Drug Dealer","player_choice":"Got JAX","floor":20,"damage_taken":0},{"event_name":"Masked Bandits","player_choice":"Fought Bandits","floor":28,"damage_taken":0},{"event_name":"WeMeetAgain","player_choice":"Gold","floor":30,"damage_taken":0},{"event_name":"Falling","player_choice":"Removed Skill","floor":37,"damage_taken":0},{"event_name":"SensoryStone","player_choice":"Memory 1","floor":47,"damage_taken":0}],"is_beta":false,"boss_relics":[{"not_picked":["Coffee Dripper","Lizard Tail"],"picked":"Velvet Choker"},{"not_picked":["Sozu","Philosopher\u0027s Stone"],"picked":"Cursed Key"}],"items_purged_floors":[36],"is_endless":false,"potions_floor_spawned":[11,12,18,25,28,31,39,42,45,48],"ascension_level":8}