{"gold_per_floor":[111,125,200,216,36,62,73,73,155,184,184,197,472,482,482,579,579,594,608,16,31,31],"floor_reached":22,"playtime":1269,"items_purged":[],"score":208,"play_id":"876c670a-cd90-4ed4-b127-cc89020b4eb0","local_time":"20190818193551","is_ascension_mode":true,"campfire_choices":[{"floor":8,"key":"REST"},{"floor":15,"key":"REST"}],"neow_cost":"NONE","seed_source_timestamp":346525377158509,"circlet_count":0,"master_deck":["Strike_G","Strike_G","Strike_G","Strike_G","Strike_G","Defend_G","Defend_G","Defend_G","Defend_G","Survivor","Neutralize","Bullet Time","Backstab","Blade Dance","Flying Knee","Infinite Blades","Blade Dance","PanicButton","Dagger Spray","Corpse Explosion","Accuracy","Choke","Slice","Regret","Catalyst","Glass Knife","Deadly Poison","Deflect","Slice","Noxious Fumes","Quick Slash","Dodge and Roll","All Out Attack+1"],"relics":["Ring of the Snake","Ginger","Pear","Anchor","Runic Pyramid","Shuriken","Blood Vial"],"potions_floor_usage":[10,16,22],"damage_taken":[{"damage":0,"enemies":"2 Louse","floor":1,"turns":2},{"damage":0,"enemies":"Cultist","floor":2,"turns":5},{"damage":0,"enemies":"Small Slimes","floor":4,"turns":3},{"damage":6,"enemies":"Gremlin Nob","floor":6,"turns":4},{"damage":5,"enemies":"2 Fungi Beasts","floor":7,"turns":3},{"damage":28,"enemies":"Lagavulin","floor":10,"turns":6},{"damage":4,"enemies":"Exordium Thugs","floor":12,"turns":3},{"damage":0,"enemies":"Large Slime","floor":14,"turns":3},{"damage":75,"enemies":"The Guardian","floor":16,"turns":11},{"damage":8,"enemies":"Shell Parasite","floor":18,"turns":4},{"damage":3,"enemies":"3 Byrds","floor":19,"turns":4},{"damage":33,"enemies":"3 Cultists","floor":21,"turns":6},{"damage":49,"enemies":"Sentry and Sphere","floor":22,"turns":5}],"seed_played":"-5916269160634264676","potions_obtained":[{"floor":2,"key":"AttackPotion"},{"floor":7,"key":"FairyPotion"},{"floor":12,"key":"SkillPotion"},{"floor":14,"key":"FearPotion"},{"floor":19,"key":"Poison Potion"}],"is_trial":false,"path_per_floor":["M","M","?","M","$","E","M","R","T","E","?","M","?","M","R","B",null,"M","M","$","M","M"],"character_chosen":"THE_SILENT","items_purchased":["Infinite Blades","Blade Dance","PanicButton","Shuriken","Blood Vial","Slice","Noxious Fumes","Quick Slash","Dodge and Roll"],"campfire_rested":2,"item_purchase_floors":[5,5,5,20,20,20,20,20,20],"current_hp_per_floor":[70,70,59,59,59,53,48,69,79,51,51,47,47,47,71,6,80,72,69,69,38,0],"gold":31,"neow_bonus":"ONE_RANDOM_RARE_CARD","is_prod":false,"is_daily":false,"chose_seed":false,"campfire_upgraded":0,"win_rate":0,"timestamp":1566167751,"path_taken":["M","M","?","M","$","E","M","R","T","E","?","?","?","M","R","BOSS","M","M","$","M","?"],"build_version":"2019-07-17","purchased_purges":0,"victory":false,"max_hp_per_floor":[70,70,70,70,70,70,70,70,80,80,80,80,80,80,80,80,80,80,80,80,80,80],"card_choices":[{"not_picked":["Outmaneuver","Bane"],"picked":"Backstab","floor":1},{"not_picked":["Dagger Spray","Concentrate"],"picked":"Blade Dance","floor":2},{"not_picked":["Underhanded Strike","Eviscerate"],"picked":"Flying Knee","floor":4},{"not_picked":["Bane","Skewer"],"picked":"Dagger Spray","floor":6},{"not_picked":["Sucker Punch","Quick Slash"],"picked":"Corpse Explosion","floor":7},{"not_picked":["Eviscerate","Flechettes"],"picked":"Accuracy","floor":10},{"not_picked":["Prepared","Leg Sweep"],"picked":"Slice","floor":12},{"not_picked":["Escape Plan","Poisoned Stab"],"picked":"Catalyst","floor":14},{"not_picked":["Wraith Form v2","Night Terror"],"picked":"Glass Knife","floor":16},{"not_picked":["Tactician+1","Dagger Throw+1"],"picked":"Deadly Poison","floor":18},{"not_picked":["Leg Sweep","Quick Slash"],"picked":"Deflect","floor":19},{"not_picked":["Acrobatics+1","Setup"],"picked":"All Out Attack+1","floor":21}],"player_experience":329769,"relics_obtained":[{"floor":6,"key":"Ginger"},{"floor":9,"key":"Pear"},{"floor":10,"key":"Anchor"}],"event_choices":[{"damage_healed":0,"gold_gain":75,"player_choice":"Gather Gold","damage_taken":11,"max_hp_gain":0,"max_hp_loss":0,"event_name":"World of Goop","floor":3,"gold_loss":0},{"damage_healed":0,"gold_gain":0,"cards_transformed":["Defend_G"],"player_choice":"Transformed","damage_taken":0,"max_hp_gain":0,"max_hp_loss":0,"event_name":"Transmorgrifier","floor":11,"gold_loss":0,"cards_obtained":["Choke"]},{"damage_healed":0,"gold_gain":275,"player_choice":"Desecrate","damage_taken":0,"max_hp_gain":0,"max_hp_loss":0,"event_name":"Golden Shrine","floor":13,"gold_loss":0,"cards_obtained":["Regret"]}],"is_beta":false,"boss_relics":[{"not_picked":["Snecko Eye","Tiny House"],"picked":"Runic Pyramid"}],"items_purged_floors":[],"is_endless":false,"potions_floor_spawned":[2,7,12,14,19],"killed_by":"Sentry and Sphere","ascension_level":1}