{"gold_per_floor":[109,119,139,149,149,176,176,194,194,206,267,267,267,287,287,386,386,397,413,4,4,4,4,0,19,42,42],"floor_reached":27,"playtime":876,"items_purged":[],"score":237,"play_id":"1c1322c6-884a-4f42-bd12-50610cf3e4f6","local_time":"20191016170523","is_ascension_mode":true,"campfire_choices":[{"floor":7,"key":"REST"},{"floor":12,"key":"REST"},{"floor":15,"key":"REST"},{"floor":23,"key":"REST"}],"neow_cost":"NONE","seed_source_timestamp":0,"circlet_count":0,"master_deck":["Anger","Perfected Strike","Twin Strike","Spot Weakness","Twin Strike","Bludgeon","Anger","Fire Breathing","Spot Weakness+1","Double Tap+1","Combust","Inflame","Fiend Fire","Dark Embrace","Fiend Fire","Wild Strike","Reckless Charge","Inflame","Pommel Strike","Hemokinesis","Flex+1","Demon Form","Wild Strike","Decay","Ball Lightning","ThirdEye+1"],"special_seed":0,"relics":["Burning Blood","Toxic Egg 2","Question Card","Calipers","Pandora\u0027s Box","Dream Catcher","PrismaticShard","Blood Vial","Bag of Preparation"],"potions_floor_usage":[6,6,16,25],"damage_taken":[{"damage":12.0,"enemies":"Jaw Worm","floor":1.0,"turns":3.0},{"damage":0.0,"enemies":"Cultist","floor":2.0,"turns":2.0},{"damage":14.0,"enemies":"Small Slimes","floor":3.0,"turns":2.0},{"damage":8,"enemies":"Blue Slaver","floor":4,"turns":4},{"damage":10,"enemies":"Gremlin Nob","floor":6,"turns":3},{"damage":31,"enemies":"Gremlin Gang","floor":8,"turns":5},{"damage":18,"enemies":"Red Slaver","floor":10,"turns":4},{"damage":26,"enemies":"3 Sentries","floor":11,"turns":5},{"damage":11,"enemies":"Looter","floor":14,"turns":2},{"damage":49,"enemies":"Hexaghost","floor":16,"turns":8},{"damage":53,"enemies":"2 Thieves","floor":18,"turns":4},{"damage":12,"enemies":"Chosen","floor":19,"turns":4},{"damage":24,"enemies":"Snake Plant","floor":25,"turns":2},{"damage":50,"enemies":"Centurion and Healer","floor":27,"turns":4}],"seed_played":"-5513818253691945197","potions_obtained":[{"floor":2.0,"key":"FearPotion"},{"floor":3.0,"key":"EssenceOfSteel"},{"floor":11,"key":"LiquidMemories"},{"floor":16,"key":"Weak Potion"},{"floor":18,"key":"Dexterity Potion"},{"floor":19,"key":"DistilledChaos"}],"is_trial":false,"path_per_floor":["M","M","M","M","?","E","R","M","T","M","?","R","T","M","R","B",null,"M","M","$","?","?","R","?","M","T","M"],"character_chosen":"IRONCLAD","items_purchased":["Demon Form","Dream Catcher","PrismaticShard","Wild Strike"],"campfire_rested":4,"item_purchase_floors":[20,20,20,20],"current_hp_per_floor":[74,80,72,70,70,66,80,55,55,43,23,47,47,42,66,23,80,33,27,27,27,27,51,51,35,35,0],"gold":42,"neow_bonus":"UPGRADE_CARD","is_prod":false,"is_daily":false,"chose_seed":false,"campfire_upgraded":0,"win_rate":0,"timestamp":1571256323,"path_taken":["M","M","M","M","?","E","R","M","T","?","?","R","?","?","R","BOSS","M","M","$","?","?","R","?","M","T","M"],"build_version":"2019-10-15","purchased_purges":0,"victory":false,"max_hp_per_floor":[80,80,80,80,80,80,80,80,80,80,80,80,80,80,80,80,80,80,80,80,80,80,80,80,80,80,80],"card_choices":[{"not_picked":["Iron Wave","Clothesline"],"picked":"Anger","floor":1.0},{"not_picked":["Shrug It Off","Cleave"],"picked":"Perfected Strike","floor":2.0},{"not_picked":["Armaments","Corruption"],"picked":"Twin Strike","floor":3.0},{"not_picked":["Armaments","Thunderclap"],"picked":"Spot Weakness","floor":4},{"not_picked":["Clash","Warcry"],"picked":"Twin Strike","floor":6},{"not_picked":["Burning Pact+1","Havoc+1"],"picked":"Bludgeon","floor":8},{"not_picked":["Uppercut","Blood for Blood"],"picked":"Anger","floor":10},{"not_picked":["Sword Boomerang","True Grit+1","Burning Pact+1"],"picked":"Fire Breathing","floor":11},{"not_picked":["Seeing Red+1","Body Slam","Infernal Blade+1"],"picked":"Spot Weakness+1","floor":14},{"not_picked":["Dark Embrace","Juggernaut","Feed"],"picked":"Double Tap+1","floor":16},{"not_picked":["Corruption","Havoc+1","Entrench+1"],"picked":"Hemokinesis","floor":18},{"not_picked":["Warcry+1","Intimidate+1","Sever Soul"],"picked":"Flex+1","floor":19},{"not_picked":["Bane+1","Dagger Throw","Coolheaded+1"],"picked":"Ball Lightning","floor":23},{"not_picked":["Dagger Throw","Backflip+1","Scrape"],"picked":"ThirdEye+1","floor":25}],"player_experience":457351,"relics_obtained":[{"floor":6,"key":"Toxic Egg 2"},{"floor":13,"key":"Calipers"},{"floor":26,"key":"Bag of Preparation"}],"event_choices":[{"cards_removed":["Bash"],"damage_healed":0,"gold_gain":0,"player_choice":"Offered Basic","damage_taken":0,"max_hp_gain":0,"max_hp_loss":0,"event_name":"Bonfire Elementals","floor":5,"gold_loss":0},{"damage_healed":0,"gold_gain":0,"player_choice":"Searched \u00272\u0027 times","damage_taken":0,"relics_obtained":["Question Card"],"max_hp_gain":0,"max_hp_loss":0,"event_name":"Dead Adventurer","floor":11,"gold_loss":0},{"damage_healed":0,"gold_gain":0,"player_choice":"Opened","damage_taken":0,"relics_obtained":["Blood Vial"],"max_hp_gain":0,"max_hp_loss":0,"event_name":"The Mausoleum","floor":21,"gold_loss":0},{"damage_healed":0,"gold_gain":0,"player_choice":"Smashed Altar","damage_taken":0,"max_hp_gain":0,"max_hp_loss":0,"event_name":"Forgotten Altar","floor":22,"gold_loss":0,"cards_obtained":["Decay"]},{"damage_healed":0,"gold_gain":0,"player_choice":"Paid Fearfully","damage_taken":0,"max_hp_gain":0,"max_hp_loss":0,"event_name":"Masked Bandits","floor":24,"gold_loss":4}],"is_beta":true,"boss_relics":[{"not_picked":["Velvet Choker","Runic Cube"],"picked":"Pandora\u0027s Box"}],"items_purged_floors":[],"is_endless":false,"potions_floor_spawned":[2,3,11,16,18,19],"killed_by":"Centurion and Healer","ascension_level":2}