{"gold_per_floor":[119,119,137,149,47,47,75,75,75,75,49,83,133,91,91,91],"floor_reached":16,"playtime":945,"items_purged":[],"score":159,"play_id":"1b5009be-baf4-4ff3-a300-a539a12e72d2","local_time":"20180923165019","is_ascension_mode":true,"campfire_choices":[{"data":"Glass Knife","floor":6.0,"key":"SMITH"},{"floor":15,"key":"REST"}],"neow_cost":"NONE","seed_source_timestamp":0,"circlet_count":0,"master_deck":["Defend_G","Defend_G","Defend_G","Defend_G","Defend_G","Strike_G","Strike_G","Strike_G","Strike_G","Survivor","Neutralize","AscendersBane","Glass Knife+1","Slice","Purity","Neutralize","Blade Dance","Cloak And Dagger","Envenom","Blade Dance","Terror"],"special_seed":0,"relics":["Ring of the Snake","Gremlin Horn","Shovel","Letter Opener","Juzu Bracelet"],"potions_floor_usage":[12,16],"damage_taken":[{"damage":0.0,"enemies":"Jaw Worm","floor":1.0,"turns":3.0},{"damage":1.0,"enemies":"Cultist","floor":3.0,"turns":3.0},{"damage":2.0,"enemies":"2 Louse","floor":4.0,"turns":3.0},{"damage":27.0,"enemies":"3 Sentries","floor":7.0,"turns":9.0},{"damage":10,"enemies":"Gremlin Nob","floor":12,"turns":4},{"damage":54,"enemies":"Slime Boss","floor":16,"turns":12}],"seed_played":"-8389467137077666185","potions_obtained":[{"floor":7.0,"key":"Strength Potion"},{"floor":12,"key":"Dexterity Potion"}],"is_trial":false,"path_per_floor":["M","?","M","M","?","R","E","?","T","?","$","E","?","?","R"],"character_chosen":"THE_SILENT","items_purchased":["Blade Dance"],"campfire_rested":1,"item_purchase_floors":[11],"current_hp_per_floor":[63,63,62,60,60,60,33,33,33,33,33,23,23,23,44,0],"gold":91,"neow_bonus":"ONE_RANDOM_RARE_CARD","is_prod":false,"is_daily":false,"chose_seed":false,"campfire_upgraded":1,"win_rate":0,"timestamp":1537735819,"path_taken":["M","?","M","M","?","R","E","?","T","?","?","E","?","?","R","BOSS"],"build_version":"2018-08-23v2","purchased_purges":0,"victory":false,"max_hp_per_floor":[70,70,70,70,70,70,70,70,70,70,70,70,70,70,70,70],"card_choices":[{"not_picked":["Deflect","Deadly Poison"],"picked":"Slice","floor":1.0},{"not_picked":["Slice","Deadly Poison"],"picked":"Blade Dance","floor":3.0},{"not_picked":["Underhanded Strike","Quick Slash"],"picked":"Cloak And Dagger","floor":4.0},{"not_picked":["Dagger Throw","Reflex"],"picked":"Envenom","floor":7.0},{"not_picked":["Eviscerate","Bouncing Flask"],"picked":"Terror","floor":12}],"player_experience":1757919,"relics_obtained":[{"floor":7.0,"key":"Shovel"},{"floor":9.0,"key":"Letter Opener"},{"floor":12,"key":"Juzu Bracelet"}],"event_choices":[{"event_name":"Match and Keep!","player_choice":"2 cards matched","floor":2.0,"damage_taken":0.0},{"event_name":"WeMeetAgain","player_choice":"Gold","floor":5.0,"damage_taken":0.0},{"event_name":"Shining Light","player_choice":"Ignored","floor":8.0,"damage_taken":0.0},{"event_name":"Purifier","player_choice":"One Purge","floor":10.0,"damage_taken":0.0},{"event_name":"Golden Wing","player_choice":"Gained Gold","floor":13,"damage_taken":0},{"event_name":"World of Goop","player_choice":"Left","floor":14,"damage_taken":0}],"is_beta":false,"boss_relics":[],"items_purged_floors":[],"is_endless":false,"potions_floor_spawned":[7,12],"killed_by":"Slime Boss","ascension_level":10}