{"gold_per_floor":[118,118,43,61,77,77,97,62,62,62,62,62,62,72,72,72],"floor_reached":16,"playtime":1079,"items_purged":["Strike_G"],"score":140,"play_id":"360277e8-d662-46c7-bf76-9fbb016fcd9c","local_time":"20181104132140","is_ascension_mode":true,"campfire_choices":[{"data":"Prepared","floor":6,"key":"SMITH"},{"floor":13,"key":"REST"},{"floor":15,"key":"REST"}],"neow_cost":"NONE","seed_source_timestamp":339854088989363,"circlet_count":0,"master_deck":["AscendersBane","Defend_G","Defend_G","Defend_G+1","Defend_G","Defend_G","Strike_G","Strike_G","Strike_G","Strike_G","Survivor","Neutralize+1","Dagger Throw","Riddle With Holes","Prepared+1","Deadly Poison","Sucker Punch","Dash"],"relics":["Ring of the Snake","Juzu Bracelet","Shuriken","Matryoshka","Potion Belt"],"potions_floor_usage":[7],"damage_taken":[{"damage":5,"enemies":"Cultist","floor":1,"turns":5},{"damage":0,"enemies":"2 Louse","floor":4,"turns":3},{"damage":1,"enemies":"Jaw Worm","floor":5,"turns":4},{"damage":21,"enemies":"Gremlin Gang","floor":7,"turns":5},{"damage":4,"enemies":"Blue Slaver","floor":14,"turns":5},{"damage":67,"enemies":"Slime Boss","floor":16,"turns":10}],"seed_played":"8691259549208321058","potions_obtained":[{"floor":1,"key":"PowerPotion"}],"is_trial":false,"path_per_floor":["M","?","$","M","M","R","M","?","T","T","?","?","R","M","R","B"],"character_chosen":"THE_SILENT","items_purchased":[],"campfire_rested":2,"item_purchase_floors":[],"current_hp_per_floor":[58,44,44,44,43,43,22,39,39,39,27,27,48,44,65,0],"gold":72,"neow_bonus":"THREE_CARDS","is_prod":false,"is_daily":false,"chose_seed":false,"campfire_upgraded":1,"win_rate":0,"timestamp":1541355700,"path_taken":["M","?","$","M","M","R","M","?","T","?","?","?","R","M","R","BOSS"],"build_version":"2018-11-01","purchased_purges":1,"victory":false,"max_hp_per_floor":[70,70,70,70,70,70,70,70,70,70,70,70,70,70,70,70],"card_choices":[{"not_picked":["Backflip","Outmaneuver"],"picked":"Dagger Throw","floor":0},{"not_picked":["Distraction","Finisher"],"picked":"Riddle With Holes","floor":1},{"not_picked":["Bane","Acrobatics"],"picked":"Prepared","floor":4},{"not_picked":["Dagger Throw","Blade Dance"],"picked":"Deadly Poison","floor":5},{"not_picked":["Blade Dance","Slice"],"picked":"Sucker Punch","floor":7},{"not_picked":["Expertise","Deadly Poison"],"picked":"Dash","floor":14}],"player_experience":1917917,"relics_obtained":[{"floor":9,"key":"Juzu Bracelet"},{"floor":10,"key":"Shuriken"}],"event_choices":[{"damage_healed":0,"gold_gain":0,"player_choice":"Entered Light","damage_taken":14,"max_hp_gain":0,"max_hp_loss":0,"event_name":"Shining Light","floor":2,"gold_loss":0,"cards_upgraded":["Defend_G","Neutralize"]},{"damage_healed":17,"gold_gain":0,"player_choice":"Healed","damage_taken":0,"max_hp_gain":0,"max_hp_loss":0,"event_name":"The Cleric","floor":8,"gold_loss":35},{"damage_healed":0,"gold_gain":0,"player_choice":"Success","damage_taken":12,"relics_obtained":["Matryoshka"],"max_hp_gain":0,"max_hp_loss":0,"event_name":"Scrap Ooze","floor":11,"gold_loss":0},{"damage_healed":0,"gold_gain":0,"player_choice":"Searched \u00271\u0027 times","damage_taken":0,"relics_obtained":["Potion Belt"],"max_hp_gain":0,"max_hp_loss":0,"event_name":"Dead Adventurer","floor":12,"gold_loss":0}],"is_beta":false,"boss_relics":[],"items_purged_floors":[3],"is_endless":false,"potions_floor_spawned":[1],"killed_by":"Slime Boss","ascension_level":11}