{"gold_per_floor":[116,38,56,56,231,231,256,287,287,300,257,257,277,296,296,421,421,436,8,28,28,51,51,51,51,103,303,347,367,391,409,409,409],"floor_reached":33,"playtime":1526,"items_purged":[],"score":269,"play_id":"8d1a1dc8-1f8d-45a0-a6af-ebb69545516e","local_time":"20190726194533","is_ascension_mode":false,"campfire_choices":[{"data":"Double Energy","floor":6,"key":"SMITH"},{"floor":12,"key":"REST"},{"data":"Sunder","floor":15,"key":"SMITH"},{"floor":23,"key":"REST"},{"floor":25,"key":"REST"},{"floor":32,"key":"REST"}],"neow_cost":"NONE","seed_source_timestamp":121894592303925,"circlet_count":0,"master_deck":["Strike_B","Strike_B","Strike_B","Strike_B","Defend_B","Defend_B","Defend_B","Defend_B","Zap","Dualcast","Sunder+1","Compile Driver","Gash","Redo","Double Energy+1","Injury","Doubt","Turbo","Gash","Leap","Leap","Stack","Biased Cognition","Conserve Battery","Self Repair","Ball Lightning","White Noise+1","Gash+1","J.A.X.","Compile Driver","Conserve Battery","Streamline","White Noise"],"relics":["FrozenCore","Golden Idol","Mango","FossilizedHelix","Lantern","Oddly Smooth Stone","DataDisk","Pocketwatch"],"potions_floor_usage":[7,8,16,16,28,28,28,31],"damage_taken":[{"damage":0,"enemies":"2 Louse","floor":1,"turns":1},{"damage":0,"enemies":"Small Slimes","floor":3,"turns":2},{"damage":6,"enemies":"Cultist","floor":7,"turns":4},{"damage":28,"enemies":"Gremlin Nob","floor":8,"turns":3},{"damage":0,"enemies":"Blue Slaver","floor":10,"turns":2},{"damage":0,"enemies":"Large Slime","floor":13,"turns":4},{"damage":0,"enemies":"Red Slaver","floor":14,"turns":4},{"damage":40,"enemies":"Slime Boss","floor":16,"turns":13},{"damage":10,"enemies":"Spheric Guardian","floor":18,"turns":6},{"damage":6,"enemies":"3 Byrds","floor":20,"turns":8},{"damage":29,"enemies":"Centurion and Healer","floor":22,"turns":11},{"damage":56,"enemies":"Gremlin Leader","floor":28,"turns":9},{"damage":0,"enemies":"Snecko","floor":29,"turns":6},{"damage":0,"enemies":"Cultist and Chosen","floor":30,"turns":10},{"damage":0,"enemies":"Centurion and Healer","floor":31,"turns":4},{"damage":90,"enemies":"Collector","floor":33,"turns":10}],"seed_played":"-6805655146011256980","potions_obtained":[{"floor":3,"key":"PowerPotion"},{"floor":7,"key":"LiquidBronze"},{"floor":8,"key":"Strength Potion"},{"floor":10,"key":"Poison Potion"},{"floor":16,"key":"FearPotion"},{"floor":18,"key":"Ancient Potion"},{"floor":22,"key":"SkillPotion"},{"floor":30,"key":"PowerPotion"}],"is_trial":false,"path_per_floor":["M","$","M","?","?","R","M","E","T","M","?","R","M","M","R","B",null,"M","$","M","?","M","R","?","R","T","?","E","M","M","M","R","B"],"character_chosen":"DEFECT","items_purchased":["Gash","Redo","Lantern","Oddly Smooth Stone","Self Repair","Ball Lightning"],"campfire_rested":4,"item_purchase_floors":[2,2,19,19,19,19],"current_hp_per_floor":[75,75,75,75,75,75,69,55,55,55,55,81,81,81,81,41,89,79,79,80,64,42,68,68,89,89,89,47,54,61,75,89,0],"gold":409,"neow_bonus":"THREE_CARDS","is_prod":false,"is_daily":false,"chose_seed":false,"campfire_upgraded":2,"win_rate":0.0,"timestamp":1564181133,"path_taken":["M","$","M","?","?","R","M","E","T","M","?","R","M","M","R","BOSS","M","$","M","?","M","R","?","R","T","?","E","M","?","M","R","BOSS"],"build_version":"2019-07-17","purchased_purges":0,"victory":false,"max_hp_per_floor":[75,75,75,75,75,75,75,89,89,89,89,89,89,89,89,89,89,89,89,89,89,89,89,89,89,89,89,89,89,89,89,89,89],"card_choices":[{"not_picked":["Beam Cell","Gash"],"picked":"Sunder","floor":0},{"not_picked":["Stack","Beam Cell"],"picked":"Compile Driver","floor":1},{"not_picked":["Scrape","Storm"],"picked":"Double Energy","floor":3},{"not_picked":["Ball Lightning","Go for the Eyes"],"picked":"Turbo","floor":7},{"not_picked":["Consume","Beam Cell"],"picked":"Gash","floor":8},{"not_picked":["Chaos","Ball Lightning"],"picked":"Leap","floor":10},{"not_picked":["Coolheaded","Hello World"],"picked":"Leap","floor":13},{"not_picked":["Rainbow","Beam Cell"],"picked":"Stack","floor":14},{"not_picked":["Reboot","Core Surge"],"picked":"Biased Cognition","floor":16},{"not_picked":["Leap+1","Gash"],"picked":"Conserve Battery","floor":18},{"not_picked":["Redo","Heatsinks"],"picked":"White Noise+1","floor":20},{"not_picked":["Go for the Eyes","Hologram+1"],"picked":"Gash+1","floor":22},{"not_picked":["Go for the Eyes+1","Beam Cell"],"picked":"Compile Driver","floor":28},{"not_picked":["Cold Snap","Scrape"],"picked":"Conserve Battery","floor":29},{"not_picked":["Steam Power","Multi-Cast"],"picked":"Streamline","floor":30},{"not_picked":["Fusion","Rebound+1"],"picked":"White Noise","floor":31}],"player_experience":240289,"relics_obtained":[{"floor":8,"key":"Mango"},{"floor":9,"key":"FossilizedHelix"},{"floor":26,"key":"DataDisk"},{"floor":28,"key":"Pocketwatch"}],"event_choices":[{"damage_healed":0,"gold_gain":0,"player_choice":"Take Wound","damage_taken":0,"relics_obtained":["Golden Idol"],"max_hp_gain":0,"max_hp_loss":0,"event_name":"Golden Idol","floor":4,"gold_loss":0,"cards_obtained":["Injury"]},{"damage_healed":0,"gold_gain":175,"player_choice":"AGREE","damage_taken":0,"max_hp_gain":0,"max_hp_loss":0,"event_name":"Liars Game","floor":5,"gold_loss":0,"cards_obtained":["Doubt"]},{"damage_healed":0,"gold_gain":0,"player_choice":"Left Gold","damage_taken":0,"max_hp_gain":0,"max_hp_loss":0,"event_name":"World of Goop","floor":11,"gold_loss":43},{"damage_healed":0,"gold_gain":0,"player_choice":"Obtained Book","damage_taken":16,"max_hp_gain":0,"max_hp_loss":0,"event_name":"Cursed Tome","floor":21,"gold_loss":0},{"damage_healed":0,"gold_gain":0,"player_choice":"Obtain J.A.X.","damage_taken":0,"max_hp_gain":0,"max_hp_loss":0,"event_name":"Drug Dealer","floor":24,"gold_loss":0,"cards_obtained":["J.A.X."]},{"damage_healed":0,"gold_gain":200,"player_choice":"Gold","damage_taken":0,"max_hp_gain":0,"max_hp_loss":0,"event_name":"Wheel of Change","floor":27,"gold_loss":0}],"is_beta":false,"boss_relics":[{"not_picked":["Sozu","Coffee Dripper"],"picked":"FrozenCore"}],"items_purged_floors":[],"is_endless":false,"potions_floor_spawned":[3,7,8,10,16,18,22,30],"killed_by":"Collector","ascension_level":0}