{"gold_per_floor":[99,99,116,127,15,15,35,50,50,60,60,30,30,43,43,43],"floor_reached":16,"playtime":889,"items_purged":[],"score":94,"play_id":"a788152c-7f20-4fc8-9221-57150d97a96e","local_time":"20191023155615","is_ascension_mode":false,"campfire_choices":[{"data":"LikeWater","floor":6,"key":"SMITH"},{"data":"Wish","floor":15,"key":"SMITH"}],"neow_cost":"NONE","seed_source_timestamp":193706961855721,"circlet_count":0,"master_deck":["Strike_P+1","Strike_P+1","Strike_P","Strike_P","Defend_P","Defend_P+1","Defend_P","Defend_P+1","Eruption","Vigilance+1","LessonLearned","LikeWater+1","ThirdEye+1","Bandage Up","FlurryOfBlows","DeceiveReality","Wish+1","FlurryOfBlows","Injury","BowlingBash","EmptyBody"],"relics":["PureWater","Golden Idol"],"potions_floor_usage":[12,12],"damage_taken":[{"damage":0,"enemies":"Small Slimes","floor":1,"turns":5},{"damage":2,"enemies":"Jaw Worm","floor":3,"turns":4},{"damage":0,"enemies":"Cultist","floor":4,"turns":5},{"damage":2,"enemies":"3 Louse","floor":7,"turns":5},{"damage":5,"enemies":"Exordium Wildlife","floor":8,"turns":6},{"damage":0,"enemies":"Large Slime","floor":10,"turns":6},{"damage":3,"enemies":"Looter","floor":12,"turns":4},{"damage":11,"enemies":"Gremlin Gang","floor":14,"turns":7},{"damage":69,"enemies":"Hexaghost","floor":16,"turns":16}],"seed_played":"4565193633775629259","potions_obtained":[{"floor":4,"key":"Strength Potion"},{"floor":7,"key":"Strength Potion"},{"floor":14,"key":"StancePotion"}],"is_trial":false,"path_per_floor":["M","?","M","M","$","R","M","M","T","M","?","M","?","M","R","B"],"character_chosen":"WATCHER","items_purchased":["Bandage Up","FlurryOfBlows"],"campfire_rested":0,"item_purchase_floors":[5,5],"current_hp_per_floor":[72,72,70,70,70,70,72,67,67,71,71,72,72,61,61,0],"gold":43,"neow_bonus":"ONE_RANDOM_RARE_CARD","is_prod":false,"is_daily":false,"chose_seed":false,"campfire_upgraded":2,"win_rate":0.0,"timestamp":1571856975,"path_taken":["M","?","M","M","$","R","M","M","T","M","?","M","?","?","R","BOSS"],"build_version":"2019-10-22","purchased_purges":0,"victory":false,"max_hp_per_floor":[72,72,72,72,72,72,72,72,72,72,72,72,72,72,72,72],"card_choices":[{"not_picked":["CutThroughFate","Pray","FlyingSleeves"],"picked":"SKIP","floor":1},{"not_picked":["SandsOfTime","Consecrate"],"picked":"LikeWater","floor":3},{"not_picked":["CutThroughFate","SashWhip"],"picked":"ThirdEye","floor":4},{"not_picked":["WindmillStrike","Prostrate"],"picked":"DeceiveReality","floor":7},{"not_picked":["Swivel","CrushJoints"],"picked":"Wish","floor":8},{"not_picked":["Crescendo","FollowUp"],"picked":"FlurryOfBlows","floor":10},{"not_picked":["ClearTheMind","Consecrate"],"picked":"BowlingBash","floor":12},{"not_picked":["CrushJoints","FearNoEvil"],"picked":"EmptyBody","floor":14}],"player_experience":472348,"relics_obtained":[],"event_choices":[{"damage_healed":0,"gold_gain":0,"player_choice":"Leave","damage_taken":0,"max_hp_gain":0,"max_hp_loss":0,"event_name":"The Cleric","floor":2,"gold_loss":0},{"damage_healed":0,"gold_gain":0,"player_choice":"Take Wound","damage_taken":0,"relics_obtained":["Golden Idol"],"max_hp_gain":0,"max_hp_loss":0,"event_name":"Golden Idol","floor":11,"gold_loss":0,"cards_obtained":["Injury"]},{"damage_healed":0,"gold_gain":0,"player_choice":"Ignored","damage_taken":0,"max_hp_gain":0,"max_hp_loss":0,"event_name":"Purifier","floor":13,"gold_loss":0}],"is_beta":true,"boss_relics":[],"items_purged_floors":[],"is_endless":false,"potions_floor_spawned":[4,7,14],"killed_by":"Hexaghost","ascension_level":0}