{"gold_per_floor":[113,113,113,38,54,89,103,115,161,181,212,230,230,242,242,319,319,332,347,347,347,83,109,109,136,204,204,222,239,239,258,258,258],"floor_reached":33,"playtime":2218,"items_purged":["Pain","Decay"],"score":798,"play_id":"ee31a7f7-98cb-47a8-b37c-2d40a9b99dfc","local_time":"20191011204104","is_ascension_mode":true,"campfire_choices":[{"data":"A Thousand Cuts","floor":15.0,"key":"SMITH"},{"floor":24,"key":"REST"},{"floor":27,"key":"REST"},{"floor":30,"key":"REST"},{"floor":32,"key":"REST"}],"neow_cost":"NONE","seed_source_timestamp":1807976357199014,"circlet_count":0,"master_deck":["AscendersBane","Defend_G","Defend_G","Defend_G","Defend_G","Defend_G","Strike_G","Strike_G","Strike_G","Strike_G","Survivor","Neutralize","Well Laid Plans","All Out Attack","A Thousand Cuts+1","Flying Knee","Backflip","After Image","Bouncing Flask","Slice","Poisoned Stab","Malaise","Blade Dance","Deadly Poison","Malaise","Masterful Stab","Leg Sweep","Masterful Stab","Quick Slash+1","Slice+1","Acrobatics","Blade Dance"],"special_seed":0,"relics":["Ring of the Snake","NeowsBlessing","WarpedTongs","Pantograph","Bronze Scales","Vajra","Runic Dome","Darkstone Periapt","Tingsha","Blue Candle"],"potions_floor_usage":[23,23,29,31],"damage_taken":[{"damage":0.0,"enemies":"Small Slimes","floor":1.0,"turns":1.0},{"damage":0.0,"enemies":"2 Louse","floor":5.0,"turns":1.0},{"damage":0.0,"enemies":"Gremlin Nob","floor":6.0,"turns":1.0},{"damage":6.0,"enemies":"Cultist","floor":7.0,"turns":5.0},{"damage":4.0,"enemies":"Large Slime","floor":8.0,"turns":6.0},{"damage":2.0,"enemies":"Gremlin Gang","floor":10.0,"turns":2.0},{"damage":0.0,"enemies":"Lagavulin","floor":11.0,"turns":8.0},{"damage":3.0,"enemies":"Red Slaver","floor":12.0,"turns":4.0},{"damage":1.0,"enemies":"Exordium Wildlife","floor":14.0,"turns":4.0},{"damage":0.0,"enemies":"Slime Boss","floor":16.0,"turns":8.0},{"damage":19.0,"enemies":"Shell Parasite","floor":18.0,"turns":5.0},{"damage":17.0,"enemies":"Chosen","floor":19.0,"turns":5.0},{"damage":23,"enemies":"Slavers","floor":23,"turns":4},{"damage":22,"enemies":"Book of Stabbing","floor":25,"turns":6},{"damage":1,"enemies":"3 Cultists","floor":28,"turns":5},{"damage":8,"enemies":"Centurion and Healer","floor":29,"turns":5},{"damage":27,"enemies":"Sentry and Sphere","floor":31,"turns":6},{"damage":75,"enemies":"Champ","floor":33,"turns":12}],"seed_played":"3658129663392798680","potions_obtained":[{"floor":7.0,"key":"Regen Potion"},{"floor":10.0,"key":"Weak Potion"},{"floor":12.0,"key":"Energy Potion"},{"floor":14.0,"key":"Poison Potion"},{"floor":16.0,"key":"SpeedPotion"},{"floor":25,"key":"Swift Potion"},{"floor":28,"key":"EssenceOfSteel"},{"floor":29,"key":"Weak Potion"}],"is_trial":false,"path_per_floor":["M","?","?","$","M","E","M","M","T","M","E","M","?","M","R","B",null,"M","M","?","?","$","E","R","E","T","R","M","M","R","M","R","B"],"character_chosen":"THE_SILENT","items_purchased":["Masterful Stab","Leg Sweep"],"campfire_rested":4,"item_purchase_floors":[22,22],"current_hp_per_floor":[59,59,59,59,59,59,53,49,49,47,62,59,59,58,58,66,66,47,30,30,30,30,7,26,4,4,23,22,14,33,6,25,0],"gold":258,"neow_bonus":"THREE_ENEMY_KILL","is_prod":false,"is_daily":false,"chose_seed":false,"campfire_upgraded":1,"win_rate":0,"timestamp":1570840864,"path_taken":["M","?","?","$","M","E","M","?","T","M","E","M","?","M","R","BOSS","M","?","?","?","$","E","R","E","T","R","?","M","R","M","R","BOSS"],"build_version":"2019-01-23","purchased_purges":2,"victory":false,"max_hp_per_floor":[66,66,66,66,66,66,66,66,66,66,66,66,66,66,66,66,66,66,66,66,66,66,66,66,66,66,66,66,66,66,66,66,66],"card_choices":[{"not_picked":["Dagger Spray","Cloak And Dagger"],"picked":"Well Laid Plans","floor":1.0},{"not_picked":["Acrobatics","Outmaneuver"],"picked":"All Out Attack","floor":5.0},{"not_picked":["Accuracy","Calculated Gamble"],"picked":"A Thousand Cuts","floor":6.0},{"not_picked":["Outmaneuver","Dagger Spray"],"picked":"Flying Knee","floor":7.0},{"not_picked":["Poisoned Stab","Prepared"],"picked":"Backflip","floor":8.0},{"not_picked":["Sucker Punch","Bane"],"picked":"After Image","floor":10.0},{"not_picked":["Backflip","Dagger Spray"],"picked":"Bouncing Flask","floor":11.0},{"not_picked":["Outmaneuver","Quick Slash"],"picked":"Slice","floor":12.0},{"not_picked":["Phantasmal Killer","Well Laid Plans"],"picked":"Poisoned Stab","floor":14.0},{"not_picked":["Venomology","Burst"],"picked":"Malaise","floor":16.0},{"not_picked":["Finisher","Deadly Poison"],"picked":"Blade Dance","floor":18.0},{"not_picked":["Well Laid Plans+1","Eviscerate"],"picked":"Deadly Poison","floor":19.0},{"not_picked":["Cloak And Dagger","Well Laid Plans+1"],"picked":"Masterful Stab","floor":23},{"not_picked":["Cloak And Dagger","Flying Knee"],"picked":"Quick Slash+1","floor":25},{"not_picked":["Outmaneuver","Prepared"],"picked":"Slice+1","floor":28},{"not_picked":["Endless Agony","Leg Sweep"],"picked":"Acrobatics","floor":29},{"not_picked":["Deadly Poison","Flying Knee+1"],"picked":"Blade Dance","floor":31}],"player_experience":3024825,"relics_obtained":[{"floor":6.0,"key":"Pantograph"},{"floor":9.0,"key":"Bronze Scales"},{"floor":11.0,"key":"Vajra"},{"floor":23,"key":"Darkstone Periapt"},{"floor":25,"key":"Tingsha"},{"floor":26,"key":"Blue Candle"}],"event_choices":[{"damage_healed":0.0,"max_hp_gain":0.0,"max_hp_loss":0.0,"gold_gain":0.0,"event_name":"The Cleric","player_choice":"Leave","floor":2.0,"gold_loss":0.0,"damage_taken":0.0},{"damage_healed":0.0,"max_hp_gain":0.0,"max_hp_loss":0.0,"gold_gain":0.0,"event_name":"Accursed Blacksmith","player_choice":"Rummage","floor":3.0,"gold_loss":0.0,"damage_taken":0.0,"relics_obtained":["WarpedTongs"],"cards_obtained":["Pain"]},{"cards_removed":["Strike_G"],"damage_healed":0.0,"max_hp_gain":0.0,"max_hp_loss":0.0,"gold_gain":0.0,"event_name":"Purifier","player_choice":"Purged","floor":13.0,"gold_loss":0.0,"damage_taken":0.0},{"damage_healed":0.0,"max_hp_gain":0.0,"max_hp_loss":0.0,"gold_gain":0.0,"event_name":"Forgotten Altar","player_choice":"Smashed Altar","floor":20.0,"gold_loss":0.0,"damage_taken":0.0,"cards_obtained":["Decay"]},{"damage_healed":0.0,"max_hp_gain":0.0,"max_hp_loss":0.0,"gold_gain":0.0,"event_name":"Duplicator","player_choice":"Copied","floor":21.0,"gold_loss":0.0,"damage_taken":0.0,"cards_obtained":["Malaise"]}],"is_beta":false,"boss_relics":[{"not_picked":["Tiny House","Velvet Choker"],"picked":"Runic Dome"}],"items_purged_floors":[4,22],"is_endless":false,"potions_floor_spawned":[7,10,12,14,16,25,28,29],"killed_by":"Champ","ascension_level":20}