{"path_per_floor":["M","M","?","$","M","R","?","E","T","R","?","R","M","M","R","B",null,"M","M","?","M","M","R","$","M","T"],"character_chosen":"DEFECT","items_purchased":["Capacitor","Thunder Strike"],"gold_per_floor":[109,121,196,51,65,65,165,194,219,219,219,219,238,258,258,356,356,372,384,309,327,344,344,94,107,107,107],"floor_reached":27,"campfire_rested":4,"playtime":2200,"item_purchase_floors":[4,24],"current_hp_per_floor":[75,74,63,63,48,70,70,49,49,71,71,71,49,39,61,10,75,60,60,60,45,35,57,57,19,19,0],"items_purged":["Strike_B","Strike_B"],"gold":107,"score":226,"play_id":"12771514-b9b1-4f7c-bbe5-3f83b83b072b","local_time":"20180611230041","is_prod":false,"is_daily":false,"chose_seed":false,"is_ascension_mode":true,"campfire_upgraded":1,"win_rate":0.0,"timestamp":1528772441,"campfire_choices":[{"floor":6,"key":"REST"},{"floor":10,"key":"REST"},{"data":"Storm","floor":12,"key":"SMITH"},{"floor":15,"key":"REST"},{"floor":23,"key":"REST"}],"path_taken":["M","M","?","$","M","R","?","E","T","R","?","R","M","M","R","BOSS","M","M","?","?","M","R","$","?","T","M"],"build_version":"2018-06-07v3","seed_source_timestamp":936076287566213,"purchased_purges":2,"victory":false,"master_deck":["Strike_B","Defend_B","Defend_B","Defend_B","Zap","Dualcast","Lockon","Storm+1","Capacitor","Capacitor","Recycle","Defragment","Barrage","Storm","Buffer","Streamline","FTL","Storm+1","Redo","Thunder Strike","Stack"],"max_hp_per_floor":[75,75,75,75,75,75,75,75,75,75,75,75,75,75,75,75,75,75,75,75,75,75,75,75,75,75,75],"relics":["Cracked Core","Art of War","Lantern","Inserter","Gremlin Horn"],"card_choices":[{"not_picked":["Compile Driver","Leap"],"picked":"Lockon","floor":0},{"not_picked":["Sweeping Beam","Leap"],"picked":"Storm","floor":1},{"not_picked":["Barrage","Leap"],"picked":"Capacitor","floor":2},{"not_picked":["Reinforced Body","Leap"],"picked":"Recycle","floor":5},{"not_picked":["Steam","Capacitor"],"picked":"Defragment","floor":8},{"not_picked":["Redo","Streamline"],"picked":"Barrage","floor":13},{"not_picked":["Capacitor","Consume"],"picked":"Storm","floor":14},{"not_picked":["Echo Form","Reboot"],"picked":"Buffer","floor":16},{"not_picked":["Skim","Leap"],"picked":"Streamline","floor":18},{"not_picked":["Turbo","Darkness"],"picked":"FTL","floor":19},{"not_picked":["Cold Snap","Hello World"],"picked":"Storm+1","floor":21},{"not_picked":["Rebound","Steam Power+1"],"picked":"Redo","floor":22},{"not_picked":["Gash","Rebound"],"picked":"Stack","floor":25}],"player_experience":585196,"potions_floor_usage":[8,16,21,21,21,25],"damage_taken":[{"damage":0,"enemies":"Cultist","floor":1,"turns":3},{"damage":1,"enemies":"Jaw Worm","floor":2,"turns":4},{"damage":15,"enemies":"Small Slimes","floor":5,"turns":4},{"damage":21,"enemies":"Lagavulin","floor":8,"turns":6},{"damage":22,"enemies":"Exordium Thugs","floor":13,"turns":3},{"damage":10,"enemies":"Looter","floor":14,"turns":3},{"damage":51,"enemies":"Hexaghost","floor":16,"turns":7},{"damage":15,"enemies":"Chosen","floor":18,"turns":4},{"damage":0,"enemies":"Spheric Guardian","floor":19,"turns":3},{"damage":15,"enemies":"Cultist and Chosen","floor":21,"turns":5},{"damage":10,"enemies":"Sentry and Sphere","floor":22,"turns":3},{"damage":38,"enemies":"Centurion and Healer","floor":25,"turns":4},{"damage":21,"enemies":"Snake Plant","floor":27,"turns":1}],"relics_obtained":[{"floor":8,"key":"Art of War"},{"floor":9,"key":"Lantern"},{"floor":26,"key":"Gremlin Horn"}],"event_choices":[{"event_name":"World of Goop","player_choice":"Gather Gold","floor":3,"damage_taken":0},{"event_name":"Golden Shrine","player_choice":"Pray","floor":7,"damage_taken":0},{"event_name":"Living Wall","player_choice":"Forget","floor":11,"damage_taken":0},{"event_name":"Beggar","player_choice":"Gave Gold","floor":20,"damage_taken":0}],"boss_relics":[{"not_picked":["Runic Dome","Snecko Eye"],"picked":"Inserter"}],"items_purged_floors":[4,24],"potions_floor_spawned":[2,8,16,18,19,22],"seed_played":"1997498656431889690","killed_by":"Snake Plant","ascension_level":1,"potions_obtained":[{"floor":2,"key":"FearPotion"},{"floor":8,"key":"EssenceOfSteel"},{"floor":16,"key":"FearPotion"},{"floor":18,"key":"Swift Potion"},{"floor":19,"key":"SpeedPotion"},{"floor":22,"key":"SkillPotion"}],"is_trial":false}