{"gold_per_floor":[113,113,130,0,0,0,0,30,54,74,74,103,3,16,16,90,90,100,110,110,120,39,39,64,135,161,161,180,230,230,259,259,338,338,352,85,85,85,105,105,121,148,148,148,166,166,200,200,200,200,200,200,200,33,58,58],"floor_reached":57,"playtime":1862,"items_purged":["Strike_R","Strike_R"],"score":3083,"play_id":"f5759c76-ad7e-449c-88f8-ac01bbc23156","local_time":"20191029115126","is_ascension_mode":true,"campfire_choices":[{"data":"Flame Barrier","floor":6.0,"key":"SMITH"},{"data":"Barricade","floor":15.0,"key":"SMITH"},{"data":"Dual Wield","floor":23.0,"key":"SMITH"},{"data":"Havoc","floor":27.0,"key":"PURGE"},{"data":"Exhume","floor":30.0,"key":"PURGE"},{"data":"Entrench","floor":32.0,"key":"SMITH"},{"data":"Defend_R","floor":40.0,"key":"SMITH"},{"floor":46.0,"key":"RECALL"},{"data":"Defend_R","floor":49.0,"key":"SMITH"},{"data":"Shrug It Off","floor":53.0,"key":"SMITH"}],"neow_cost":"NONE","seed_source_timestamp":179738129958624,"circlet_count":0,"master_deck":["AscendersBane","Defend_R+1","Defend_R+1","Defend_R","Defend_R+1","Body Slam+1","Flame Barrier+1","Shrug It Off+1","Barricade+1","Dual Wield+1","Ghostly Armor","Entrench+1","Battle Trance","Entrench"],"special_seed":0,"relics":["Burning Blood","NeowsBlessing","White Beast Statue","Mango","Art of War","Meat on the Bone","Lantern","Empty Cage","Peace Pipe","Strawberry","Dream Catcher","Sozu","Pear","Singing Bowl","Gremlin Horn","Bottled Flame","Mummified Hand"],"potions_floor_usage":[],"damage_taken":[{"damage":0.0,"enemies":"Small Slimes","floor":1.0,"turns":1.0},{"damage":0.0,"enemies":"Cultist","floor":3.0,"turns":1.0},{"damage":0.0,"enemies":"3 Sentries","floor":8.0,"turns":1.0},{"damage":2.0,"enemies":"2 Louse","floor":10.0,"turns":2.0},{"damage":25.0,"enemies":"Lagavulin","floor":12.0,"turns":9.0},{"damage":0.0,"enemies":"2 Fungi Beasts","floor":14.0,"turns":3.0},{"damage":0.0,"enemies":"Slime Boss","floor":16.0,"turns":10.0},{"damage":0.0,"enemies":"Spheric Guardian","floor":18.0,"turns":4.0},{"damage":0.0,"enemies":"3 Byrds","floor":19.0,"turns":2.0},{"damage":0.0,"enemies":"Snecko","floor":21.0,"turns":5.0},{"damage":5.0,"enemies":"Book of Stabbing","floor":24.0,"turns":5.0},{"damage":17.0,"enemies":"Snake Plant","floor":28.0,"turns":6.0},{"damage":13.0,"enemies":"Slavers","floor":31.0,"turns":8.0},{"damage":0.0,"enemies":"Collector","floor":33.0,"turns":6.0},{"damage":19.0,"enemies":"Orb Walker","floor":35.0,"turns":4.0},{"damage":2.0,"enemies":"3 Shapes","floor":39.0,"turns":7.0},{"damage":24.0,"enemies":"Maw","floor":41.0,"turns":5.0},{"damage":0.0,"enemies":"Giant Head","floor":42.0,"turns":5.0},{"damage":18.0,"enemies":"3 Darklings","floor":45.0,"turns":6.0},{"damage":3.0,"enemies":"Nemesis","floor":47.0,"turns":3.0},{"damage":11.0,"enemies":"Donu and Deca","floor":50.0,"turns":9.0},{"damage":50.0,"enemies":"Time Eater","floor":51.0,"turns":15.0},{"damage":63.0,"enemies":"Shield and Spear","floor":55.0,"turns":8.0},{"damage":100,"enemies":"The Heart","floor":56,"turns":10}],"seed_played":"-404676684352973560","potions_obtained":[{"floor":3.0,"key":"Fruit Juice"},{"floor":8.0,"key":"DuplicationPotion"},{"floor":10.0,"key":"FearPotion"},{"floor":12.0,"key":"SteroidPotion"},{"floor":14.0,"key":"PowerPotion"},{"floor":16.0,"key":"Weak Potion"},{"floor":18.0,"key":"Block Potion"},{"floor":19.0,"key":"ElixirPotion"},{"floor":21.0,"key":"Regen Potion"},{"floor":24.0,"key":"EssenceOfSteel"},{"floor":28.0,"key":"HeartOfIron"},{"floor":31.0,"key":"FairyPotion"},{"floor":33.0,"key":"PowerPotion"}],"is_trial":false,"path_per_floor":["M","?","M","$","?","R","?","E","T","M","T","E","$","M","R","B",null,"M","M","?","M","$","R","E","T","T","R","M","?","R","E","R","B",null,"M","$","?","$","M","R","M","E","T","?","M","R","E","?","R","B","B",null,"R","$","E","B",null],"character_chosen":"IRONCLAD","items_purchased":["Shrug It Off","Ghostly Armor","Pear","Battle Trance","Entrench"],"campfire_rested":0,"item_purchase_floors":[4,22,36,54,54],"current_hp_per_floor":[74,74,80,80,56,56,45,65,65,69,69,62,62,68,68,74,89,94,94,94,94,94,94,94,94,101,101,90,90,90,83,83,89,98,85,95,95,95,99,99,81,87,87,87,77,77,82,82,82,77,45,98,98,98,55,53],"gold":58,"neow_bonus":"THREE_ENEMY_KILL","is_prod":false,"is_daily":false,"chose_seed":false,"campfire_upgraded":7,"win_rate":0,"timestamp":1572346286,"path_taken":["M","?","M","?","?","R","?","E","T","M","?","E","$","?","R","BOSS","M","M","?","M","$","R","E","?","T","R","?","?","R","E","R","BOSS","M","$","?","$","M","R","?","E","T","?","?","R","E","?","R","BOSS","BOSS","R","$","E","BOSS"],"build_version":"2019-10-28","purchased_purges":2,"victory":true,"max_hp_per_floor":[75,75,80,80,80,80,80,94,94,94,94,94,94,94,94,94,94,94,94,94,94,94,94,94,94,101,101,101,101,101,101,101,101,101,101,111,111,111,111,111,111,111,111,111,113,113,115,115,115,115,115,115,115,115,117,117],"card_choices":[{"not_picked":["Flex","Combust"],"picked":"Body Slam","floor":1.0},{"not_picked":["Heavy Blade","Wild Strike"],"picked":"Flame Barrier","floor":3.0},{"not_picked":["Cleave","Evolve","Shrug It Off"],"picked":"SKIP","floor":8.0},{"not_picked":["Havoc","Warcry","Dark Embrace"],"picked":"SKIP","floor":10.0},{"not_picked":["Clothesline","Havoc"],"picked":"Barricade","floor":12.0},{"not_picked":["Heavy Blade","Bloodletting","Dual Wield"],"picked":"SKIP","floor":14.0},{"not_picked":["Heavy Blade","Bloodletting"],"picked":"Dual Wield","floor":14.0},{"not_picked":["Hemokinesis","Perfected Strike","Armaments"],"picked":"SKIP","floor":18.0},{"not_picked":["Hemokinesis","Dropkick","Iron Wave"],"picked":"SKIP","floor":19.0},{"not_picked":["Feel No Pain","Headbutt","Twin Strike"],"picked":"SKIP","floor":21.0},{"not_picked":["Iron Wave+1","Hemokinesis+1","Uppercut"],"picked":"SKIP","floor":24.0},{"not_picked":["Wild Strike","Pummel","Shrug It Off"],"picked":"SKIP","floor":28.0},{"not_picked":["Seeing Red","Double Tap"],"picked":"Entrench","floor":31.0},{"not_picked":["Heavy Blade","Armaments","Power Through"],"picked":"SKIP","floor":35.0},{"not_picked":["Sever Soul+1","Rampage","Anger"],"picked":"SKIP","floor":39.0},{"not_picked":["Cleave","Flame Barrier","Metallicize+1"],"picked":"SKIP","floor":41.0},{"not_picked":["Cleave","Wild Strike"],"picked":"Battle Trance","floor":42.0},{"not_picked":["Sentinel","Rampage","Iron Wave"],"picked":"Singing Bowl","floor":45.0},{"not_picked":["Clothesline","Evolve+1","Spot Weakness"],"picked":"Singing Bowl","floor":47.0},{"not_picked":["Reaper","Hemokinesis+1","True Grit"],"picked":"Singing Bowl","floor":55.0}],"player_experience":904055,"relics_obtained":[{"floor":8.0,"key":"Mango"},{"floor":9.0,"key":"Art of War"},{"floor":11.0,"key":"Meat on the Bone"},{"floor":12.0,"key":"Lantern"},{"floor":24.0,"key":"Peace Pipe"},{"floor":26.0,"key":"Strawberry"},{"floor":31.0,"key":"Dream Catcher"},{"floor":42.0,"key":"Singing Bowl"},{"floor":43.0,"key":"Gremlin Horn"},{"floor":47.0,"key":"Bottled Flame"},{"floor":55.0,"key":"Mummified Hand"}],"event_choices":[{"damage_healed":0.0,"max_hp_gain":0.0,"max_hp_loss":0.0,"gold_gain":0.0,"event_name":"Upgrade Shrine","player_choice":"Upgraded","floor":2.0,"gold_loss":0.0,"damage_taken":0.0,"cards_upgraded":["Body Slam"]},{"damage_healed":0.0,"max_hp_gain":0.0,"max_hp_loss":0.0,"gold_gain":0.0,"event_name":"Shining Light","player_choice":"Entered Light","floor":5.0,"gold_loss":0.0,"damage_taken":24.0,"cards_upgraded":["Strike_R","Defend_R"]},{"damage_healed":0.0,"max_hp_gain":0.0,"max_hp_loss":0.0,"gold_gain":0.0,"event_name":"Scrap Ooze","player_choice":"Success","floor":7.0,"gold_loss":0.0,"damage_taken":11.0,"relics_obtained":["White Beast Statue"]},{"damage_healed":0.0,"max_hp_gain":0.0,"max_hp_loss":0.0,"gold_gain":0.0,"cards_transformed":["Strike_R","Bash"],"event_name":"Drug Dealer","player_choice":"Became Test Subject","floor":20.0,"gold_loss":0.0,"damage_taken":0.0,"cards_obtained":["Exhume","Havoc"]},{"damage_healed":0.0,"max_hp_gain":0.0,"max_hp_loss":0.0,"gold_gain":50.0,"event_name":"Nest","player_choice":"Stole From Cult","floor":29.0,"gold_loss":0.0,"damage_taken":0.0},{"damage_healed":0.0,"max_hp_gain":0.0,"max_hp_loss":0.0,"gold_gain":0.0,"event_name":"Lab","player_choice":"Got Potions","floor":37.0,"gold_loss":0.0,"damage_taken":0.0},{"damage_healed":0.0,"max_hp_gain":0.0,"max_hp_loss":0.0,"gold_gain":0.0,"event_name":"Upgrade Shrine","player_choice":"Upgraded","floor":44.0,"gold_loss":0.0,"damage_taken":0.0,"cards_upgraded":["Battle Trance"]},{"cards_removed":["Battle Trance"],"damage_healed":0.0,"max_hp_gain":0.0,"max_hp_loss":0.0,"gold_gain":0.0,"event_name":"Falling","player_choice":"Removed Skill","floor":48.0,"gold_loss":0.0,"damage_taken":0.0}],"is_beta":true,"boss_relics":[{"not_picked":["Black Blood","Pandora\u0027s Box"],"picked":"Empty Cage"},{"not_picked":["Calling Bell","Coffee Dripper"],"picked":"Sozu"}],"items_purged_floors":[4,13],"is_endless":false,"potions_floor_spawned":[3,8,10,12,14,16,18,19,21,24,28,31,33,35,39,41,42,45,47,55],"ascension_level":20}