{"gold_per_floor":[114,124,136,155,120,154,154,179,179,193,213,213,228,253,253,253],"floor_reached":16,"playtime":1202,"items_purged":[],"score":232,"play_id":"45f60a0a-f7a0-4a6f-b3ed-c3d420ca9230","local_time":"20190721153028","is_ascension_mode":true,"campfire_choices":[{"floor":7,"key":"REST"},{"floor":15,"key":"REST"}],"neow_cost":"TEN_PERCENT_HP_LOSS","seed_source_timestamp":339940168134866,"circlet_count":0,"master_deck":["AscendersBane","Defend_G","Defend_G","Defend_G","Defend_G","Defend_G","Strike_G","Strike_G","Strike_G","Strike_G","Strike_G","Survivor","Neutralize","Skewer","Dash","PiercingWail","All Out Attack","Crippling Poison","Terror","Sucker Punch","Poisoned Stab"],"relics":["Ring of the Snake","WingedGreaves","Orichalcum","Potion Belt","Lantern","Golden Idol"],"potions_floor_usage":[4,6,8,16,16],"damage_taken":[{"damage":10,"enemies":"Jaw Worm","floor":1,"turns":6},{"damage":3,"enemies":"Small Slimes","floor":2,"turns":5},{"damage":0,"enemies":"2 Louse","floor":3,"turns":3},{"damage":1,"enemies":"Blue Slaver","floor":4,"turns":6},{"damage":42,"enemies":"Lagavulin","floor":6,"turns":9},{"damage":11,"enemies":"3 Sentries","floor":8,"turns":10},{"damage":3,"enemies":"Exordium Wildlife","floor":10,"turns":5},{"damage":6,"enemies":"Looter","floor":11,"turns":3},{"damage":1,"enemies":"3 Louse","floor":13,"turns":3},{"damage":7,"enemies":"2 Fungi Beasts","floor":14,"turns":3},{"damage":24,"enemies":"Slime Boss","floor":16,"turns":7}],"seed_played":"-6729207748931784768","potions_obtained":[{"floor":1,"key":"FearPotion"},{"floor":2,"key":"Regen Potion"},{"floor":6,"key":"Fire Potion"},{"floor":13,"key":"PowerPotion"},{"floor":14,"key":"Explosive Potion"}],"is_trial":false,"path_per_floor":["M","M","M","M","?","E","R","E","T","M","M","?","M","M","R","B"],"character_chosen":"THE_SILENT","items_purchased":[],"campfire_rested":2,"item_purchase_floors":[],"current_hp_per_floor":[49,46,46,59,59,17,35,24,24,21,15,15,14,7,23,0],"gold":253,"neow_bonus":"ONE_RARE_RELIC","is_prod":false,"is_daily":false,"chose_seed":false,"campfire_upgraded":0,"win_rate":0,"timestamp":1563737428,"path_taken":["M","M","M","M","?","E","R","E","T","M","M","?","M","M","R","BOSS"],"build_version":"2019-01-23","purchased_purges":0,"victory":false,"max_hp_per_floor":[60,60,60,60,60,60,60,60,60,60,60,54,54,54,54,54],"card_choices":[{"not_picked":["Underhanded Strike","Dagger Spray"],"picked":"Skewer","floor":1},{"not_picked":["Dodge and Roll","Finisher"],"picked":"Dash","floor":2},{"not_picked":["Acrobatics","Caltrops"],"picked":"PiercingWail","floor":3},{"not_picked":["Bane","Acrobatics","Underhanded Strike"],"picked":"SKIP","floor":4},{"not_picked":["Reflex","Distraction"],"picked":"All Out Attack","floor":6},{"not_picked":["Predator","Expertise"],"picked":"Crippling Poison","floor":8},{"not_picked":["Leg Sweep","Predator"],"picked":"Terror","floor":10},{"not_picked":["Backflip","Flechettes"],"picked":"Sucker Punch","floor":11},{"not_picked":["Acrobatics","Blade Dance"],"picked":"Poisoned Stab","floor":13},{"not_picked":["Cloak And Dagger","Outmaneuver","Dodge and Roll"],"picked":"SKIP","floor":14}],"player_experience":2716880,"relics_obtained":[{"floor":6,"key":"Orichalcum"},{"floor":8,"key":"Potion Belt"},{"floor":9,"key":"Lantern"}],"event_choices":[{"damage_healed":0,"gold_gain":0,"player_choice":"Left Gold","damage_taken":0,"max_hp_gain":0,"max_hp_loss":0,"event_name":"World of Goop","floor":5,"gold_loss":35},{"damage_healed":0,"gold_gain":0,"player_choice":"Lose Max HP","damage_taken":0,"relics_obtained":["Golden Idol"],"max_hp_gain":0,"max_hp_loss":6,"event_name":"Golden Idol","floor":12,"gold_loss":0}],"is_beta":false,"boss_relics":[],"items_purged_floors":[],"is_endless":false,"potions_floor_spawned":[1,2,6,13,14],"killed_by":"Slime Boss","ascension_level":20}