{"gold_per_floor":[115,26,201,216,226,226,253,5,78,78,153,153,166,182,182,286,286,306,0,18,18,28,28],"floor_reached":23,"playtime":1727,"items_purged":["Doubt"],"score":220,"play_id":"f88060f8-46f0-408f-a29d-ed1c9e9564c5","local_time":"20190910100612","is_ascension_mode":true,"campfire_choices":[{"floor":6,"key":"RECALL"},{"floor":10,"key":"REST"},{"floor":15,"key":"REST"}],"neow_cost":"NONE","seed_source_timestamp":81852382118510,"circlet_count":0,"master_deck":["Strike_B","Strike_B","Strike_B","Strike_B","Defend_B","Defend_B","Defend_B","Defend_B","Zap","Dualcast","Heatsinks","Undo","Cold Snap","Gash","Capacitor","Streamline","Static Discharge","Steam","Stack","Barrage","Compile Driver","Rebound","Barrage","Multi-Cast+1","Chill+1","Barrage","Storm","BootSequence+1","Pain","Sweeping Beam"],"relics":["FrozenCore","Art of War","Toxic Egg 2","PreservedInsect","WarpedTongs"],"potions_floor_usage":[7,22],"damage_taken":[{"damage":7,"enemies":"Jaw Worm","floor":1,"turns":4},{"damage":10,"enemies":"Small Slimes","floor":4,"turns":4},{"damage":0,"enemies":"Cultist","floor":5,"turns":4},{"damage":49,"enemies":"3 Sentries","floor":7,"turns":12},{"damage":11,"enemies":"Looter","floor":13,"turns":4},{"damage":14,"enemies":"Blue Slaver","floor":14,"turns":4},{"damage":63,"enemies":"The Guardian","floor":16,"turns":12},{"damage":37,"enemies":"3 Byrds","floor":18,"turns":6},{"damage":10,"enemies":"Chosen","floor":20,"turns":7},{"damage":17,"enemies":"Sentry and Sphere","floor":22,"turns":6},{"damage":24,"enemies":"Book of Stabbing","floor":23,"turns":4}],"seed_played":"7749383951268219098","potions_obtained":[{"floor":1,"key":"FocusPotion"},{"floor":7,"key":"Fruit Juice"},{"floor":13,"key":"Swift Potion"}],"is_trial":false,"path_per_floor":["M","$","?","M","M","R","E","$","T","R","?","?","M","M","R","B",null,"M","$","M","?","M","E"],"character_chosen":"DEFECT","items_purchased":["Undo","Cold Snap","Static Discharge","Steam","Stack","Barrage","Compile Driver","PreservedInsect","Barrage","Storm"],"campfire_rested":2,"item_purchase_floors":[2,2,8,8,8,8,8,19,19,19],"current_hp_per_floor":[75,75,75,65,65,65,21,21,21,47,36,65,54,40,66,3,87,50,50,40,40,23,0],"gold":28,"neow_bonus":"TEN_PERCENT_HP_BONUS","is_prod":false,"is_daily":false,"chose_seed":false,"campfire_upgraded":0,"win_rate":0,"timestamp":1568120772,"path_taken":["M","$","?","M","M","R","E","$","T","R","?","?","M","M","R","BOSS","M","$","M","?","?","E"],"build_version":"2019-09-09v2","purchased_purges":1,"victory":false,"max_hp_per_floor":[82,82,82,82,82,82,87,87,87,87,87,87,87,87,87,87,87,87,87,87,87,87,87],"card_choices":[{"not_picked":["Aggregate","Stack"],"picked":"Heatsinks","floor":1},{"not_picked":["Streamline","Beam Cell"],"picked":"Gash","floor":4},{"not_picked":["Streamline","Stack"],"picked":"Capacitor","floor":5},{"not_picked":["Beam Cell","Cold Snap"],"picked":"Streamline","floor":7},{"not_picked":["Stack+1","Skim+1"],"picked":"Rebound","floor":13},{"not_picked":["All For One","Ball Lightning"],"picked":"Barrage","floor":14},{"not_picked":["Meteor Strike","Hyperbeam"],"picked":"Multi-Cast+1","floor":16},{"not_picked":["Hologram+1","Rebound+1"],"picked":"Chill+1","floor":18},{"not_picked":["Force Field+1","Streamline+1"],"picked":"BootSequence+1","floor":20},{"not_picked":["Hologram+1","Steam Power+1"],"picked":"Sweeping Beam","floor":22}],"player_experience":403915,"relics_obtained":[{"floor":7,"key":"Art of War"},{"floor":9,"key":"Toxic Egg 2"}],"event_choices":[{"damage_healed":0,"gold_gain":175,"player_choice":"AGREE","damage_taken":0,"max_hp_gain":0,"max_hp_loss":0,"event_name":"Liars Game","floor":3,"gold_loss":0,"cards_obtained":["Doubt"]},{"damage_healed":0,"gold_gain":75,"player_choice":"Gather Gold","damage_taken":11,"max_hp_gain":0,"max_hp_loss":0,"event_name":"World of Goop","floor":11,"gold_loss":0},{"damage_healed":29,"gold_gain":0,"player_choice":"Banana","damage_taken":0,"max_hp_gain":0,"max_hp_loss":0,"event_name":"Big Fish","floor":12,"gold_loss":0},{"damage_healed":0,"gold_gain":0,"player_choice":"Rummage","damage_taken":0,"relics_obtained":["WarpedTongs"],"max_hp_gain":0,"max_hp_loss":0,"event_name":"Accursed Blacksmith","floor":21,"gold_loss":0,"cards_obtained":["Pain"]}],"is_beta":true,"boss_relics":[{"not_picked":["Runic Dome","Snecko Eye"],"picked":"FrozenCore"}],"items_purged_floors":[19],"is_endless":false,"potions_floor_spawned":[1,7,13,18],"killed_by":"Book of Stabbing","ascension_level":3}