{"gold_per_floor":[139,29,39,39,39,58,58,86,86,86,86,103,103,130,130,201,201,221,146,161,190,208,208],"floor_reached":23,"playtime":2598,"items_purged":["Strike_B"],"score":388,"play_id":"643d80dd-1a44-42e2-8cd2-40c9e6428d53","local_time":"20190720031809","is_ascension_mode":true,"campfire_choices":[{"data":"Chill","floor":7.0,"key":"SMITH"},{"floor":11.0,"key":"REST"},{"data":"Self Repair","floor":13.0,"key":"SMITH"},{"data":"Beam Cell","floor":15.0,"key":"SMITH"}],"neow_cost":"NONE","seed_source_timestamp":313834342738889,"circlet_count":0,"master_deck":["AscendersBane","Strike_B","Defend_B","Defend_B","Defend_B","Zap","Dualcast","Glacier","Self Repair+1","Gash","Ball Lightning","Chill+1","Cold Snap","Sweeping Beam","Beam Cell+1","Electrodynamics","Gash","Steam"],"special_seed":0,"relics":["Cracked Core","Tiny Chest","Incense Burner","Matryoshka","Omamori","Empty Cage","Red Mask"],"potions_floor_usage":[23,23],"damage_taken":[{"damage":6.0,"enemies":"Jaw Worm","floor":1.0,"turns":4.0},{"damage":0.0,"enemies":"Small Slimes","floor":3.0,"turns":6.0},{"damage":1.0,"enemies":"Cultist","floor":6.0,"turns":3.0},{"damage":46.0,"enemies":"Gremlin Nob","floor":8.0,"turns":5.0},{"damage":4.0,"enemies":"Looter","floor":12.0,"turns":4.0},{"damage":12.0,"enemies":"Lagavulin","floor":14.0,"turns":9.0},{"damage":34.0,"enemies":"The Guardian","floor":16.0,"turns":15.0},{"damage":17.0,"enemies":"Shell Parasite","floor":18.0,"turns":7.0},{"damage":8.0,"enemies":"Chosen","floor":20.0,"turns":6.0},{"damage":27,"enemies":"Masked Bandits","floor":21,"turns":4},{"damage":10,"enemies":"Snake Plant","floor":22,"turns":5},{"damage":29,"enemies":"Gremlin Leader","floor":23,"turns":5}],"seed_played":"6246766628089136037","potions_obtained":[{"floor":1.0,"key":"Energy Potion"},{"floor":3.0,"key":"Energy Potion"},{"floor":8.0,"key":"SkillPotion"},{"floor":14.0,"key":"GamblersBrew"},{"floor":21,"key":"FocusPotion"},{"floor":22,"key":"LiquidBronze"}],"is_trial":false,"path_per_floor":["M","$","M","?","?","M","R","E","T","?","R","M","R","E","R","B",null,"M","$","M","?","M","E"],"character_chosen":"DEFECT","items_purchased":["Self Repair","Gash"],"campfire_rested":1,"item_purchase_floors":[2,2],"current_hp_per_floor":[58,58,65,65,65,71,71,32,32,32,53,56,56,54,54,30,61,54,54,46,29,29,0],"gold":208,"neow_bonus":"RANDOM_COMMON_RELIC","is_prod":false,"is_daily":false,"chose_seed":false,"campfire_upgraded":3,"win_rate":0,"timestamp":1563607089,"path_taken":["M","$","M","?","?","M","R","E","T","?","R","?","R","E","R","BOSS","M","$","M","?","M","E"],"build_version":"2019-01-23","purchased_purges":1,"victory":false,"max_hp_per_floor":[71,71,71,71,71,71,71,71,71,71,71,71,71,71,71,71,71,71,71,71,71,71,71],"card_choices":[{"not_picked":["Reinforced Body","Aggregate"],"picked":"Glacier","floor":1.0},{"not_picked":["Hologram","Rebound"],"picked":"Ball Lightning","floor":3.0},{"not_picked":["Double Energy","Undo"],"picked":"Chill","floor":6.0},{"not_picked":["Streamline","Leap"],"picked":"Cold Snap","floor":8.0},{"not_picked":["Turbo","Sunder"],"picked":"Sweeping Beam","floor":12.0},{"not_picked":["Ball Lightning","Turbo"],"picked":"Beam Cell","floor":14.0},{"not_picked":["Seek","Core Surge"],"picked":"Electrodynamics","floor":16.0},{"not_picked":["Leap","Turbo","Stack"],"picked":"SKIP","floor":18.0},{"not_picked":["Stack","Conserve Battery"],"picked":"Gash","floor":20.0},{"not_picked":["Coolheaded","Stack"],"picked":"Steam","floor":22}],"player_experience":2697086,"relics_obtained":[{"floor":8.0,"key":"Incense Burner"},{"floor":9.0,"key":"Matryoshka"},{"floor":14.0,"key":"Omamori"},{"floor":21,"key":"Red Mask"}],"event_choices":[{"damage_healed":0.0,"max_hp_gain":0.0,"max_hp_loss":0.0,"gold_gain":0.0,"event_name":"The Cleric","player_choice":"Leave","floor":4.0,"gold_loss":0.0,"damage_taken":0.0},{"cards_removed":["Strike_B"],"damage_healed":0.0,"max_hp_gain":0.0,"max_hp_loss":0.0,"gold_gain":0.0,"event_name":"Living Wall","player_choice":"Forget","floor":5.0,"gold_loss":0.0,"damage_taken":0.0},{"damage_healed":0.0,"max_hp_gain":0.0,"max_hp_loss":0.0,"gold_gain":0.0,"event_name":"Lab","player_choice":"Got Potions","floor":10.0,"gold_loss":0.0,"damage_taken":0.0},{"damage_healed":0,"gold_gain":0,"player_choice":"Fought Bandits","damage_taken":0,"max_hp_gain":0,"max_hp_loss":0,"event_name":"Masked Bandits","floor":21,"gold_loss":0}],"is_beta":false,"boss_relics":[{"not_picked":["Nuclear Battery","Velvet Choker"],"picked":"Empty Cage"}],"items_purged_floors":[19],"is_endless":false,"potions_floor_spawned":[1,3,8,14,21,22],"killed_by":"Gremlin Leader","ascension_level":19}