{"gold_per_floor":[218,231,180,198,209,242,255,255,282,298,326,426,442,456,456,561,561,572,572,263,282,282,282,308,320,384,396,428,455,480,156,156,257,257,269,279,379,379,396,396,422,422,422,422],"floor_reached":44,"playtime":3348,"items_purged":[],"score":522,"play_id":"43200abd-6b8e-4aa6-b29f-59e93906a105","local_time":"20181106200829","is_ascension_mode":false,"campfire_choices":[{"floor":8.0,"key":"REST"},{"data":"Perfected Strike","floor":15.0,"key":"SMITH"},{"floor":23,"key":"REST"},{"data":"Armaments","floor":25,"key":"SMITH"},{"data":"J.A.X.","floor":27,"key":"SMITH"},{"floor":32,"key":"REST"},{"floor":40,"key":"REST"}],"neow_cost":"NONE","seed_source_timestamp":0,"circlet_count":0,"master_deck":["Strike_R","Strike_R","Strike_R","Strike_R","Strike_R","Defend_R","Defend_R+1","Defend_R","Defend_R+1","Bash","Heavy Blade","Perfected Strike+1","Anger","Thunderclap","Headbutt","Sword Boomerang","Anger","Warcry","Anger","Iron Wave","Heavy Blade","Flex+1","J.A.X.+1","Armaments+1","Clothesline","Havoc","Perfected Strike","Cleave","Perfected Strike","Armaments","Warcry","Shrug It Off","Body Slam+1","Sword Boomerang+1","Wild Strike+1","Twin Strike","Parasite"],"special_seed":0,"relics":["Burning Blood","Kunai","War Paint","Pen Nib","Mark of Pain","Self Forming Clay","MawBank","Potion Belt","Juzu Bracelet","Blood Vial","Eternal Feather","Incense Burner","Centennial Puzzle","Paper Frog","Toxic Egg 2"],"potions_floor_usage":[16,28,33,33,36,41,44,44,44],"damage_taken":[{"damage":1.0,"enemies":"Cultist","floor":1.0,"turns":3.0},{"damage":1.0,"enemies":"2 Louse","floor":2.0,"turns":2.0},{"damage":7.0,"enemies":"Small Slimes","floor":4.0,"turns":3.0},{"damage":12.0,"enemies":"Gremlin Gang","floor":5.0,"turns":4.0},{"damage":34.0,"enemies":"3 Sentries","floor":6.0,"turns":8.0},{"damage":3.0,"enemies":"2 Fungi Beasts","floor":7.0,"turns":3.0},{"damage":11.0,"enemies":"Exordium Wildlife","floor":10.0,"turns":3.0},{"damage":6.0,"enemies":"Gremlin Nob","floor":11.0,"turns":3.0},{"damage":14.0,"enemies":"Exordium Thugs","floor":13.0,"turns":4.0},{"damage":0.0,"enemies":"Large Slime","floor":14.0,"turns":3.0},{"damage":16,"enemies":"Slime Boss","floor":16,"turns":5},{"damage":21,"enemies":"Spheric Guardian","floor":18,"turns":4},{"damage":13,"enemies":"2 Thieves","floor":21,"turns":3},{"damage":30,"enemies":"Book of Stabbing","floor":24,"turns":6},{"damage":19,"enemies":"Centurion and Healer","floor":28,"turns":4},{"damage":6,"enemies":"Chosen and Byrds","floor":29,"turns":4},{"damage":0,"enemies":"Snecko","floor":30,"turns":2},{"damage":74,"enemies":"Collector","floor":33,"turns":12},{"damage":34,"enemies":"3 Darklings","floor":35,"turns":6},{"damage":41,"enemies":"3 Shapes","floor":36,"turns":5},{"damage":7,"enemies":"Mind Bloom Boss Battle","floor":37,"turns":6},{"damage":8,"enemies":"Transient","floor":39,"turns":5},{"damage":36,"enemies":"Reptomancer","floor":41,"turns":6},{"damage":44,"enemies":"Writhing Mass","floor":44,"turns":5}],"seed_played":"-2478747464995150075","potions_obtained":[{"floor":1.0,"key":"Energy Potion"},{"floor":2.0,"key":"BloodPotion"},{"floor":6.0,"key":"SkillPotion"},{"floor":13.0,"key":"Fire Potion"},{"floor":14.0,"key":"SneckoOil"},{"floor":24,"key":"LiquidBronze"},{"floor":28,"key":"Poison Potion"},{"floor":33,"key":"GamblersBrew"},{"floor":35,"key":"Ancient Potion"},{"floor":37,"key":"Strength Potion"},{"floor":39,"key":"Block Potion"},{"floor":41,"key":"GamblersBrew"}],"is_trial":false,"path_per_floor":["M","M","$","M","M","E","M","R","T","M","E","?","M","M","R","B",null,"M","?","$","M","?","R","E","R","T","R","M","M","M","$","R","B",null,"M","M","?","?","M","R","E","T","T","M"],"character_chosen":"IRONCLAD","items_purchased":["Anger","Armaments","Self Forming Clay","Juzu Bracelet","Blood Vial","Warcry"],"campfire_rested":4,"item_purchase_floors":[3,20,20,31,31,31],"current_hp_per_floor":[80,80,80,79,73,45,48,72,72,67,67,67,59,65,65,55,80,65,65,65,58,58,80,56,56,56,56,51,51,57,57,80,12,80,52,19,20,20,20,65,37,37,37,0],"gold":422,"neow_bonus":"HUNDRED_GOLD","is_prod":false,"is_daily":false,"chose_seed":false,"campfire_upgraded":3,"win_rate":0,"timestamp":1541552909,"path_taken":["M","M","$","M","M","E","M","R","T","?","E","?","?","?","R","BOSS","M","?","$","M","?","R","E","R","T","R","?","M","M","$","R","BOSS","M","M","?","?","M","R","E","?","T","M"],"build_version":"2018-11-01","purchased_purges":0,"victory":false,"max_hp_per_floor":[80,80,80,80,80,80,80,80,80,80,80,80,80,80,80,80,80,80,80,80,80,80,80,80,80,80,80,80,80,80,80,80,80,80,80,80,80,80,80,80,80,80,80,80],"card_choices":[{"not_picked":["Bloodletting","Whirlwind"],"picked":"Heavy Blade","floor":1.0},{"not_picked":["Warcry","Intimidate"],"picked":"Perfected Strike","floor":2.0},{"not_picked":["Havoc","Warcry"],"picked":"Thunderclap","floor":4.0},{"not_picked":["Iron Wave","Second Wind"],"picked":"Headbutt","floor":5.0},{"not_picked":["Fiend Fire","Fire Breathing"],"picked":"Sword Boomerang","floor":6.0},{"not_picked":["Warcry","Twin Strike"],"picked":"Anger","floor":7.0},{"not_picked":["Whirlwind","Power Through"],"picked":"Warcry","floor":10.0},{"not_picked":["Warcry","Intimidate"],"picked":"Anger","floor":11.0},{"not_picked":["True Grit","Entrench"],"picked":"Iron Wave","floor":13.0},{"not_picked":["Entrench","True Grit"],"picked":"Heavy Blade","floor":14.0},{"not_picked":["Heavy Blade","Twin Strike"],"picked":"Flex+1","floor":18},{"not_picked":["Clash","Spot Weakness"],"picked":"Clothesline","floor":21},{"not_picked":["Thunderclap+1","Brutality"],"picked":"Perfected Strike","floor":24},{"not_picked":["Spot Weakness","Blood for Blood"],"picked":"Cleave","floor":28},{"not_picked":["True Grit","Flex"],"picked":"Perfected Strike","floor":29},{"not_picked":["Rampage+1","Shrug It Off"],"picked":"Armaments","floor":30},{"not_picked":["Sword Boomerang","Shockwave+1"],"picked":"Shrug It Off","floor":35},{"not_picked":["Headbutt","Thunderclap"],"picked":"Body Slam+1","floor":36},{"not_picked":["Body Slam+1","Hemokinesis"],"picked":"Sword Boomerang+1","floor":37},{"not_picked":["Havoc+1","Fiend Fire"],"picked":"Wild Strike+1","floor":39},{"not_picked":["Pummel+1","Armaments"],"picked":"Twin Strike","floor":41}],"player_experience":1933267,"relics_obtained":[{"floor":6.0,"key":"Kunai"},{"floor":9.0,"key":"War Paint"},{"floor":11.0,"key":"Pen Nib"},{"floor":24,"key":"MawBank"},{"floor":26,"key":"Potion Belt"},{"floor":37,"key":"Incense Burner"},{"floor":41,"key":"Centennial Puzzle"},{"floor":42,"key":"Paper Frog"},{"floor":43,"key":"Toxic Egg 2"}],"event_choices":[{"damage_healed":0.0,"max_hp_gain":0.0,"max_hp_loss":0.0,"gold_gain":100.0,"event_name":"Golden Shrine","player_choice":"Pray","floor":12.0,"gold_loss":0.0,"damage_taken":0.0},{"damage_healed":0,"gold_gain":0,"player_choice":"Obtain J.A.X.","damage_taken":0,"max_hp_gain":0,"max_hp_loss":0,"event_name":"Drug Dealer","floor":19,"gold_loss":0,"cards_obtained":["J.A.X."]},{"damage_healed":0,"gold_gain":0,"player_choice":"1 cards matched","damage_taken":0,"max_hp_gain":0,"max_hp_loss":0,"event_name":"Match and Keep!","floor":22,"gold_loss":0,"cards_obtained":["Havoc"]},{"damage_healed":0,"gold_gain":0,"player_choice":"Fight","damage_taken":0,"max_hp_gain":0,"max_hp_loss":0,"event_name":"MindBloom","floor":37,"gold_loss":0},{"damage_healed":0,"gold_gain":0,"player_choice":"Ignored","damage_taken":0,"max_hp_gain":0,"max_hp_loss":0,"event_name":"Mysterious Sphere","floor":38,"gold_loss":0}],"is_beta":false,"boss_relics":[{"not_picked":["Philosopher\u0027s Stone","Black Star"],"picked":"Mark of Pain"},{"not_picked":["Black Blood","Orrery"],"picked":"Eternal Feather"}],"items_purged_floors":[],"is_endless":false,"potions_floor_spawned":[1,2,6,13,14,24,28,33,35,37,39,41],"killed_by":"Writhing Mass","ascension_level":0}