{"gold_per_floor":[112,130,130,141,154,186,186,214,214,214,233,233,259,259,259,336,336,355,68,18,31,51,51,77,0,0,33,33,33,45,65,65,139,139,154,154,84,96,112,112,15,42,42,52,63,163,163,182,182,182],"floor_reached":51,"playtime":5918,"items_purged":[],"score":1277,"play_id":"83acbf70-e4ef-477a-8fce-3f6fc049e3a5","local_time":"20190324160627","is_ascension_mode":true,"campfire_choices":[{"floor":7.0,"key":"REST"},{"data":"Rainbow","floor":10.0,"key":"SMITH"},{"floor":15.0,"key":"REST"},{"data":"Defragment","floor":23.0,"key":"SMITH"},{"floor":29.0,"key":"REST"},{"floor":32.0,"key":"REST"},{"floor":40.0,"key":"REST"},{"floor":47.0,"key":"DIG"},{"floor":49,"key":"REST"}],"neow_cost":"NONE","seed_source_timestamp":1757341726584021,"circlet_count":0,"master_deck":["AscendersBane","Strike_B","Strike_B","Defend_B","Defend_B","Defend_B","Zap+1","Dualcast","Gash","Cold Snap","Steam","Rainbow+1","Glacier","Gash","Gash","Beam Cell","All For One","Turbo","Rebound","Defragment+1","Beam Cell+1","Blizzard","Scrape","Core Surge","Gash","Conserve Battery+1","Biased Cognition","Cold Snap+1","Master of Strategy","Flash of Steel","Stack","Gash","Panacea","Hologram","Go for the Eyes","Hologram","Reinforced Body","Gash","Hologram+1"],"special_seed":0,"relics":["Cracked Core","Question Card","Matryoshka","Orichalcum","Shuriken","Pear","Meat on the Bone","Vajra","Empty Cage","Medical Kit","Boot","Bottled Flame","Gremlin Horn","Lizard Tail","Tiny Chest","Bottled Lightning","Mango","Shovel","Dream Catcher"],"potions_floor_usage":[48,50],"damage_taken":[{"damage":3.0,"enemies":"2 Louse","floor":1.0,"turns":3.0},{"damage":5.0,"enemies":"Small Slimes","floor":2.0,"turns":3.0},{"damage":5.0,"enemies":"Jaw Worm","floor":4.0,"turns":3.0},{"damage":9.0,"enemies":"Red Slaver","floor":5.0,"turns":4.0},{"damage":31.0,"enemies":"Gremlin Nob","floor":6.0,"turns":5.0},{"damage":10.0,"enemies":"3 Sentries","floor":8.0,"turns":11.0},{"damage":5.0,"enemies":"Exordium Thugs","floor":11.0,"turns":5.0},{"damage":5.0,"enemies":"Lagavulin","floor":13.0,"turns":6.0},{"damage":19.0,"enemies":"Hexaghost","floor":16.0,"turns":9.0},{"damage":10.0,"enemies":"Shell Parasite","floor":18.0,"turns":3.0},{"damage":0.0,"enemies":"Spheric Guardian","floor":21.0,"turns":3.0},{"damage":11.0,"enemies":"Centurion and Healer","floor":22.0,"turns":3.0},{"damage":12.0,"enemies":"Gremlin Leader","floor":24.0,"turns":4.0},{"damage":40.0,"enemies":"Book of Stabbing","floor":27.0,"turns":5.0},{"damage":10.0,"enemies":"3 Cultists","floor":30.0,"turns":5.0},{"damage":6.0,"enemies":"Sentry and Sphere","floor":31.0,"turns":3.0},{"damage":63.0,"enemies":"Collector","floor":33.0,"turns":8.0},{"damage":1.0,"enemies":"3 Shapes","floor":35.0,"turns":4.0},{"damage":13.0,"enemies":"3 Darklings","floor":38.0,"turns":4.0},{"damage":26.0,"enemies":"Spire Growth","floor":39.0,"turns":4.0},{"damage":17.0,"enemies":"Giant Head","floor":42.0,"turns":6.0},{"damage":4.0,"enemies":"4 Shapes","floor":44.0,"turns":6.0},{"damage":24.0,"enemies":"Jaw Worm Horde","floor":45.0,"turns":3.0},{"damage":0.0,"enemies":"Mind Bloom Boss Battle","floor":46.0,"turns":5.0},{"damage":31,"enemies":"Writhing Mass","floor":48,"turns":5},{"damage":79,"enemies":"Time Eater","floor":50,"turns":8}],"seed_played":"1413529069237273880","potions_obtained":[{"floor":1.0,"key":"Regen Potion"},{"floor":8.0,"key":"SteroidPotion"},{"floor":13.0,"key":"Dexterity Potion"},{"floor":21.0,"key":"GamblersBrew"},{"floor":31.0,"key":"Fire Potion"},{"floor":33.0,"key":"Regen Potion"},{"floor":39.0,"key":"Energy Potion"},{"floor":46.0,"key":"GamblersBrew"}],"is_trial":false,"path_per_floor":["M","M","?","M","M","E","R","E","T","R","M","?","E","T","R","B",null,"M","$","?","M","M","R","E","$","T","E","?","R","M","M","R","B",null,"M","?","?","M","M","R","$","E","T","M","M","?","R","M","R","B",null],"character_chosen":"DEFECT","items_purchased":["Rebound","Defragment","Medical Kit","Scrape","Panacea"],"campfire_rested":6,"item_purchase_floors":[19,19,19,25,41],"current_hp_per_floor":[61,56,56,51,42,25,46,36,36,36,31,31,36,36,60,41,71,61,61,61,61,50,50,50,50,50,22,22,46,48,42,66,15,65,64,59,59,46,32,56,56,51,65,61,54,54,54,35,63,45],"gold":182,"neow_bonus":"REMOVE_CARD","is_prod":false,"is_daily":false,"chose_seed":false,"campfire_upgraded":2,"win_rate":0,"timestamp":1553457987,"path_taken":["M","M","?","M","M","E","R","E","T","R","M","?","E","?","R","BOSS","M","$","?","M","M","R","E","?","T","E","?","R","M","M","R","BOSS","M","?","?","M","M","R","$","E","T","M","?","?","R","M","R","BOSS"],"build_version":"2019-01-23","purchased_purges":0,"victory":true,"max_hp_per_floor":[71,71,71,71,71,71,71,71,71,71,71,71,81,81,81,81,81,81,81,81,81,81,81,81,81,81,81,81,81,81,81,81,81,81,81,81,81,81,81,81,81,81,95,95,95,95,95,95,95,95],"card_choices":[{"not_picked":["Coolheaded","Capacitor"],"picked":"Gash","floor":1.0},{"not_picked":["Steam","Coolheaded"],"picked":"Cold Snap","floor":2.0},{"not_picked":["Coolheaded","Steam Power"],"picked":"Steam","floor":4.0},{"not_picked":["Hello World","Cold Snap"],"picked":"Rainbow","floor":5.0},{"not_picked":["Conserve Battery","Darkness"],"picked":"Glacier","floor":6.0},{"not_picked":["Heatsinks","Hyperbeam","Sweeping Beam"],"picked":"Gash","floor":8.0},{"not_picked":["Reinforced Body","Self Repair","Steam"],"picked":"Gash","floor":11.0},{"not_picked":["White Noise","Coolheaded","Conserve Battery"],"picked":"Beam Cell","floor":13.0},{"not_picked":["Rainbow","Thunder Strike","Hyperbeam"],"picked":"All For One","floor":16.0},{"not_picked":["Rip and Tear","Heatsinks","Auto Shields"],"picked":"Turbo","floor":18.0},{"not_picked":["Capacitor","Reprogram","Ball Lightning+1"],"picked":"Beam Cell+1","floor":21.0},{"not_picked":["Reprogram","Coolheaded","Barrage","Hello World"],"picked":"SKIP","floor":22.0},{"not_picked":["Conserve Battery","Rip and Tear","Cold Snap+1"],"picked":"Blizzard","floor":24.0},{"not_picked":["Storm","Recycle","Steam+1"],"picked":"Core Surge","floor":27.0},{"not_picked":["Cold Snap","Redo","Steam Power"],"picked":"Gash","floor":30.0},{"not_picked":["Hello World","Leap","Turbo"],"picked":"Conserve Battery+1","floor":31.0},{"not_picked":["Core Surge","Rainbow","Echo Form"],"picked":"Biased Cognition","floor":33.0},{"not_picked":["Blizzard","Sweeping Beam","Conserve Battery"],"picked":"Cold Snap+1","floor":35.0},{"not_picked":["Trip","Good Instincts","Finesse"],"picked":"Master of Strategy","floor":36.0},{"not_picked":["Chrysalis","Bandage Up","Metamorphosis"],"picked":"Flash of Steel","floor":36.0},{"not_picked":["Barrage","Redo","Compile Driver"],"picked":"Stack","floor":38.0},{"not_picked":["Fusion","Stack","FTL+1"],"picked":"Gash","floor":39.0},{"not_picked":["Steam","Meteor Strike","Rebound+1"],"picked":"Hologram","floor":42.0},{"not_picked":["Stack","BootSequence","Leap+1"],"picked":"Go for the Eyes","floor":44.0},{"not_picked":["Cold Snap","Redo","Ball Lightning"],"picked":"Hologram","floor":45.0},{"not_picked":["Beam Cell+1","Streamline","Rebound"],"picked":"Reinforced Body","floor":46.0},{"not_picked":["Leap+1","Beam Cell","Turbo"],"picked":"Gash","floor":48},{"not_picked":["Aggregate","Cold Snap+1","Ball Lightning+1"],"picked":"Hologram+1","floor":49}],"player_experience":2406635,"relics_obtained":[{"floor":6.0,"key":"Question Card"},{"floor":8.0,"key":"Matryoshka"},{"floor":9.0,"key":"Orichalcum"},{"floor":9.0,"key":"Shuriken"},{"floor":13.0,"key":"Pear"},{"floor":14.0,"key":"Meat on the Bone"},{"floor":14.0,"key":"Vajra"},{"floor":24.0,"key":"Boot"},{"floor":26.0,"key":"Bottled Flame"},{"floor":27.0,"key":"Gremlin Horn"},{"floor":42.0,"key":"Bottled Lightning"},{"floor":43.0,"key":"Mango"},{"floor":46.0,"key":"Shovel"},{"floor":47.0,"key":"Dream Catcher"}],"event_choices":[{"damage_healed":0.0,"max_hp_gain":0.0,"max_hp_loss":0.0,"gold_gain":0.0,"event_name":"Scrap Ooze","player_choice":"Fled","floor":3.0,"gold_loss":0.0,"damage_taken":0.0},{"damage_healed":0.0,"max_hp_gain":0.0,"max_hp_loss":0.0,"gold_gain":0.0,"event_name":"Living Wall","player_choice":"Grow","floor":12.0,"gold_loss":0.0,"damage_taken":0.0,"cards_upgraded":["Zap"]},{"damage_healed":0.0,"max_hp_gain":0.0,"max_hp_loss":0.0,"gold_gain":0.0,"event_name":"The Joust","player_choice":"Bet on Murderer","floor":20.0,"gold_loss":50.0,"damage_taken":0.0},{"damage_healed":0.0,"max_hp_gain":0.0,"max_hp_loss":0.0,"gold_gain":0.0,"event_name":"The Mausoleum","player_choice":"Ignored","floor":28.0,"gold_loss":0.0,"damage_taken":0.0},{"damage_healed":0.0,"max_hp_gain":0.0,"max_hp_loss":0.0,"gold_gain":0.0,"event_name":"SensoryStone","player_choice":"Memory 2","floor":36.0,"gold_loss":0.0,"damage_taken":5.0},{"damage_healed":0.0,"max_hp_gain":0.0,"max_hp_loss":0.0,"gold_gain":0.0,"event_name":"WeMeetAgain","player_choice":"Paid Gold","floor":37.0,"gold_loss":100.0,"damage_taken":0.0,"relics_obtained":["Tiny Chest"]},{"damage_healed":0.0,"max_hp_gain":0.0,"max_hp_loss":0.0,"gold_gain":0.0,"event_name":"MindBloom","player_choice":"Fight","floor":46.0,"gold_loss":0.0,"damage_taken":0.0}],"is_beta":false,"boss_relics":[{"not_picked":["Eternal Feather","FrozenCore"],"picked":"Empty Cage"},{"not_picked":["Calling Bell","Coffee Dripper"],"picked":"Lizard Tail"}],"items_purged_floors":[],"is_endless":false,"potions_floor_spawned":[1,8,13,21,31,33,39,44,46],"ascension_level":15}