{"gold_per_floor":[111,111,127,77,77,77,87,5,31,41,71,71],"floor_reached":12,"playtime":744,"items_purged":[],"score":133,"play_id":"d2552999-e77f-4709-86c1-46cd68cc9547","local_time":"20190107092037","is_ascension_mode":true,"campfire_choices":[{"data":"Neutralize","floor":6,"key":"SMITH"}],"neow_cost":"NONE","seed_source_timestamp":286722187539867,"circlet_count":0,"master_deck":["AscendersBane","Defend_G","Defend_G","Defend_G","Defend_G","Defend_G","Strike_G","Strike_G","Strike_G","Survivor","Neutralize+1","Panacea","Crippling Poison","Blade Dance","Well Laid Plans","Footwork","Burst","Dagger Spray"],"special_seed":0,"relics":["Ring of the Snake","Ancient Tea Set"],"potions_floor_usage":[11],"damage_taken":[{"damage":4,"enemies":"Small Slimes","floor":1,"turns":4},{"damage":2,"enemies":"2 Louse","floor":3,"turns":2},{"damage":0,"enemies":"Cultist","floor":7,"turns":5},{"damage":10,"enemies":"2 Fungi Beasts","floor":10,"turns":4},{"damage":40,"enemies":"Gremlin Nob","floor":11,"turns":6},{"damage":9,"enemies":"3 Louse","floor":12,"turns":1}],"seed_played":"-3378984178289808470","potions_obtained":[{"floor":3,"key":"SkillPotion"},{"floor":7,"key":"Ancient Potion"},{"floor":10,"key":"Poison Potion"}],"is_trial":false,"path_per_floor":["M","?","M","?","?","R","M","$","T","M","E","M"],"character_chosen":"THE_SILENT","items_purchased":["Footwork"],"campfire_rested":0,"item_purchase_floors":[8],"current_hp_per_floor":[55,60,58,58,58,58,58,58,58,48,8,0],"gold":71,"neow_bonus":"RANDOM_COLORLESS","is_prod":false,"is_daily":false,"chose_seed":false,"campfire_upgraded":1,"win_rate":0,"timestamp":1546870837,"path_taken":["M","?","M","?","?","R","?","$","T","M","E","M"],"build_version":"2019-01-03v4","purchased_purges":0,"victory":false,"max_hp_per_floor":[66,71,71,71,71,71,71,71,71,71,71,71],"card_choices":[{"not_picked":["Concentrate","Skewer"],"picked":"Crippling Poison","floor":1},{"not_picked":["Outmaneuver","Deflect"],"picked":"Blade Dance","floor":3},{"not_picked":["Underhanded Strike","Acrobatics"],"picked":"Well Laid Plans","floor":7},{"not_picked":["Concentrate","Outmaneuver"],"picked":"Burst","floor":10},{"not_picked":["Underhanded Strike","Blade Dance"],"picked":"Dagger Spray","floor":11}],"player_experience":2163738,"relics_obtained":[{"floor":11,"key":"Ancient Tea Set"}],"event_choices":[{"damage_healed":0,"gold_gain":0,"player_choice":"Donut","damage_taken":0,"max_hp_gain":5,"max_hp_loss":0,"event_name":"Big Fish","floor":2,"gold_loss":0},{"cards_removed":["Strike_G"],"damage_healed":0,"gold_gain":0,"player_choice":"Card Removal","damage_taken":0,"max_hp_gain":0,"max_hp_loss":0,"event_name":"The Cleric","floor":4,"gold_loss":50},{"cards_removed":["Strike_G"],"damage_healed":0,"gold_gain":0,"player_choice":"Offered Basic","damage_taken":0,"max_hp_gain":0,"max_hp_loss":0,"event_name":"Bonfire Elementals","floor":5,"gold_loss":0}],"is_beta":false,"boss_relics":[],"items_purged_floors":[],"is_endless":false,"potions_floor_spawned":[3,7,10],"killed_by":"3 Louse","ascension_level":14}