{"gold_per_floor":[115,131,150,169,169,200,200,14,14,30,30,30,47,82,82,157,157,170,188,200,73,73,105,20,20,43,54,54,69,69,80,80,154,154,171,188,201,221,238,268,8,8,8,8,26,26,61,61,61,61],"floor_reached":51,"playtime":6485,"items_purged":["Strike_G","Strike_G"],"score":1259,"play_id":"5c3b6f38-2657-46f4-b51c-cb86633a6427","local_time":"20190304001935","is_ascension_mode":true,"campfire_choices":[{"data":"Noxious Fumes","floor":7.0,"key":"SMITH"},{"floor":12.0,"key":"REST"},{"data":"Apotheosis","floor":15.0,"key":"SMITH"},{"floor":28.0,"key":"REST"},{"floor":32.0,"key":"REST"},{"floor":44.0,"key":"REST"},{"floor":46,"key":"REST"},{"floor":49,"key":"REST"}],"neow_cost":"NONE","seed_source_timestamp":1075141281772855,"circlet_count":0,"master_deck":["AscendersBane","Defend_G","Defend_G","Defend_G","Defend_G","Defend_G","Strike_G+1","Strike_G+1","Survivor","Neutralize+1","Deadly Poison","Noxious Fumes+1","Footwork","Deflect","Skewer","Apotheosis+1","Glass Knife","PiercingWail","Blade Dance","Die Die Die","Backflip","Well Laid Plans","Cloak And Dagger+1","Bouncing Flask","Writhe","Deflect","Terror","Blur","Adrenaline","Blur","Dodge and Roll","Deflect","Cloak And Dagger","Deflect","Poisoned Stab","Noxious Fumes","Die Die Die","Parasite","Catalyst+1","Die Die Die","Madness","Madness"],"special_seed":0,"relics":["Ring of the Snake","Juzu Bracelet","Meat on the Bone","Dead Branch","Cursed Key","Oddly Smooth Stone","Ninja Scroll","Orichalcum","Orrery","Whetstone","The Specimen","Letter Opener"],"potions_floor_usage":[45,47],"damage_taken":[{"damage":7.0,"enemies":"Jaw Worm","floor":1.0,"turns":4.0},{"damage":0.0,"enemies":"Cultist","floor":2.0,"turns":5.0},{"damage":0.0,"enemies":"2 Louse","floor":3.0,"turns":3.0},{"damage":4.0,"enemies":"Looter","floor":4.0,"turns":4.0},{"damage":16.0,"enemies":"Gremlin Nob","floor":6.0,"turns":5.0},{"damage":18.0,"enemies":"Large Slime","floor":10.0,"turns":6.0},{"damage":0.0,"enemies":"Red Slaver","floor":13.0,"turns":4.0},{"damage":20.0,"enemies":"3 Sentries","floor":14.0,"turns":7.0},{"damage":25.0,"enemies":"The Guardian","floor":16.0,"turns":12.0},{"damage":0.0,"enemies":"Spheric Guardian","floor":18.0,"turns":4.0},{"damage":19.0,"enemies":"3 Byrds","floor":19.0,"turns":5.0},{"damage":3.0,"enemies":"3 Cultists","floor":20.0,"turns":4.0},{"damage":6.0,"enemies":"Slavers","floor":23.0,"turns":7.0},{"damage":0.0,"enemies":"Snake Plant","floor":27.0,"turns":3.0},{"damage":0.0,"enemies":"Cultist and Chosen","floor":29.0,"turns":4.0},{"damage":7.0,"enemies":"Chosen and Byrds","floor":31.0,"turns":4.0},{"damage":27.0,"enemies":"Automaton","floor":33.0,"turns":10.0},{"damage":5.0,"enemies":"Orb Walker","floor":35.0,"turns":4.0},{"damage":0.0,"enemies":"3 Shapes","floor":36.0,"turns":6.0},{"damage":2.0,"enemies":"Transient","floor":37.0,"turns":5.0},{"damage":28.0,"enemies":"Spire Growth","floor":38.0,"turns":5.0},{"damage":0.0,"enemies":"Sphere and 2 Shapes","floor":39.0,"turns":5.0},{"damage":26.0,"enemies":"Giant Head","floor":40.0,"turns":8.0},{"damage":0,"enemies":"Writhing Mass","floor":45,"turns":7},{"damage":15,"enemies":"Nemesis","floor":47,"turns":7},{"damage":39,"enemies":"Awakened One","floor":50,"turns":15}],"seed_played":"-1598383828279861028","potions_obtained":[{"floor":2.0,"key":"GamblersBrew"},{"floor":4.0,"key":"Ancient Potion"},{"floor":6.0,"key":"Explosive Potion"},{"floor":14.0,"key":"SteroidPotion"},{"floor":16.0,"key":"Energy Potion"},{"floor":20.0,"key":"Poison Potion"},{"floor":23.0,"key":"SteroidPotion"},{"floor":27.0,"key":"Explosive Potion"},{"floor":37.0,"key":"Swift Potion"},{"floor":39.0,"key":"Energy Potion"},{"floor":45,"key":"PowerPotion"}],"is_trial":false,"path_per_floor":["M","M","M","M","?","E","R","$","T","M","$","R","M","E","R","B",null,"M","M","M","$","?","E","?","$","T","M","R","M","$","M","R","B",null,"M","M","M","M","M","E","$","?","T","R","M","R","E","?","R","B",null],"character_chosen":"THE_SILENT","items_purchased":["Apotheosis","Explosive Potion","Die Die Die"],"campfire_rested":6,"item_purchase_floors":[8,21,41],"current_hp_per_floor":[52,52,52,48,48,32,32,32,32,26,26,45,45,37,37,24,56,56,37,34,34,16,22,22,22,22,34,55,55,55,48,69,42,64,59,59,57,41,41,27,27,27,27,48,48,69,54,41,62,35],"gold":61,"neow_bonus":"UPGRADE_CARD","is_prod":false,"is_daily":false,"chose_seed":false,"campfire_upgraded":2,"win_rate":0,"timestamp":1551676775,"path_taken":["M","M","M","M","?","E","R","$","T","M","$","R","M","E","R","BOSS","M","M","M","$","?","E","?","?","T","M","R","M","$","M","R","BOSS","M","M","M","M","M","E","$","?","T","R","M","R","E","?","R","BOSS"],"build_version":"2019-01-23","purchased_purges":2,"victory":true,"max_hp_per_floor":[66,66,66,66,66,66,66,66,66,66,66,66,66,66,66,66,66,66,66,66,66,71,71,71,71,71,71,71,71,71,71,71,71,71,71,71,71,71,71,71,71,71,71,71,71,71,71,71,71,71],"card_choices":[{"not_picked":["Cloak And Dagger","Outmaneuver"],"picked":"Deadly Poison","floor":1.0},{"not_picked":["Concentrate","Flying Knee"],"picked":"Noxious Fumes","floor":2.0},{"not_picked":["Outmaneuver","Dagger Spray"],"picked":"Footwork","floor":3.0},{"not_picked":["Slice","Caltrops"],"picked":"Deflect","floor":4.0},{"not_picked":["Deadly Poison","Bane"],"picked":"Skewer","floor":6.0},{"not_picked":["Dodge and Roll","Outmaneuver"],"picked":"Glass Knife","floor":10.0},{"not_picked":["Cloak And Dagger","Calculated Gamble"],"picked":"PiercingWail","floor":13.0},{"not_picked":["Infinite Blades","Bullet Time"],"picked":"Blade Dance","floor":14.0},{"not_picked":["Venomology","Phantasmal Killer"],"picked":"Die Die Die","floor":16.0},{"not_picked":["Deadly Poison","Slice"],"picked":"Backflip","floor":18.0},{"not_picked":["Dagger Throw","Sucker Punch"],"picked":"Well Laid Plans","floor":19.0},{"not_picked":["Dagger Throw+1","Venomology"],"picked":"Cloak And Dagger+1","floor":20.0},{"not_picked":["Infinite Blades+1","Deflect"],"picked":"Bouncing Flask","floor":23.0},{"not_picked":["Reflex","Expertise+1"],"picked":"Deflect","floor":27.0},{"not_picked":["Riddle With Holes","Infinite Blades"],"picked":"Terror","floor":29.0},{"not_picked":["Sucker Punch","Leg Sweep"],"picked":"Blur","floor":31.0},{"not_picked":["Unload","Glass Knife"],"picked":"Adrenaline","floor":33.0},{"not_picked":["Dash","Reflex"],"picked":"Blur","floor":34.0},{"not_picked":["Blade Dance","Accuracy"],"picked":"Dodge and Roll","floor":34.0},{"not_picked":["Caltrops","Dagger Spray"],"picked":"Deflect","floor":34.0},{"not_picked":["Masterful Stab","Deadly Poison"],"picked":"Cloak And Dagger","floor":34.0},{"not_picked":["Dash+1","Bane","Bullet Time"],"picked":"SKIP","floor":35.0},{"not_picked":["Deadly Poison","Quick Slash"],"picked":"Deflect","floor":36.0},{"not_picked":["Dagger Throw","Slice","Dash"],"picked":"SKIP","floor":37.0},{"not_picked":["Acrobatics","Flying Knee+1"],"picked":"Poisoned Stab","floor":38.0},{"not_picked":["Dash","Bullet Time"],"picked":"Noxious Fumes","floor":39.0},{"not_picked":["All Out Attack","Poisoned Stab","Dagger Throw"],"picked":"SKIP","floor":40.0},{"not_picked":["Blade Dance+1","Dodge and Roll"],"picked":"Catalyst+1","floor":45},{"not_picked":["Bouncing Flask","Flechettes+1"],"picked":"Die Die Die","floor":47}],"player_experience":2332850,"relics_obtained":[{"floor":6.0,"key":"Juzu Bracelet"},{"floor":9.0,"key":"Meat on the Bone"},{"floor":14.0,"key":"Dead Branch"},{"floor":23.0,"key":"Oddly Smooth Stone"},{"floor":26.0,"key":"Orichalcum"},{"floor":40.0,"key":"Whetstone"},{"floor":43.0,"key":"The Specimen"},{"floor":47,"key":"Letter Opener"}],"event_choices":[{"cards_removed":["Strike_G"],"damage_healed":0.0,"max_hp_gain":0.0,"max_hp_loss":0.0,"gold_gain":0.0,"event_name":"Purifier","player_choice":"Purged","floor":5.0,"gold_loss":0.0,"damage_taken":0.0},{"damage_healed":0.0,"max_hp_gain":5.0,"max_hp_loss":0.0,"gold_gain":0.0,"event_name":"Forgotten Altar","player_choice":"Shed Blood","floor":22.0,"gold_loss":0.0,"damage_taken":23.0},{"damage_healed":0.0,"max_hp_gain":0.0,"max_hp_loss":0.0,"gold_gain":0.0,"event_name":"Addict","player_choice":"Obtained Relic","floor":24.0,"gold_loss":85.0,"damage_taken":0.0,"relics_obtained":["Ninja Scroll"]},{"damage_healed":0.0,"max_hp_gain":0.0,"max_hp_loss":0.0,"gold_gain":0.0,"event_name":"The Moai Head","player_choice":"Ignored","floor":42.0,"gold_loss":0.0,"damage_taken":0.0},{"damage_healed":0,"gold_gain":0,"player_choice":"Embrace Madness","damage_taken":13,"max_hp_gain":0,"max_hp_loss":0,"event_name":"Winding Halls","floor":48,"gold_loss":0,"cards_obtained":["Madness","Madness"]}],"is_beta":false,"boss_relics":[{"not_picked":["White Beast Statue","Black Star"],"picked":"Cursed Key"},{"not_picked":["WristBlade","Pandora\u0027s Box"],"picked":"Orrery"}],"items_purged_floors":[21,41],"is_endless":false,"potions_floor_spawned":[2,4,6,14,16,20,23,27,37,39,45],"ascension_level":15}