{"gold_per_floor":[109,109,38,38,1,28,28,63,112,126,126,126,126,126,126,223,223,243,256,0,12,12],"floor_reached":22,"playtime":707,"items_purged":[],"score":240,"play_id":"d72d45c1-ec61-4989-b568-18c9d67df8ea","local_time":"20190930085033","is_ascension_mode":false,"campfire_choices":[{"floor":7,"key":"RECALL"},{"floor":13,"key":"REST"},{"floor":15,"key":"REST"}],"neow_cost":"NONE","seed_source_timestamp":543318478062751,"circlet_count":0,"master_deck":["Strike_P+1","Strike_P","Strike_P","Strike_P","Defend_P","Defend_P","Defend_P","Defend_P","Eruption+1","Vigilance","Weave","CarveReality","SandsOfTime","FollowUp","Weave","Tantrum","Parasite","Regret","DevaForm","ThirdEye+1","EmptyMind","Halt"],"relics":["PureWater","NeowsBlessing","Pantograph","Darkstone Periapt","Matryoshka","Ancient Tea Set","Fusion Hammer"],"potions_floor_usage":[18,18,19],"damage_taken":[{"damage":7,"enemies":"Small Slimes","floor":1,"turns":2},{"damage":0,"enemies":"Gremlin Nob","floor":6,"turns":1},{"damage":0,"enemies":"Lagavulin","floor":8,"turns":1},{"damage":14,"enemies":"Jaw Worm","floor":10,"turns":4},{"damage":27,"enemies":"Slime Boss","floor":16,"turns":9},{"damage":36,"enemies":"2 Thieves","floor":18,"turns":4},{"damage":30,"enemies":"3 Byrds","floor":19,"turns":8},{"damage":17,"enemies":"3 Cultists","floor":21,"turns":5},{"damage":3,"enemies":"Centurion and Healer","floor":22,"turns":1}],"seed_played":"-4973968263445296773","potions_obtained":[{"floor":1,"key":"SteroidPotion"},{"floor":8,"key":"Block Potion"},{"floor":16,"key":"Fire Potion"},{"floor":19,"key":"Weak Potion"},{"floor":21,"key":"Dexterity Potion"}],"is_trial":false,"path_per_floor":["M","?","$","?","$","E","R","E","T","M","?","?","R","?","R","B",null,"M","M","?","M","M"],"character_chosen":"WATCHER","items_purchased":["CarveReality","SandsOfTime"],"campfire_rested":2,"item_purchase_floors":[3,5],"current_hp_per_floor":[65,51,51,51,51,51,51,51,51,37,61,67,84,72,84,57,84,48,18,18,1,0],"gold":12,"neow_bonus":"THREE_ENEMY_KILL","is_prod":false,"is_daily":false,"chose_seed":false,"campfire_upgraded":0,"win_rate":0.0,"timestamp":1569844233,"path_taken":["M","?","$","?","$","E","R","E","T","M","?","?","R","?","R","BOSS","M","M","?","M","M"],"build_version":"2019-09-27","purchased_purges":0,"victory":false,"max_hp_per_floor":[72,72,72,72,72,72,72,72,72,72,78,84,84,84,84,84,84,84,84,84,84,84],"card_choices":[{"not_picked":["WindmillStrike","WheelKick"],"picked":"Weave","floor":1},{"not_picked":["Indignation","ClearTheMind"],"picked":"FollowUp","floor":6},{"not_picked":["Blasphemy","Tantrum"],"picked":"Weave","floor":8},{"not_picked":["ThirdEye","EmptyBody"],"picked":"Tantrum","floor":10},{"not_picked":["ConjureBlade","SignatureMove"],"picked":"DevaForm","floor":16},{"not_picked":["CrushJoints+1","ClearTheMind"],"picked":"ThirdEye+1","floor":18},{"not_picked":["Devotion","CutThroughFate"],"picked":"EmptyMind","floor":19},{"not_picked":["Meditate","BowlingBash"],"picked":"Halt","floor":21}],"player_experience":431167,"relics_obtained":[{"floor":6,"key":"Pantograph"},{"floor":8,"key":"Darkstone Periapt"}],"event_choices":[{"damage_healed":0,"gold_gain":0,"player_choice":"Entered Light","damage_taken":14,"max_hp_gain":0,"max_hp_loss":0,"event_name":"Shining Light","floor":2,"gold_loss":0,"cards_upgraded":["Strike_P","Eruption"]},{"damage_healed":0,"gold_gain":0,"player_choice":"Ignored","damage_taken":0,"max_hp_gain":0,"max_hp_loss":0,"event_name":"Golden Wing","floor":4,"gold_loss":0},{"damage_healed":18,"gold_gain":0,"player_choice":"Healed and dodged fight","damage_taken":0,"max_hp_gain":0,"max_hp_loss":0,"event_name":"Mushrooms","floor":11,"gold_loss":0,"cards_obtained":["Parasite"]},{"damage_healed":0,"gold_gain":0,"player_choice":"Box","damage_taken":0,"relics_obtained":["Matryoshka"],"max_hp_gain":0,"max_hp_loss":0,"event_name":"Big Fish","floor":12,"gold_loss":0,"cards_obtained":["Regret"]},{"damage_healed":0,"gold_gain":0,"player_choice":"Success","damage_taken":12,"relics_obtained":["Ancient Tea Set"],"max_hp_gain":0,"max_hp_loss":0,"event_name":"Scrap Ooze","floor":14,"gold_loss":0},{"damage_healed":0,"gold_gain":0,"player_choice":"Paid Fearfully","damage_taken":0,"max_hp_gain":0,"max_hp_loss":0,"event_name":"Masked Bandits","floor":20,"gold_loss":256}],"is_beta":true,"boss_relics":[{"not_picked":["Busted Crown","Sozu"],"picked":"Fusion Hammer"}],"items_purged_floors":[],"is_endless":false,"potions_floor_spawned":[1,8,16,19,21],"killed_by":"Centurion and Healer","ascension_level":0}