{"gold_per_floor":[119,119,0,0,20,55,55,94,94,138,138,161,161,182,182,271,271,290,308,233,96,96,96,115,115],"floor_reached":25,"playtime":1735,"items_purged":["Injury"],"score":476,"play_id":"0d4a2e65-0afb-4e03-adb8-5b75e701dfcb","local_time":"20190704164235","is_ascension_mode":true,"campfire_choices":[{"data":"Noxious Fumes","floor":7.0,"key":"SMITH"},{"floor":11,"key":"REST"},{"data":"Neutralize","floor":13,"key":"SMITH"},{"data":"Noxious Fumes","floor":15,"key":"SMITH"},{"floor":23,"key":"REST"}],"neow_cost":"NONE","seed_source_timestamp":76452211372829,"circlet_count":0,"master_deck":["AscendersBane","Defend_G","Defend_G","Defend_G","Defend_G","Defend_G","Strike_G","Strike_G","Strike_G","Strike_G","Survivor","Neutralize+1","Crippling Poison","Noxious Fumes+1","Deadly Poison","Flying Knee","Deflect+1","Dodge and Roll+1","Backstab","Noxious Fumes+1","Venomology+1","Deflect+1","Catalyst+1","Envenom","Dodge and Roll+1","Deadly Poison+1"],"special_seed":0,"relics":["Ring of the Snake","NeowsBlessing","Golden Idol","Torii","Toxic Egg 2","Ornamental Fan"],"potions_floor_usage":[8,18,19,19,24,25,25],"damage_taken":[{"damage":0.0,"enemies":"Small Slimes","floor":1.0,"turns":1.0},{"damage":0.0,"enemies":"Jaw Worm","floor":5.0,"turns":1.0},{"damage":0.0,"enemies":"3 Sentries","floor":6.0,"turns":2.0},{"damage":22,"enemies":"Lagavulin","floor":8,"turns":7},{"damage":16,"enemies":"Gremlin Nob","floor":10,"turns":4},{"damage":0,"enemies":"Cultist","floor":12,"turns":4},{"damage":1,"enemies":"Large Slime","floor":14,"turns":6},{"damage":32,"enemies":"Slime Boss","floor":16,"turns":9},{"damage":9,"enemies":"2 Thieves","floor":18,"turns":5},{"damage":7,"enemies":"Spheric Guardian","floor":19,"turns":5},{"damage":22,"enemies":"Shelled Parasite and Fungi","floor":24,"turns":5},{"damage":52,"enemies":"Gremlin Leader","floor":25,"turns":5}],"seed_played":"-5504512670298402726","potions_obtained":[{"floor":1.0,"key":"Strength Potion"},{"floor":8,"key":"FairyPotion"},{"floor":14,"key":"Energy Potion"},{"floor":16,"key":"FearPotion"},{"floor":18,"key":"EssenceOfSteel"}],"is_trial":false,"path_per_floor":["M","?","$","?","M","E","R","E","T","E","R","M","R","M","R","B",null,"M","M","?","$","?","R","M","E"],"character_chosen":"THE_SILENT","items_purchased":["Noxious Fumes","Envenom","Dodge and Roll+1"],"campfire_rested":2,"item_purchase_floors":[3,21,21],"current_hp_per_floor":[59,59,59,59,59,59,59,37,37,21,40,40,40,39,39,7,51,42,35,35,35,29,48,41,0],"gold":115,"neow_bonus":"THREE_ENEMY_KILL","is_prod":false,"is_daily":false,"chose_seed":false,"campfire_upgraded":3,"win_rate":0,"timestamp":1562272955,"path_taken":["M","?","$","?","M","E","R","E","T","E","R","M","R","?","R","BOSS","M","M","?","$","?","R","?","E"],"build_version":"2019-01-23","purchased_purges":1,"victory":false,"max_hp_per_floor":[66,66,66,66,66,66,66,66,66,66,66,66,66,66,66,66,66,66,66,66,66,66,66,66,66],"card_choices":[{"not_picked":["Caltrops","Slice"],"picked":"Crippling Poison","floor":1.0},{"not_picked":["Dagger Throw","Outmaneuver"],"picked":"Deadly Poison","floor":5.0},{"not_picked":["Underhanded Strike","Sucker Punch"],"picked":"Flying Knee","floor":6.0},{"not_picked":["Reflex","Slice"],"picked":"Deflect","floor":8},{"not_picked":["Blade Dance+1","All Out Attack"],"picked":"Dodge and Roll+1","floor":10},{"not_picked":["Dash","Accuracy"],"picked":"Backstab","floor":12},{"not_picked":["Dodge and Roll+1","Acrobatics+1"],"picked":"Noxious Fumes","floor":14},{"not_picked":["Grand Finale","Die Die Die"],"picked":"Venomology+1","floor":16},{"not_picked":["Acrobatics+1","Riddle With Holes"],"picked":"Deflect+1","floor":18},{"not_picked":["Expertise+1","Concentrate+1"],"picked":"Catalyst+1","floor":19},{"not_picked":["Caltrops","Outmaneuver+1"],"picked":"Deadly Poison+1","floor":24}],"player_experience":2670204,"relics_obtained":[{"floor":6.0,"key":"Torii"},{"floor":8,"key":"Toxic Egg 2"},{"floor":10,"key":"Ornamental Fan"}],"event_choices":[{"damage_healed":0.0,"max_hp_gain":0.0,"max_hp_loss":0.0,"gold_gain":0.0,"event_name":"Golden Idol","player_choice":"Take Wound","floor":2.0,"gold_loss":0.0,"damage_taken":0.0,"relics_obtained":["Golden Idol"],"cards_obtained":["Injury"]},{"damage_healed":0.0,"max_hp_gain":0.0,"max_hp_loss":0.0,"gold_gain":0.0,"event_name":"The Cleric","player_choice":"Leave","floor":4.0,"gold_loss":0.0,"damage_taken":0.0},{"cards_removed":["Strike_G"],"damage_healed":0,"gold_gain":0,"player_choice":"Gave Gold","damage_taken":0,"max_hp_gain":0,"max_hp_loss":0,"event_name":"Beggar","floor":20,"gold_loss":75},{"damage_healed":0,"gold_gain":0,"player_choice":"","damage_taken":6,"max_hp_gain":0,"max_hp_loss":0,"event_name":"Knowing Skull","floor":22,"potions_obtained":[],"gold_loss":0,"cards_obtained":[]},{"damage_healed":0,"gold_gain":0,"player_choice":"","damage_taken":6,"max_hp_gain":0,"max_hp_loss":0,"event_name":"Knowing Skull","floor":22,"potions_obtained":[],"gold_loss":0,"cards_obtained":[]}],"is_beta":false,"boss_relics":[{"not_picked":["Sozu","Runic Dome","Calling Bell"]}],"items_purged_floors":[3],"is_endless":false,"potions_floor_spawned":[1,8,14,16,18],"killed_by":"Gremlin Leader","ascension_level":19}