{"gold_per_floor":[10,24,34,44,61,61,81,99,99,109,109,120,120,153,153,224,224,237,257,257,272,21,21,49,63,63,82,82,102,102,17,17,17],"floor_reached":33,"playtime":2423,"items_purged":[],"score":550,"play_id":"c52734ca-4f60-4cde-8a7b-da86c9de15ac","local_time":"20190813200809","is_ascension_mode":true,"campfire_choices":[{"floor":6.0,"key":"REST"},{"data":"Disarm","floor":11.0,"key":"SMITH"},{"floor":13.0,"key":"REST"},{"data":"Spot Weakness","floor":15.0,"key":"SMITH"},{"floor":23,"key":"REST"},{"floor":28,"key":"REST"},{"data":"True Grit","floor":32,"key":"SMITH"}],"neow_cost":"NO_GOLD","seed_source_timestamp":606525643631615,"circlet_count":0,"master_deck":["AscendersBane","Defend_R+1","Defend_R+1","Defend_R+1","Defend_R+1","Bash","Juggernaut","Flex","Pummel","Sword Boomerang","Sword Boomerang","Carnage","Anger","Spot Weakness+1","Offering","Disarm+1","Headbutt","Rampage","Impervious","Cleave+1","Immolate+1","Carnage+1","Thunderclap","Body Slam+1","Combust","True Grit+1","Bloodletting","Disarm","Metallicize","Feel No Pain","Shockwave"],"special_seed":0,"relics":["Burning Blood","Ornamental Fan","Ancient Tea Set","Astrolabe","Happy Flower","Sundial","Oddly Smooth Stone"],"potions_floor_usage":[21,24,33],"damage_taken":[{"damage":12.0,"enemies":"Jaw Worm","floor":1.0,"turns":3.0},{"damage":13.0,"enemies":"Cultist","floor":2.0,"turns":5.0},{"damage":12.0,"enemies":"2 Louse","floor":3.0,"turns":3.0},{"damage":31.0,"enemies":"Lots of Slimes","floor":4.0,"turns":6.0},{"damage":14.0,"enemies":"3 Louse","floor":5.0,"turns":4.0},{"damage":17.0,"enemies":"Large Slime","floor":7.0,"turns":5.0},{"damage":5.0,"enemies":"2 Fungi Beasts","floor":8.0,"turns":4.0},{"damage":6.0,"enemies":"Looter","floor":10.0,"turns":1.0},{"damage":0.0,"enemies":"Exordium Wildlife","floor":12.0,"turns":3.0},{"damage":23.0,"enemies":"Lagavulin","floor":14.0,"turns":5.0},{"damage":38.0,"enemies":"The Guardian","floor":16.0,"turns":9.0},{"damage":24.0,"enemies":"Chosen","floor":18.0,"turns":6.0},{"damage":36.0,"enemies":"3 Byrds","floor":19.0,"turns":3.0},{"damage":2,"enemies":"Snecko","floor":21,"turns":5},{"damage":13,"enemies":"Slavers","floor":24,"turns":3},{"damage":6,"enemies":"3 Cultists","floor":25,"turns":3},{"damage":14,"enemies":"Centurion and Healer","floor":27,"turns":2},{"damage":9,"enemies":"Snecko","floor":29,"turns":4},{"damage":46,"enemies":"Champ","floor":33,"turns":10}],"seed_played":"8800991703344076801","potions_obtained":[{"floor":3.0,"key":"PowerPotion"},{"floor":7.0,"key":"BloodPotion"},{"floor":8.0,"key":"GamblersBrew"},{"floor":10.0,"key":"SkillPotion"},{"floor":18.0,"key":"Energy Potion"},{"floor":19.0,"key":"SpeedPotion"},{"floor":24,"key":"Poison Potion"}],"is_trial":false,"path_per_floor":["M","M","M","M","M","R","M","M","T","M","R","M","R","E","R","B",null,"M","M","?","M","$","R","E","M","T","M","R","M","?","$","R","B"],"character_chosen":"IRONCLAD","items_purchased":["Happy Flower","True Grit","PowerPotion","Shockwave"],"campfire_rested":4,"item_purchase_floors":[22,22,22,31],"current_hp_per_floor":[62,55,49,24,16,38,27,35,35,35,35,41,63,46,46,14,60,42,12,12,16,16,38,31,31,31,23,45,42,42,42,42,0],"gold":17,"neow_bonus":"TRANSFORM_TWO_CARDS","is_prod":false,"is_daily":false,"chose_seed":false,"campfire_upgraded":3,"win_rate":0,"timestamp":1565741289,"path_taken":["M","M","M","M","M","R","M","M","T","M","R","M","R","E","R","BOSS","M","M","?","M","$","R","E","M","T","M","R","M","?","?","R","BOSS"],"build_version":"2019-01-23","purchased_purges":0,"victory":false,"max_hp_per_floor":[75,75,75,75,75,75,75,75,75,75,75,75,75,75,75,75,75,75,75,75,75,75,75,75,75,75,75,75,75,75,75,75,75],"card_choices":[{"not_picked":["Armaments","True Grit"],"picked":"Pummel","floor":1.0},{"not_picked":["Rupture","Clash"],"picked":"Sword Boomerang","floor":2.0},{"not_picked":["Pommel Strike","Fire Breathing"],"picked":"Sword Boomerang","floor":3.0},{"not_picked":["Havoc","Corruption"],"picked":"Carnage","floor":4.0},{"not_picked":["Sever Soul","True Grit"],"picked":"Anger","floor":5.0},{"not_picked":["Cleave","Clothesline"],"picked":"Spot Weakness","floor":7.0},{"not_picked":["True Grit","Pommel Strike"],"picked":"Offering","floor":8.0},{"not_picked":["Inflame","Thunderclap"],"picked":"Disarm","floor":10.0},{"not_picked":["Inflame","Feel No Pain"],"picked":"Headbutt","floor":12.0},{"not_picked":["Power Through","Anger"],"picked":"Rampage","floor":14.0},{"not_picked":["Double Tap","Berserk"],"picked":"Impervious","floor":16.0},{"not_picked":["Sever Soul","Searing Blow"],"picked":"Thunderclap","floor":18.0},{"not_picked":["Sword Boomerang","Uppercut"],"picked":"Body Slam+1","floor":19.0},{"not_picked":["Pommel Strike","Headbutt"],"picked":"Combust","floor":21},{"not_picked":["Dual Wield","Havoc"],"picked":"Bloodletting","floor":24},{"not_picked":["Warcry","Fire Breathing"],"picked":"Disarm","floor":25},{"not_picked":["True Grit","Thunderclap"],"picked":"Metallicize","floor":27},{"not_picked":["Evolve","Warcry"],"picked":"Feel No Pain","floor":29}],"player_experience":2792942,"relics_obtained":[{"floor":9.0,"key":"Ornamental Fan"},{"floor":14.0,"key":"Ancient Tea Set"},{"floor":24,"key":"Sundial"},{"floor":26,"key":"Oddly Smooth Stone"}],"event_choices":[{"damage_healed":0.0,"max_hp_gain":0.0,"max_hp_loss":0.0,"gold_gain":0.0,"event_name":"Back to Basics","player_choice":"Simplicity","floor":20.0,"gold_loss":0.0,"damage_taken":0.0,"cards_upgraded":["Defend_R","Defend_R","Defend_R","Defend_R"]},{"damage_healed":0,"gold_gain":0,"player_choice":"Ignored","damage_taken":0,"max_hp_gain":0,"max_hp_loss":0,"event_name":"The Mausoleum","floor":30,"gold_loss":0}],"is_beta":false,"boss_relics":[{"not_picked":["Runic Dome","Tiny House"],"picked":"Astrolabe"}],"items_purged_floors":[],"is_endless":false,"potions_floor_spawned":[3,7,8,10,18,19,24],"killed_by":"Champ","ascension_level":20}