{"path_per_floor":["M","?","M","?","M","R","M","?","T","?","R","M","E","M","R","B",null,"M","M","M","$","?","E","R","M","T","?","$"],"character_chosen":"IRONCLAD","items_purchased":["Evolve","Master of Strategy","Shrug It Off","Metallicize"],"gold_per_floor":[114,114,138,138,154,154,175,206,231,231,231,255,296,309,309,428,428,418,437,457,140,140,170,170,189,189,239,91],"floor_reached":29,"campfire_rested":1,"playtime":2441,"current_hp_per_floor":[80,60,60,60,66,66,69,61,61,61,61,66,57,63,63,35,80,78,73,50,50,50,15,39,9,9,9,9],"items_purged":["Strike_R","Strike_R"],"gold":91,"score":245,"play_id":"098630a7-4486-4d99-885f-b1ad38be452e","is_prod":false,"is_daily":false,"is_ascension_mode":false,"campfire_upgraded":3,"path_taken":["M","?","?","?","?","R","M","?","T","?","R","M","E","?","R","BOSS","M","M","M","$","?","E","R","?","T","?","?","E"],"build_version":"2018-02-15-PROD1","purchased_purges":2,"victory":false,"master_deck":["Strike_R","Strike_R","Strike_R","Defend_R","Defend_R","Defend_R","Defend_R","Bash","Dropkick","Armaments+1","Wild Strike+1","Infernal Blade+1","Seeing Red+1","Twin Strike","Flex","Sword Boomerang","Impervious","Bloodletting+1","Armaments+1","Flex","Evolve","Master of Strategy","Warcry","Demon Form","Shrug It Off","Metallicize"],"max_hp_per_floor":[80,80,80,80,80,80,80,80,80,80,80,80,80,80,80,80,80,80,80,80,80,80,80,80,80,80,80,80],"relics":["Burning Blood","Odd Mushroom","Oddly Smooth Stone","Happy Flower","Smiling Mask","Mark of Pain","Nloth\u0027s Gift","Bag of Marbles","Ancient Tea Set"],"card_choices":[{"not_picked":["Blood for Blood","Iron Wave"],"picked":"Dropkick"},{"not_picked":["Wild Strike","Disarm"],"picked":"Armaments"},{"not_picked":["Clash","Warcry"],"picked":"Wild Strike"},{"not_picked":["Havoc","Second Wind"],"picked":"Infernal Blade"},{"not_picked":["Dropkick","Pommel Strike"],"picked":"Seeing Red"},{"not_picked":["Clash","Havoc"],"picked":"Twin Strike"},{"not_picked":["Blood for Blood","Clothesline"],"picked":"Flex"},{"not_picked":["Sentinel","Clothesline"],"picked":"Sword Boomerang"},{"not_picked":["Exhume","Double Tap"],"picked":"Impervious"},{"not_picked":["Armaments","Body Slam"],"picked":"Bloodletting"},{"not_picked":["Headbutt","Flex"],"picked":"Armaments"},{"not_picked":["Reckless Charge","Sword Boomerang"],"picked":"Flex"},{"not_picked":["Clash","Rupture"],"picked":"Warcry"},{"not_picked":["Pommel Strike","Burning Pact"],"picked":"Demon Form"}],"player_experience":123945,"potions_floor_usage":[13,16,16,16,23,29],"damage_taken":[{"damage":5.0,"enemies":"Cultist","floor":1.0,"turns":4.0},{"damage":6.0,"enemies":"Jaw Worm","floor":3.0,"turns":3.0},{"damage":0.0,"enemies":"2 Louse","floor":5.0,"turns":3.0},{"damage":3.0,"enemies":"Red Slaver","floor":7.0,"turns":4.0},{"damage":14.0,"enemies":"The Mushroom Lair","floor":8.0,"turns":6.0},{"damage":1,"enemies":"Blue Slaver","floor":12,"turns":2},{"damage":15,"enemies":"Lagavulin","floor":13,"turns":4},{"damage":0,"enemies":"2 Fungi Beasts","floor":14,"turns":2},{"damage":34,"enemies":"Hexaghost","floor":16,"turns":8},{"damage":8,"enemies":"2 Thieves","floor":18,"turns":4},{"damage":11,"enemies":"Chosen","floor":19,"turns":6},{"damage":29,"enemies":"Snake Plant","floor":20,"turns":6},{"damage":41,"enemies":"Slavers","floor":23,"turns":6},{"damage":36,"enemies":"Cultist and Chosen","floor":25,"turns":9},{"damage":16,"enemies":"Gremlin Leader","floor":29,"turns":2}],"event_choices":[{"event_name":"Golden Idol","player_choice":"Take Damage","floor":2.0,"damage_taken":0.0},{"event_name":"Upgrade Shrine","player_choice":"Upgraded","floor":4.0,"damage_taken":0.0},{"event_name":"Mushrooms","player_choice":"Fought Mushrooms","floor":8.0,"damage_taken":0.0},{"event_name":"Wheel of Change","player_choice":"Relic","floor":10.0,"damage_taken":0.0},{"event_name":"N\u0027loth","player_choice":"Traded a Golden Idol","floor":22,"damage_taken":0},{"event_name":"The Joust","player_choice":"Bet on Murderer","floor":27,"damage_taken":0}],"boss_relics":[{"not_picked":["Black Star","Velvet Choker"],"picked":"Mark of Pain"}],"potions_floor_spawned":[1,8,12,13,18,25],"seed_played":"1590807055978940073","killed_by":"Gremlin Leader","ascension_level":0,"is_trial":false}