{"gold_per_floor":[118,37,53,70,85,112,112,68,68,81,101,116,191,202,202,202],"floor_reached":16,"playtime":1114,"items_purged":[],"score":212,"play_id":"73b98f94-99c8-4d46-86f4-eea31873fb11","local_time":"20190724210323","is_ascension_mode":true,"campfire_choices":[{"data":"Uppercut","floor":7,"key":"SMITH"},{"floor":15,"key":"REST"}],"neow_cost":"NONE","seed_source_timestamp":383838869031360,"circlet_count":0,"master_deck":["AscendersBane","Strike_R","Strike_R","Strike_R","Strike_R","Strike_R","Defend_R","Defend_R","Defend_R","Defend_R","Bash","Iron Wave","Flame Barrier","Headbutt","Uppercut+1","Hemokinesis","Thunderclap","Bloodletting","Dropkick","Cleave","Flame Barrier","Shrug It Off"],"relics":["Burning Blood","Turnip","Question Card"],"potions_floor_usage":[1,16,16],"damage_taken":[{"damage":1,"enemies":"Cultist","floor":1,"turns":3},{"damage":2,"enemies":"2 Louse","floor":3,"turns":3},{"damage":4,"enemies":"Jaw Worm","floor":4,"turns":5},{"damage":5,"enemies":"Blue Slaver","floor":5,"turns":3},{"damage":28,"enemies":"3 Sentries","floor":6,"turns":8},{"damage":20,"enemies":"Large Slime","floor":10,"turns":6},{"damage":10,"enemies":"3 Louse","floor":11,"turns":4},{"damage":9,"enemies":"Looter","floor":12,"turns":2},{"damage":8,"enemies":"Blue Slaver","floor":14,"turns":4},{"damage":48,"enemies":"Slime Boss","floor":16,"turns":6}],"seed_played":"2151658815165380867","potions_obtained":[{"floor":0,"key":"Energy Potion"},{"floor":0,"key":"SneckoOil"},{"floor":3,"key":"GamblersBrew"},{"floor":6,"key":"FearPotion"},{"floor":11,"key":"Energy Potion"}],"is_trial":false,"path_per_floor":["M","$","M","M","M","E","R","$","T","M","M","M","?","M","R","B"],"character_chosen":"IRONCLAD","items_purchased":["Flame Barrier","Bloodletting"],"campfire_rested":1,"item_purchase_floors":[2,8],"current_hp_per_floor":[73,73,75,75,75,53,53,53,53,39,35,32,21,19,41,0],"gold":202,"neow_bonus":"THREE_SMALL_POTIONS","is_prod":false,"is_daily":false,"chose_seed":false,"campfire_upgraded":1,"win_rate":0,"timestamp":1564016603,"path_taken":["M","$","M","M","M","E","R","?","T","M","M","M","?","M","R","BOSS"],"build_version":"2019-01-23","purchased_purges":0,"victory":false,"max_hp_per_floor":[75,75,75,75,75,75,75,75,75,75,75,75,75,75,75,75],"card_choices":[{"not_picked":["Thunderclap","Power Through"],"picked":"Iron Wave","floor":1},{"not_picked":["Burning Pact","Fire Breathing"],"picked":"Headbutt","floor":3},{"not_picked":["True Grit","Anger"],"picked":"Uppercut","floor":4},{"not_picked":["Battle Trance","Rage"],"picked":"Hemokinesis","floor":5},{"not_picked":["Sentinel","Barricade"],"picked":"Thunderclap","floor":6},{"not_picked":["Pommel Strike","Havoc","Inflame"],"picked":"Dropkick","floor":10},{"not_picked":["Shrug It Off","Thunderclap","Burning Pact"],"picked":"Cleave","floor":11},{"not_picked":["Iron Wave","Perfected Strike","Twin Strike"],"picked":"Flame Barrier","floor":12},{"not_picked":["Clash","Flex","Reckless Charge"],"picked":"Shrug It Off","floor":14}],"player_experience":2729377,"relics_obtained":[{"floor":6,"key":"Turnip"},{"floor":9,"key":"Question Card"}],"event_choices":[{"damage_healed":0,"gold_gain":75,"player_choice":"Gather Gold","damage_taken":11,"max_hp_gain":0,"max_hp_loss":0,"event_name":"World of Goop","floor":13,"gold_loss":0}],"is_beta":false,"boss_relics":[],"items_purged_floors":[],"is_endless":false,"potions_floor_spawned":[3,6,10,11],"killed_by":"Slime Boss","ascension_level":20}