{"gold_per_floor":[110,122,9,24,37,37,94,94,118,118,132,82,95,111,111,185,185,204,216,131,141,64,64,93,93,120,120,130,55,72,84,84,84],"floor_reached":33,"playtime":3141,"items_purged":["Injury"],"score":474,"play_id":"0499e144-b7bc-4d29-b7ad-c263fd805ec6","local_time":"20190309202743","is_ascension_mode":true,"campfire_choices":[{"data":"Hologram","floor":6.0,"key":"SMITH"},{"data":"Fusion","floor":8.0,"key":"SMITH"},{"data":"Beam Cell","floor":10.0,"key":"SMITH"},{"data":"Streamline","floor":15.0,"key":"SMITH"},{"data":"Go for the Eyes","floor":23,"key":"SMITH"},{"floor":32,"key":"REST"}],"neow_cost":"CURSE","seed_source_timestamp":1184843624880970,"circlet_count":0,"master_deck":["AscendersBane","Strike_B","Strike_B","Strike_B","Strike_B","Defend_B+1","Defend_B+1","Defend_B","Defend_B","Zap","Dualcast","Reinforced Body","Beam Cell+1","Static Discharge","Streamline+1","Hologram+1","Fusion+1","Go for the Eyes+1","Sweeping Beam","Reboot","Meteor Strike","FTL+1","Hologram+1","Coolheaded+1","Sunder","Rainbow","Stack","Scrape","Streamline"],"special_seed":0,"relics":["Cracked Core","Pocketwatch","Tiny Chest","War Paint","Art of War","Snecko Eye","Darkstone Periapt","Letter Opener","Potion Belt"],"potions_floor_usage":[19,24,25],"damage_taken":[{"damage":0.0,"enemies":"2 Louse","floor":1.0,"turns":2.0},{"damage":0.0,"enemies":"Cultist","floor":2.0,"turns":3.0},{"damage":0.0,"enemies":"Jaw Worm","floor":4.0,"turns":3.0},{"damage":13.0,"enemies":"Blue Slaver","floor":5.0,"turns":3.0},{"damage":13.0,"enemies":"Gremlin Nob","floor":7.0,"turns":3.0},{"damage":0.0,"enemies":"Red Slaver","floor":11.0,"turns":3.0},{"damage":0.0,"enemies":"Exordium Wildlife","floor":13.0,"turns":2.0},{"damage":2.0,"enemies":"Blue Slaver","floor":14.0,"turns":2.0},{"damage":4.0,"enemies":"The Guardian","floor":16.0,"turns":9.0},{"damage":0.0,"enemies":"Shell Parasite","floor":18.0,"turns":2.0},{"damage":0,"enemies":"Spheric Guardian","floor":19,"turns":2},{"damage":0,"enemies":"Snecko","floor":21,"turns":3},{"damage":35,"enemies":"Gremlin Leader","floor":24,"turns":3},{"damage":23,"enemies":"Colosseum Slavers","floor":25,"turns":3},{"damage":0,"enemies":"Cultist and Chosen","floor":28,"turns":3},{"damage":0,"enemies":"Sentry and Sphere","floor":30,"turns":3},{"damage":0,"enemies":"Snake Plant","floor":31,"turns":2},{"damage":50,"enemies":"Automaton","floor":33,"turns":6}],"seed_played":"-9004611149312987732","potions_obtained":[{"floor":1.0,"key":"AttackPotion"},{"floor":2.0,"key":"SteroidPotion"},{"floor":7.0,"key":"Explosive Potion"},{"floor":21,"key":"SkillPotion"},{"floor":24,"key":"PowerPotion"}],"is_trial":false,"path_per_floor":["M","M","$","M","M","R","E","R","T","R","M","?","M","M","R","B",null,"M","M","?","M","$","R","E","?","T","?","M","$","M","M","R","B"],"character_chosen":"DEFECT","items_purchased":["Static Discharge","Sunder","Scrape"],"campfire_rested":1,"item_purchase_floors":[3,22,29],"current_hp_per_floor":[64,64,64,64,51,51,38,38,38,38,38,38,38,36,36,32,61,61,61,61,61,61,61,26,3,3,3,3,3,3,3,24,0],"gold":84,"neow_bonus":"ONE_RARE_RELIC","is_prod":false,"is_daily":false,"chose_seed":false,"campfire_upgraded":5,"win_rate":0,"timestamp":1552181263,"path_taken":["M","M","$","M","M","R","E","R","T","R","M","?","M","?","R","BOSS","M","M","?","M","$","R","E","?","T","?","M","$","M","M","R","BOSS"],"build_version":"2019-01-23","purchased_purges":1,"victory":false,"max_hp_per_floor":[71,71,71,71,71,71,71,71,71,71,71,71,71,71,71,71,71,71,71,71,71,71,71,71,71,71,71,71,71,71,71,71,71],"card_choices":[{"not_picked":["Defragment","Self Repair"],"picked":"Reinforced Body","floor":1.0},{"not_picked":["Blizzard","Stack"],"picked":"Beam Cell","floor":2.0},{"not_picked":["Compile Driver","Melter"],"picked":"Streamline","floor":4.0},{"not_picked":["Beam Cell","Cold Snap"],"picked":"Hologram","floor":5.0},{"not_picked":["Defragment","Conserve Battery"],"picked":"Fusion","floor":7.0},{"not_picked":["Chaos","Sweeping Beam"],"picked":"Go for the Eyes","floor":11.0},{"not_picked":["White Noise","Barrage"],"picked":"Sweeping Beam","floor":13.0},{"not_picked":["Beam Cell","Defragment"],"picked":"Reboot","floor":14.0},{"not_picked":["Creative AI","Echo Form"],"picked":"Meteor Strike","floor":16.0},{"not_picked":["Barrage","Lockon"],"picked":"FTL+1","floor":18.0},{"not_picked":["Rebound","Static Discharge"],"picked":"Hologram+1","floor":19},{"not_picked":["Cold Snap","Go for the Eyes"],"picked":"Coolheaded+1","floor":21},{"not_picked":["Gash","Auto Shields"],"picked":"Rainbow","floor":24},{"not_picked":["Blizzard","White Noise"],"picked":"Stack","floor":28},{"not_picked":["Stack","Turbo","Rebound"],"picked":"SKIP","floor":30},{"not_picked":["Barrage","Rip and Tear+1"],"picked":"Streamline","floor":31}],"player_experience":2352565,"relics_obtained":[{"floor":7.0,"key":"Tiny Chest"},{"floor":9.0,"key":"War Paint"},{"floor":24,"key":"Letter Opener"},{"floor":26,"key":"Potion Belt"}],"event_choices":[{"damage_healed":0.0,"max_hp_gain":0.0,"max_hp_loss":0.0,"gold_gain":0.0,"event_name":"WeMeetAgain","player_choice":"Paid Gold","floor":12.0,"gold_loss":50.0,"damage_taken":0.0,"relics_obtained":["Art of War"]},{"damage_healed":0,"gold_gain":0,"player_choice":"Obtained Relic","damage_taken":0,"relics_obtained":["Darkstone Periapt"],"max_hp_gain":0,"max_hp_loss":0,"event_name":"Addict","floor":20,"gold_loss":85},{"damage_healed":0,"gold_gain":0,"player_choice":"Fight","damage_taken":0,"max_hp_gain":0,"max_hp_loss":0,"event_name":"Colosseum","floor":25,"gold_loss":0},{"damage_healed":0,"gold_gain":0,"player_choice":"Fled From Nobs","damage_taken":0,"max_hp_gain":0,"max_hp_loss":0,"event_name":"Colosseum","floor":25,"gold_loss":0},{"damage_healed":0,"gold_gain":0,"player_choice":"Ignored","damage_taken":0,"max_hp_gain":0,"max_hp_loss":0,"event_name":"The Mausoleum","floor":27,"gold_loss":0}],"is_beta":false,"boss_relics":[{"not_picked":["Lizard Tail","Fusion Hammer"],"picked":"Snecko Eye"}],"items_purged_floors":[3],"is_endless":false,"potions_floor_spawned":[1,2,7,21,24,25],"killed_by":"Automaton","ascension_level":15}