{"gold_per_floor":[110,125,140,140,12,12,40,40,40,73,91,110,110,110,110,188,188,206,224,224,234,234,234,266,266,266,266,278,306,306,306,306,381,381,398,398,498,514,524,555,555,555,605,605,623,655,46,56,56,56],"floor_reached":51,"playtime":6302,"items_purged":["Strike_G"],"score":1437,"play_id":"1e9bccc1-920c-4998-9f9e-40db9ae24420","local_time":"20190501004537","is_ascension_mode":true,"campfire_choices":[{"floor":6,"key":"REST"},{"floor":8,"key":"REST"},{"floor":13,"key":"REST"},{"floor":15,"key":"REST"},{"floor":23,"key":"REST"},{"floor":27,"key":"REST"},{"floor":30,"key":"REST"},{"floor":32,"key":"REST"},{"floor":41,"key":"REST"},{"data":"Bouncing Flask","floor":44,"key":"SMITH"},{"data":"Neutralize","floor":49,"key":"SMITH"}],"neow_cost":"PERCENT_DAMAGE","seed_source_timestamp":112670030560189,"circlet_count":0,"master_deck":["AscendersBane","Defend_G","Defend_G","Defend_G","Defend_G","Strike_G","Strike_G","Strike_G+1","Strike_G","Survivor","Neutralize+1","Terror","Blur","Escape Plan","Bouncing Flask+1","Flying Knee","Predator","Crippling Poison+1","Bane+1","Corpse Explosion+1","Burst+1","Leg Sweep+1","Burst+1","Catalyst+1","Calculated Gamble+1","Catalyst+1","Bullet Time+1","Well Laid Plans+1","Prepared+1","Bane+1","Poisoned Stab+1","Acrobatics+1","Deflect+1","PiercingWail+1","Writhe","Parasite","Panacea+1","PiercingWail+1"],"relics":["Ring of the Snake","Happy Flower","Bottled Flame","Toxic Egg 2","Velvet Choker","Prayer Wheel","Du-Vu Doll","Bag of Preparation","Bag of Marbles","Cursed Key","Ginger","PreservedInsect","Whetstone","MawBank","Turnip"],"potions_floor_usage":[10,11,12,16,25,28,28,50,50],"damage_taken":[{"damage":2,"enemies":"2 Louse","floor":1,"turns":4},{"damage":0,"enemies":"Jaw Worm","floor":2,"turns":5},{"damage":14,"enemies":"Small Slimes","floor":3,"turns":6},{"damage":38,"enemies":"Lagavulin","floor":7,"turns":7},{"damage":46,"enemies":"3 Sentries","floor":10,"turns":15},{"damage":0,"enemies":"Gremlin Gang","floor":11,"turns":1},{"damage":0,"enemies":"2 Fungi Beasts","floor":12,"turns":2},{"damage":16,"enemies":"The Guardian","floor":16,"turns":8},{"damage":12,"enemies":"2 Thieves","floor":18,"turns":2},{"damage":0,"enemies":"Spheric Guardian","floor":19,"turns":2},{"damage":15,"enemies":"Centurion and Healer","floor":21,"turns":6},{"damage":38,"enemies":"Gremlin Leader","floor":24,"turns":7},{"damage":18,"enemies":"Cultist and Chosen","floor":25,"turns":4},{"damage":5,"enemies":"3 Cultists","floor":28,"turns":5},{"damage":28,"enemies":"Book of Stabbing","floor":29,"turns":4},{"damage":35,"enemies":"Collector","floor":33,"turns":5},{"damage":12,"enemies":"3 Shapes","floor":35,"turns":3},{"damage":0,"enemies":"Mind Bloom Boss Battle","floor":37,"turns":4},{"damage":0,"enemies":"Orb Walker","floor":38,"turns":1},{"damage":0,"enemies":"4 Shapes","floor":39,"turns":2},{"damage":22,"enemies":"Reptomancer","floor":40,"turns":5},{"damage":0,"enemies":"Jaw Worm Horde","floor":45,"turns":2},{"damage":5,"enemies":"Nemesis","floor":46,"turns":5},{"damage":12,"enemies":"Spire Growth","floor":48,"turns":2},{"damage":53,"enemies":"Time Eater","floor":50,"turns":10}],"seed_played":"6131033344076932017","potions_obtained":[{"floor":1,"key":"Swift Potion"},{"floor":10,"key":"Explosive Potion"},{"floor":11,"key":"Explosive Potion"},{"floor":12,"key":"PowerPotion"},{"floor":18,"key":"SmokeBomb"},{"floor":24,"key":"Explosive Potion"},{"floor":28,"key":"Fruit Juice"},{"floor":35,"key":"Energy Potion"},{"floor":38,"key":"Explosive Potion"},{"floor":39,"key":"Fire Potion"}],"is_trial":false,"path_per_floor":["M","M","M","?","$","R","E","R","T","E","M","M","R","?","R","B",null,"M","M","?","M","?","R","E","M","T","R","M","E","R","T","R","B",null,"M","$","?","M","M","E","R","?","T","R","M","E","$","M","R","B",null],"character_chosen":"THE_SILENT","items_purchased":["Bouncing Flask","Flying Knee","Turnip","Panacea+1","PiercingWail+1","GhostInAJar"],"campfire_rested":9,"item_purchase_floors":[5,5,47,47,47,47],"current_hp_per_floor":[54,54,40,40,40,63,25,48,48,2,2,2,25,30,54,38,72,60,60,60,45,45,69,31,13,13,37,37,9,35,35,61,26,73,61,61,61,61,61,39,65,83,83,83,83,78,78,66,66,13],"gold":56,"neow_bonus":"TWENTY_PERCENT_HP_BONUS","is_prod":false,"is_daily":false,"chose_seed":false,"campfire_upgraded":2,"win_rate":0,"timestamp":1556685937,"path_taken":["M","M","M","?","$","R","E","R","T","E","M","M","R","?","R","BOSS","M","M","?","?","?","R","E","M","T","R","M","E","R","?","R","BOSS","M","$","?","M","M","E","R","?","T","R","M","E","?","?","R","BOSS"],"build_version":"2019-01-23","purchased_purges":1,"victory":true,"max_hp_per_floor":[78,78,78,78,78,78,78,78,78,78,78,78,78,83,83,83,83,83,83,83,83,83,83,83,83,83,83,88,88,88,88,88,88,88,88,88,88,88,88,88,88,88,88,88,88,88,88,88,88,88],"card_choices":[{"not_picked":["Acrobatics","Poisoned Stab"],"picked":"Terror","floor":1},{"not_picked":["Setup","Deflect"],"picked":"Blur","floor":2},{"not_picked":["Caltrops","Dagger Throw"],"picked":"Escape Plan","floor":3},{"not_picked":["Underhanded Strike","Distraction"],"picked":"Predator","floor":7},{"not_picked":["Sucker Punch","Underhanded Strike"],"picked":"Crippling Poison","floor":10},{"not_picked":["Concentrate+1","Outmaneuver+1"],"picked":"Bane","floor":11},{"not_picked":["Deadly Poison+1","Blade Dance+1"],"picked":"Corpse Explosion+1","floor":12},{"not_picked":["Bullet Time+1","Phantasmal Killer+1"],"picked":"Burst+1","floor":16},{"not_picked":["Outmaneuver+1","Finisher","Dagger Throw"],"picked":"SKIP","floor":18},{"not_picked":["Slice","Riddle With Holes"],"picked":"Leg Sweep+1","floor":19},{"not_picked":["Reflex+1","Flying Knee"],"picked":"Catalyst+1","floor":21},{"not_picked":["Burst+1","Infinite Blades+1"],"picked":"Calculated Gamble+1","floor":24},{"not_picked":["Acrobatics+1","Backflip+1"],"picked":"Catalyst+1","floor":28},{"not_picked":["Cloak And Dagger+1","Quick Slash","Escape Plan+1"],"picked":"SKIP","floor":28},{"not_picked":["Riddle With Holes","Eviscerate","Distraction+1"],"picked":"SKIP","floor":29},{"not_picked":["Unload","Phantasmal Killer+1"],"picked":"Bullet Time+1","floor":33},{"not_picked":["Blade Dance+1","Bane"],"picked":"Well Laid Plans+1","floor":35},{"not_picked":["Quick Slash+1","Dagger Spray"],"picked":"Prepared+1","floor":35},{"not_picked":["Cloak And Dagger+1","Distraction+1"],"picked":"Bane+1","floor":37},{"not_picked":["Endless Agony","Predator"],"picked":"Poisoned Stab+1","floor":38},{"not_picked":["Outmaneuver+1","Concentrate+1","Slice"],"picked":"SKIP","floor":38},{"not_picked":["Leg Sweep+1","Skewer"],"picked":"Acrobatics+1","floor":39},{"not_picked":["Flying Knee+1","Accuracy"],"picked":"Deflect+1","floor":39},{"not_picked":["Die Die Die","Dodge and Roll+1"],"picked":"PiercingWail+1","floor":40},{"not_picked":["Eviscerate","Infinite Blades","Calculated Gamble+1"],"picked":"SKIP","floor":45},{"not_picked":["Eviscerate","Expertise+1","Flying Knee+1"],"picked":"SKIP","floor":45},{"not_picked":["Deadly Poison+1","Calculated Gamble+1","Grand Finale"],"picked":"SKIP","floor":46},{"not_picked":["Poisoned Stab+1","Backstab","Underhanded Strike"],"picked":"SKIP","floor":48},{"not_picked":["Expertise+1","Blade Dance+1","All Out Attack+1"],"picked":"SKIP","floor":48}],"player_experience":2550646,"relics_obtained":[{"floor":7,"key":"Happy Flower"},{"floor":9,"key":"Bottled Flame"},{"floor":10,"key":"Toxic Egg 2"},{"floor":24,"key":"Prayer Wheel"},{"floor":26,"key":"Du-Vu Doll"},{"floor":29,"key":"Bag of Preparation"},{"floor":31,"key":"Bag of Marbles"},{"floor":37,"key":"Ginger"},{"floor":40,"key":"PreservedInsect"},{"floor":43,"key":"Whetstone"},{"floor":46,"key":"MawBank"}],"event_choices":[{"damage_healed":0,"gold_gain":0,"player_choice":"Ignored","damage_taken":0,"max_hp_gain":0,"max_hp_loss":0,"event_name":"Shining Light","floor":4,"gold_loss":0},{"damage_healed":0,"gold_gain":0,"player_choice":"Donut","damage_taken":0,"max_hp_gain":5,"max_hp_loss":0,"event_name":"Big Fish","floor":14,"gold_loss":0},{"damage_healed":0,"gold_gain":0,"cards_transformed":["Defend_G"],"player_choice":"Transformed","damage_taken":0,"max_hp_gain":0,"max_hp_loss":0,"event_name":"Transmorgrifier","floor":20,"gold_loss":0,"cards_obtained":["Burst"]},{"damage_healed":0,"gold_gain":0,"player_choice":"Ignored","damage_taken":0,"max_hp_gain":0,"max_hp_loss":0,"event_name":"The Mausoleum","floor":22,"gold_loss":0},{"damage_healed":0,"gold_gain":0,"player_choice":"Fight","damage_taken":0,"max_hp_gain":0,"max_hp_loss":0,"event_name":"MindBloom","floor":37,"gold_loss":0},{"damage_healed":18,"gold_gain":0,"player_choice":"Writhe","damage_taken":0,"max_hp_gain":0,"max_hp_loss":0,"event_name":"Winding Halls","floor":42,"gold_loss":0,"cards_obtained":["Writhe"]}],"is_beta":false,"boss_relics":[{"not_picked":["HoveringKite","Philosopher\u0027s Stone"],"picked":"Velvet Choker"},{"not_picked":["Lizard Tail","Tiny House"],"picked":"Cursed Key"}],"items_purged_floors":[47],"is_endless":false,"potions_floor_spawned":[1,10,11,12,18,24,28,35,38,39,40],"ascension_level":18}