{"gold_per_floor":[116,135,135,135,150,175,33,52,52,79,79,91,109,129,129,233,233,220,238,238,238,238,238,257,257,339,339,264,275,291,307,307,307],"floor_reached":33,"playtime":1711,"items_purged":[],"score":253,"play_id":"cfb0a670-2e15-408c-a97b-1b30e933238c","local_time":"20190713091955","is_ascension_mode":false,"campfire_choices":[{"floor":11,"key":"REST"},{"floor":15,"key":"REST"},{"floor":23,"key":"REST"},{"floor":25,"key":"REST"},{"floor":32,"key":"REST"}],"neow_cost":"NONE","seed_source_timestamp":66757906896147,"circlet_count":0,"master_deck":["Strike_B+1","Strike_B+1","Strike_B+1","Defend_B+1","Defend_B+1","Defend_B+1","Defend_B+1","Zap","Dualcast","Rebound+1","Redo+1","Loop","White Noise","Defragment","Doom and Gloom","Core Surge","Auto Shields","Steam","Melter","Echo Form","Leap","Ball Lightning+1","Streamline","Cold Snap","Undo","Chill+1"],"relics":["Cracked Core","NeowsBlessing","Gremlin Horn","Bottled Lightning","Art of War","Eternal Feather","Symbiotic Virus"],"potions_floor_usage":[6,6,16,16,19,20,31,31],"damage_taken":[{"damage":0,"enemies":"Cultist","floor":1,"turns":1},{"damage":0,"enemies":"Jaw Worm","floor":2,"turns":1},{"damage":0,"enemies":"Small Slimes","floor":5,"turns":1},{"damage":14,"enemies":"Gremlin Nob","floor":6,"turns":4},{"damage":1,"enemies":"3 Louse","floor":8,"turns":2},{"damage":23,"enemies":"Exordium Thugs","floor":12,"turns":3},{"damage":0,"enemies":"Large Slime","floor":13,"turns":3},{"damage":13,"enemies":"Exordium Wildlife","floor":14,"turns":4},{"damage":26,"enemies":"Slime Boss","floor":16,"turns":6},{"damage":30,"enemies":"2 Thieves","floor":18,"turns":4},{"damage":39,"enemies":"3 Byrds","floor":19,"turns":5},{"damage":0,"enemies":"Centurion and Healer","floor":20,"turns":2},{"damage":7,"enemies":"Cultist and Chosen","floor":24,"turns":5},{"damage":31,"enemies":"3 Cultists","floor":29,"turns":6},{"damage":13,"enemies":"Snake Plant","floor":30,"turns":4},{"damage":10,"enemies":"Snecko","floor":31,"turns":4},{"damage":67,"enemies":"Automaton","floor":33,"turns":6}],"seed_played":"-4622796831897487418","potions_obtained":[{"floor":1,"key":"Block Potion"},{"floor":2,"key":"Poison Potion"},{"floor":12,"key":"Weak Potion"},{"floor":13,"key":"LiquidBronze"},{"floor":16,"key":"SmokeBomb"},{"floor":18,"key":"Poison Potion"},{"floor":29,"key":"FearPotion"},{"floor":30,"key":"Poison Potion"},{"floor":31,"key":"FearPotion"}],"is_trial":false,"path_per_floor":["M","M","?","?","M","E","$","M","T","T","R","M","M","M","R","B",null,"M","M","M","?","?","R","M","R","T","?","?","M","M","M","R","B"],"character_chosen":"DEFECT","items_purchased":["Defragment","Doom and Gloom"],"campfire_rested":5,"item_purchase_floors":[7,7],"current_hp_per_floor":[75,75,80,64,64,50,50,49,49,49,73,50,50,37,61,35,80,50,11,11,11,2,38,31,67,67,80,80,49,36,26,65,0],"gold":307,"neow_bonus":"THREE_ENEMY_KILL","is_prod":false,"is_daily":false,"chose_seed":false,"campfire_upgraded":0,"win_rate":0.0,"timestamp":1563020395,"path_taken":["M","M","?","?","M","E","?","?","T","?","R","?","M","M","R","BOSS","M","M","?","?","?","R","M","R","T","?","?","M","M","M","R","BOSS"],"build_version":"2019-07-05","purchased_purges":0,"victory":false,"max_hp_per_floor":[75,75,80,80,80,80,80,80,80,80,80,80,80,80,80,80,80,80,80,80,80,80,80,80,80,80,80,80,80,80,80,80,80],"card_choices":[{"not_picked":["Skim","Rip and Tear"],"picked":"Rebound","floor":1},{"not_picked":["Compile Driver","Go for the Eyes"],"picked":"Redo","floor":2},{"not_picked":["Hologram","Compile Driver"],"picked":"Loop","floor":5},{"not_picked":["Consume","Leap"],"picked":"White Noise","floor":6},{"not_picked":["Double Energy","Stack"],"picked":"Core Surge","floor":8},{"not_picked":["Storm","Recycle"],"picked":"Auto Shields","floor":12},{"not_picked":["Go for the Eyes","Cold Snap"],"picked":"Steam","floor":13},{"not_picked":["Compile Driver","Leap"],"picked":"Melter","floor":14},{"not_picked":["Thunder Strike","Amplify"],"picked":"Echo Form","floor":16},{"not_picked":["Force Field","Heatsinks"],"picked":"Leap","floor":18},{"not_picked":["Rebound","Scrape"],"picked":"Ball Lightning+1","floor":19},{"not_picked":["Hologram","Chaos"],"picked":"Streamline","floor":24},{"not_picked":["Gash","Hologram"],"picked":"Cold Snap","floor":29},{"not_picked":["Hyperbeam","Steam"],"picked":"Undo","floor":30},{"not_picked":["Self Repair","Reinforced Body"],"picked":"Chill+1","floor":31}],"player_experience":133763,"relics_obtained":[{"floor":6,"key":"Gremlin Horn"},{"floor":9,"key":"Bottled Lightning"},{"floor":10,"key":"Art of War"},{"floor":26,"key":"Symbiotic Virus"}],"event_choices":[{"damage_healed":0,"gold_gain":0,"player_choice":"Donut","damage_taken":0,"max_hp_gain":5,"max_hp_loss":0,"event_name":"Big Fish","floor":3,"gold_loss":0},{"damage_healed":0,"gold_gain":0,"player_choice":"Entered Light","damage_taken":16,"max_hp_gain":0,"max_hp_loss":0,"event_name":"Shining Light","floor":4,"gold_loss":0,"cards_upgraded":["Rebound","Redo"]},{"damage_healed":0,"gold_gain":0,"player_choice":"Simplicity","damage_taken":0,"max_hp_gain":0,"max_hp_loss":0,"event_name":"Back to Basics","floor":21,"gold_loss":0,"cards_upgraded":["Strike_B","Strike_B","Strike_B","Strike_B","Defend_B","Defend_B","Defend_B","Defend_B"]},{"damage_healed":0,"gold_gain":0,"player_choice":"Stopped","damage_taken":9,"max_hp_gain":0,"max_hp_loss":0,"event_name":"Cursed Tome","floor":22,"gold_loss":0},{"damage_healed":26,"gold_gain":0,"player_choice":"Heal","damage_taken":0,"max_hp_gain":0,"max_hp_loss":0,"event_name":"The Library","floor":27,"gold_loss":0},{"cards_removed":["Strike_B"],"damage_healed":0,"gold_gain":0,"player_choice":"Gave Gold","damage_taken":0,"max_hp_gain":0,"max_hp_loss":0,"event_name":"Beggar","floor":28,"gold_loss":75}],"is_beta":false,"boss_relics":[{"not_picked":["Busted Crown","Ectoplasm"],"picked":"Eternal Feather"}],"items_purged_floors":[],"is_endless":false,"potions_floor_spawned":[1,2,12,13,16,18,29,30,31],"killed_by":"Automaton","ascension_level":0}