{"gold_per_floor":[117,45,59,59,75,100,100,135,221,233,245,257,45,79,79,176,176,196,196,196,214,263,263,295,305,332,332,345,345,345,345,345,448,448,465,565,565,565,35,35,0,32,32,32,58,73,93,3,3,3],"floor_reached":50,"playtime":2058,"items_purged":[],"score":625,"play_id":"e68e611f-a303-44b6-8c87-186f2f41f7b6","local_time":"20190821092346","is_ascension_mode":true,"campfire_choices":[{"data":"Fusion","floor":7,"key":"SMITH"},{"floor":10,"key":"REST"},{"floor":12,"key":"REST"},{"data":"Capacitor","floor":15,"key":"SMITH"},{"floor":23,"key":"REST"},{"floor":27,"key":"REST"},{"floor":29,"key":"REST"},{"data":"Chaos","floor":32,"key":"SMITH"},{"floor":40,"key":"REST"},{"floor":49,"key":"REST"}],"neow_cost":"NONE","seed_source_timestamp":430232722062113,"circlet_count":0,"master_deck":["Strike_B+1","Strike_B+1","Strike_B+1","Strike_B+1","Defend_B+1","Defend_B+1","Defend_B+1","Defend_B+1","Zap+1","Dualcast","Melter","Capacitor+1","Ball Lightning","Go for the Eyes","Fusion+1","Chaos+1","Streamline","Ball Lightning","Conserve Battery","Echo Form","Compile Driver","Redo","Reinforced Body+1","Conserve Battery+1","Conserve Battery+1","Thunder Strike","Streamline","Compile Driver+1","Metamorphosis+1","Apotheosis","Leap","Capacitor","Steam","Glacier","Melter+1","Sunder","Hello World"],"relics":["Cracked Core","NeowsBlessing","Ginger","MawBank","Mercury Hourglass","Regal Pillow","Blue Candle","Black Star","Enchiridion","Happy Flower","Strawberry","Darkstone Periapt","Juzu Bracelet","Lizard Tail","Ice Cream","Matryoshka","War Paint","Red Mask","Boot","Pear","Omamori","Pantograph","Lantern","Potion Belt"],"potions_floor_usage":[8,14,14,21,21,33,33,33,42,50,50,50],"damage_taken":[{"damage":0,"enemies":"Small Slimes","floor":1,"turns":1},{"damage":0,"enemies":"Cultist","floor":3,"turns":1},{"damage":0,"enemies":"2 Louse","floor":5,"turns":1},{"damage":15,"enemies":"Gremlin Nob","floor":6,"turns":4},{"damage":21,"enemies":"Lagavulin","floor":8,"turns":5},{"damage":2,"enemies":"3 Sentries","floor":14,"turns":4},{"damage":50,"enemies":"Hexaghost","floor":16,"turns":9},{"damage":8,"enemies":"Chosen","floor":18,"turns":3},{"damage":16,"enemies":"Shell Parasite","floor":21,"turns":3},{"damage":46,"enemies":"Gremlin Leader","floor":24,"turns":5},{"damage":18,"enemies":"Snake Plant","floor":25,"turns":5},{"damage":0,"enemies":"Sentry and Sphere","floor":28,"turns":2},{"damage":36,"enemies":"Automaton","floor":33,"turns":8},{"damage":27,"enemies":"3 Shapes","floor":35,"turns":3},{"damage":31,"enemies":"Mind Bloom Boss Battle","floor":36,"turns":7},{"damage":50,"enemies":"Nemesis","floor":42,"turns":9},{"damage":13,"enemies":"Orb Walker","floor":46,"turns":4},{"damage":87,"enemies":"Transient","floor":47,"turns":5},{"damage":94,"enemies":"Awakened One","floor":50,"turns":7}],"seed_played":"-7696286055610237752","potions_obtained":[{"floor":1,"key":"AttackPotion"},{"floor":3,"key":"Strength Potion"},{"floor":8,"key":"Block Potion"},{"floor":16,"key":"AttackPotion"},{"floor":18,"key":"Energy Potion"},{"floor":25,"key":"Strength Potion"},{"floor":31,"key":"FocusPotion"},{"floor":31,"key":"Weak Potion"},{"floor":42,"key":"Poison Potion"},{"floor":47,"key":"Energy Potion"}],"is_trial":false,"path_per_floor":["M","$","M","?","M","E","R","E","T","R","?","R","$","E","R","B",null,"M","?","?","M","T","R","E","M","T","R","M","R","?","?","R","B",null,"M","?","T","?","$","R","?","E","T","?","T","M","M","$","R","B"],"character_chosen":"DEFECT","items_purchased":["Capacitor","Regal Pillow","Streamline","Ball Lightning","War Paint","Apotheosis","Leap","Regen Potion","Capacitor","Steam","Block Potion","Hello World"],"campfire_rested":7,"item_purchase_floors":[2,13,13,13,39,39,39,39,39,39,48,48],"current_hp_per_floor":[75,75,75,75,75,60,60,39,39,61,46,68,68,66,66,16,75,67,51,51,35,35,72,33,15,15,54,54,82,82,82,82,46,82,55,24,24,24,24,63,63,38,38,61,61,48,30,30,72,0],"gold":3,"neow_bonus":"THREE_ENEMY_KILL","is_prod":false,"is_daily":false,"chose_seed":false,"campfire_upgraded":3,"win_rate":0,"timestamp":1566390226,"path_taken":["M","$","M","?","?","E","R","E","T","R","?","R","$","E","R","BOSS","M","?","?","M","?","R","E","?","T","R","M","R","?","?","R","BOSS","M","?","?","?","$","R","?","E","T","?","?","M","M","$","R","BOSS"],"build_version":"2019-07-17","purchased_purges":0,"victory":false,"max_hp_per_floor":[75,75,75,75,75,75,75,75,75,75,75,75,75,75,75,75,75,75,75,75,75,75,75,82,82,82,82,82,82,82,82,82,82,82,82,82,82,82,82,82,82,92,92,92,92,92,92,92,92,92],"card_choices":[{"not_picked":["Glacier","Redo"],"picked":"Melter","floor":1},{"not_picked":["Cold Snap","Stack"],"picked":"Ball Lightning","floor":3},{"not_picked":["Stack","Beam Cell"],"picked":"Go for the Eyes","floor":5},{"not_picked":["Steam Power","Go for the Eyes"],"picked":"Fusion","floor":6},{"not_picked":["Coolheaded","Ball Lightning"],"picked":"Chaos","floor":8},{"not_picked":["Rebound","Hologram"],"picked":"Conserve Battery","floor":14},{"not_picked":["Thunder Strike","Biased Cognition"],"picked":"Echo Form","floor":16},{"not_picked":["Rip and Tear+1","Beam Cell+1"],"picked":"Compile Driver","floor":18},{"not_picked":["BootSequence","Turbo"],"picked":"Redo","floor":21},{"not_picked":["Lockon","Chaos"],"picked":"Reinforced Body","floor":24},{"not_picked":["Redo","Blizzard"],"picked":"Conserve Battery+1","floor":25},{"not_picked":["Ball Lightning","Steam"],"picked":"Conserve Battery+1","floor":28},{"not_picked":["Biased Cognition","Machine Learning"],"picked":"Thunder Strike","floor":33},{"not_picked":["Gash","Barrage"],"picked":"Streamline","floor":35},{"not_picked":["Scrape","Hello World"],"picked":"Compile Driver+1","floor":36},{"not_picked":["Impatience","Swift Strike"],"picked":"Metamorphosis","floor":38},{"not_picked":["Storm+1","Cold Snap+1"],"picked":"Glacier","floor":42},{"not_picked":["Beam Cell","Gash"],"picked":"Melter+1","floor":46},{"not_picked":["Sweeping Beam+1","Lockon"],"picked":"Sunder","floor":47}],"player_experience":334838,"relics_obtained":[{"floor":6,"key":"Ginger"},{"floor":8,"key":"MawBank"},{"floor":9,"key":"Mercury Hourglass"},{"floor":14,"key":"Blue Candle"},{"floor":19,"key":"Enchiridion"},{"floor":22,"key":"Happy Flower"},{"floor":24,"key":"Strawberry"},{"floor":24,"key":"Darkstone Periapt"},{"floor":26,"key":"Juzu Bracelet"},{"floor":36,"key":"Ice Cream"},{"floor":37,"key":"Matryoshka"},{"floor":42,"key":"Boot"},{"floor":42,"key":"Pear"},{"floor":43,"key":"Omamori"},{"floor":43,"key":"Pantograph"},{"floor":45,"key":"Lantern"},{"floor":45,"key":"Potion Belt"}],"event_choices":[{"damage_healed":0,"gold_gain":0,"player_choice":"Upgraded","damage_taken":0,"max_hp_gain":0,"max_hp_loss":0,"event_name":"Upgrade Shrine","floor":4,"gold_loss":0,"cards_upgraded":["Zap"]},{"damage_healed":0,"gold_gain":0,"player_choice":"Entered Light","damage_taken":15,"max_hp_gain":0,"max_hp_loss":0,"event_name":"Shining Light","floor":11,"gold_loss":0,"cards_upgraded":["Strike_B","Defend_B"]},{"damage_healed":0,"gold_gain":0,"player_choice":"Obtained Book","damage_taken":16,"max_hp_gain":0,"max_hp_loss":0,"event_name":"Cursed Tome","floor":19,"gold_loss":0},{"damage_healed":0,"gold_gain":0,"player_choice":"Simplicity","damage_taken":0,"max_hp_gain":0,"max_hp_loss":0,"event_name":"Back to Basics","floor":20,"gold_loss":0,"cards_upgraded":["Strike_B","Strike_B","Strike_B","Defend_B","Defend_B","Defend_B"]},{"damage_healed":0,"gold_gain":0,"player_choice":"Ignored","damage_taken":0,"max_hp_gain":0,"max_hp_loss":0,"event_name":"Vampires","floor":30,"gold_loss":0},{"damage_healed":0,"gold_gain":0,"player_choice":"Got Potions","damage_taken":0,"max_hp_gain":0,"max_hp_loss":0,"event_name":"Lab","floor":31,"gold_loss":0},{"damage_healed":0,"gold_gain":0,"player_choice":"Fight","damage_taken":0,"max_hp_gain":0,"max_hp_loss":0,"event_name":"MindBloom","floor":36,"gold_loss":0},{"damage_healed":0,"gold_gain":0,"player_choice":"Memory 1","damage_taken":0,"max_hp_gain":0,"max_hp_loss":0,"event_name":"SensoryStone","floor":38,"gold_loss":0},{"damage_healed":0,"gold_gain":0,"player_choice":"Paid","damage_taken":0,"relics_obtained":["Red Mask"],"max_hp_gain":0,"max_hp_loss":0,"event_name":"Tomb of Lord Red Mask","floor":41,"gold_loss":35},{"damage_healed":23,"gold_gain":0,"player_choice":"Writhe","damage_taken":0,"max_hp_gain":0,"max_hp_loss":0,"event_name":"Winding Halls","floor":44,"gold_loss":0,"cards_obtained":["Writhe"]}],"is_beta":false,"boss_relics":[{"not_picked":["Eternal Feather","White Beast Statue"],"picked":"Black Star"},{"not_picked":["Runic Dome","Inserter"],"picked":"Lizard Tail"}],"items_purged_floors":[],"is_endless":false,"potions_floor_spawned":[1,3,8,16,18,25,42,47],"killed_by":"Awakened One","ascension_level":2}