{"gold_per_floor":[118,118,136,147,107,107,136,156,182,182,16,16,16,91,91,193,193,212,212,51,70,86,86,100,100,145,172,184,196,227,258,270,384,396,426,454,490,516,528,157,157,157,157,169,169,169],"floor_reached":46,"playtime":4947,"items_purged":["Strike_G","Parasite"],"score":438,"play_id":"e96cc096-0e86-4ae3-98a8-4ab11a86bf34","local_time":"20190925230708","is_ascension_mode":false,"campfire_choices":[{"data":"After Image","floor":6,"key":"SMITH"},{"data":"Tools of the Trade","floor":10,"key":"SMITH"},{"data":"Mayhem","floor":13,"key":"SMITH"},{"floor":15,"key":"REST"},{"data":"Blade Dance","floor":23,"key":"SMITH"},{"floor":25,"key":"REST"},{"floor":28,"key":"REST"},{"floor":32,"key":"REST"},{"data":"Metamorphosis","floor":42,"key":"SMITH"},{"data":"Discovery","floor":45,"key":"SMITH"}],"neow_cost":"NONE","seed_source_timestamp":697551398163300,"circlet_count":0,"master_deck":["Strike_G","Strike_G","Strike_G","Strike_G","Defend_G","Defend_G","Defend_G","Defend_G","Defend_G","Survivor","Tools of the Trade+1","Deadly Poison","Outmaneuver","After Image+1","Noxious Fumes","Caltrops","Poisoned Stab","Mayhem+1","A Thousand Cuts","Slice+1","Discovery+1","Dagger Throw","Blade Dance+1","Poisoned Stab","Outmaneuver+1","Quick Slash","Well Laid Plans","Metamorphosis+1","Endless Agony+1"],"relics":["Ring of the Snake","Pear","Calipers","Regal Pillow","Busted Crown","Mummified Hand","Blood Vial","MawBank","Runic Pyramid","Strawberry","Boot"],"potions_floor_usage":[46,46],"damage_taken":[{"damage":1,"enemies":"Cultist","floor":1,"turns":6},{"damage":3,"enemies":"Jaw Worm","floor":3,"turns":3},{"damage":0,"enemies":"Small Slimes","floor":4,"turns":5},{"damage":17,"enemies":"Lagavulin","floor":7,"turns":7},{"damage":8,"enemies":"2 Fungi Beasts","floor":8,"turns":5},{"damage":35,"enemies":"Slime Boss","floor":16,"turns":13},{"damage":9,"enemies":"Shell Parasite","floor":18,"turns":7},{"damage":8,"enemies":"Chosen","floor":21,"turns":6},{"damage":30,"enemies":"Sentry and Sphere","floor":22,"turns":6},{"damage":5,"enemies":"Shelled Parasite and Fungi","floor":24,"turns":7},{"damage":66,"enemies":"Slavers","floor":27,"turns":7},{"damage":0,"enemies":"3 Cultists","floor":30,"turns":3},{"damage":16,"enemies":"Snake Plant","floor":31,"turns":5},{"damage":45,"enemies":"Champ","floor":33,"turns":12},{"damage":10,"enemies":"3 Darklings","floor":35,"turns":5},{"damage":8,"enemies":"3 Shapes","floor":36,"turns":6},{"damage":20,"enemies":"Writhing Mass","floor":38,"turns":7},{"damage":28,"enemies":"4 Shapes","floor":44,"turns":8},{"damage":48,"enemies":"2 Orb Walkers","floor":46,"turns":5}],"seed_played":"-515061934484667413","potions_obtained":[{"floor":4,"key":"FairyPotion"},{"floor":7,"key":"Explosive Potion"},{"floor":16,"key":"Explosive Potion"},{"floor":22,"key":"Poison Potion"},{"floor":24,"key":"EssenceOfSteel"},{"floor":27,"key":"Fruit Juice"},{"floor":30,"key":"AttackPotion"}],"is_trial":false,"path_per_floor":["M","T","M","M","$","R","E","M","T","R","$","?","R","?","R","B",null,"M","?","$","M","M","R","M","R","T","E","R","?","M","M","R","B",null,"M","M","T","M","?","$","?","R","T","M","R","?"],"character_chosen":"THE_SILENT","items_purchased":["Noxious Fumes","Mayhem","Discovery","Quick Slash","Well Laid Plans","Metamorphosis"],"campfire_rested":4,"item_purchase_floors":[5,11,20,40,40,40],"current_hp_per_floor":[69,79,76,76,76,76,59,51,51,51,51,39,39,28,67,32,80,71,71,71,63,33,33,28,67,67,3,42,47,49,35,74,31,80,70,64,71,53,53,53,53,53,53,27,27,0],"gold":169,"neow_bonus":"ONE_RANDOM_RARE_CARD","is_prod":false,"is_daily":false,"chose_seed":false,"campfire_upgraded":6,"win_rate":0.0,"timestamp":1569424028,"path_taken":["M","?","M","M","?","R","E","M","T","R","$","?","R","?","R","BOSS","M","?","$","M","M","R","M","R","T","E","R","?","M","M","R","BOSS","M","M","?","M","?","$","?","R","T","M","R","?"],"build_version":"2019-07-17","purchased_purges":2,"victory":false,"max_hp_per_floor":[70,80,80,80,80,80,80,80,80,80,80,80,80,80,80,80,80,80,80,80,80,80,80,80,80,80,80,80,80,80,80,80,80,80,80,80,87,87,87,84,84,84,84,84,84,84],"card_choices":[{"not_picked":["Poisoned Stab","Dagger Spray"],"picked":"Deadly Poison","floor":1},{"not_picked":["Dodge and Roll","Dagger Spray"],"picked":"Outmaneuver","floor":3},{"not_picked":["Well Laid Plans","Deflect"],"picked":"After Image","floor":4},{"not_picked":["Deflect","Heel Hook"],"picked":"Caltrops","floor":7},{"not_picked":["Eviscerate","Caltrops"],"picked":"Poisoned Stab","floor":8},{"not_picked":["Wraith Form v2","Doppelganger"],"picked":"A Thousand Cuts","floor":16},{"not_picked":[],"picked":"Slice+1","floor":18},{"not_picked":[],"picked":"Dagger Throw","floor":21},{"not_picked":[],"picked":"Blade Dance","floor":22},{"not_picked":[],"picked":"Underhanded Strike+1","floor":24},{"not_picked":["Masterful Stab"],"picked":"SKIP","floor":27},{"not_picked":[],"picked":"Poisoned Stab","floor":30},{"not_picked":["Sucker Punch"],"picked":"SKIP","floor":31},{"not_picked":[],"picked":"Outmaneuver+1","floor":35},{"not_picked":["Sucker Punch+1"],"picked":"SKIP","floor":36},{"not_picked":["Sucker Punch+1"],"picked":"SKIP","floor":38},{"not_picked":[],"picked":"Endless Agony+1","floor":44}],"player_experience":5276,"relics_obtained":[{"floor":2,"key":"Pear"},{"floor":7,"key":"Calipers"},{"floor":9,"key":"Regal Pillow"},{"floor":26,"key":"Blood Vial"},{"floor":27,"key":"MawBank"},{"floor":37,"key":"Strawberry"},{"floor":43,"key":"Boot"}],"event_choices":[{"damage_healed":0,"gold_gain":0,"player_choice":"Fled","damage_taken":12,"max_hp_gain":0,"max_hp_loss":0,"event_name":"Scrap Ooze","floor":12,"gold_loss":0},{"damage_healed":0,"gold_gain":75,"player_choice":"Gather Gold","damage_taken":11,"max_hp_gain":0,"max_hp_loss":0,"event_name":"World of Goop","floor":14,"gold_loss":0},{"damage_healed":0,"gold_gain":0,"player_choice":"Opened","damage_taken":0,"relics_obtained":["Mummified Hand"],"max_hp_gain":0,"max_hp_loss":0,"event_name":"The Mausoleum","floor":19,"gold_loss":0},{"cards_removed":["Underhanded Strike"],"damage_healed":5,"gold_gain":0,"player_choice":"Offered Common","damage_taken":0,"max_hp_gain":0,"max_hp_loss":0,"event_name":"Bonfire Elementals","floor":29,"gold_loss":0},{"cards_removed":["Underhanded Strike"],"damage_healed":5,"gold_gain":0,"player_choice":"Offered Special","damage_taken":0,"max_hp_gain":0,"max_hp_loss":0,"event_name":"Bonfire Elementals","floor":29,"gold_loss":0},{"damage_healed":0,"gold_gain":0,"player_choice":"Ignored","damage_taken":0,"max_hp_gain":0,"max_hp_loss":0,"event_name":"Tomb of Lord Red Mask","floor":39,"gold_loss":0},{"cards_removed":["Neutralize"],"damage_healed":0,"gold_gain":0,"player_choice":"Removed Attack","damage_taken":0,"max_hp_gain":0,"max_hp_loss":0,"event_name":"Falling","floor":41,"gold_loss":0},{"damage_healed":0,"gold_gain":0,"player_choice":"Fight","damage_taken":0,"max_hp_gain":0,"max_hp_loss":0,"event_name":"Mysterious Sphere","floor":46,"gold_loss":0}],"is_beta":false,"boss_relics":[{"not_picked":["Cursed Key","Empty Cage"],"picked":"Busted Crown"},{"not_picked":["Runic Dome","Velvet Choker"],"picked":"Runic Pyramid"}],"items_purged_floors":[20,40],"is_endless":false,"potions_floor_spawned":[4,7,16,22,24,27,30,31,33,35,36],"killed_by":"2 Orb Walkers","ascension_level":0}