{"gold_per_floor":[112,124,199,199,213,213,72,91,91,103,119,131,38,38,38,143,143,154,170,28,28,38,38,67,67],"floor_reached":25,"playtime":1432,"items_purged":[],"score":215,"play_id":"2d32f4ac-34f1-4b79-9643-a32c5333f569","local_time":"20190728061641","is_ascension_mode":false,"campfire_choices":[{"floor":6,"key":"REST"},{"floor":15,"key":"REST"},{"floor":23,"key":"REST"}],"neow_cost":"NONE","seed_source_timestamp":126818907697914,"circlet_count":0,"master_deck":["Strike_B","Strike_B","Strike_B","Strike_B","Defend_B","Defend_B","Defend_B","Defend_B","Zap","Dualcast","Leap","Loop","Streamline","Steam","Chill","Rebound","Genetic Algorithm","Steam","FTL","Melter","Defragment","Redo","Meteor Strike","Rebound","Streamline","Coolheaded","Gash","Melter"],"relics":["Cracked Core","Meat on the Bone","The Courier","Fusion Hammer","DataDisk","Prayer Wheel"],"potions_floor_usage":[16,16,16,18,22],"damage_taken":[{"damage":0,"enemies":"Small Slimes","floor":1,"turns":2},{"damage":1,"enemies":"Jaw Worm","floor":2,"turns":3},{"damage":0,"enemies":"2 Louse","floor":5,"turns":2},{"damage":22,"enemies":"Gremlin Gang","floor":8,"turns":5},{"damage":10,"enemies":"Looter","floor":10,"turns":2},{"damage":10,"enemies":"Blue Slaver","floor":11,"turns":3},{"damage":2,"enemies":"Gremlin Gang","floor":12,"turns":7},{"damage":35,"enemies":"The Guardian","floor":16,"turns":9},{"damage":19,"enemies":"Shell Parasite","floor":18,"turns":5},{"damage":0,"enemies":"Spheric Guardian","floor":19,"turns":1},{"damage":14,"enemies":"Snecko","floor":22,"turns":5},{"damage":68,"enemies":"Book of Stabbing","floor":24,"turns":10},{"damage":17,"enemies":"Centurion and Healer","floor":25,"turns":8}],"seed_played":"3206256300736363918","potions_obtained":[{"floor":8,"key":"Weak Potion"},{"floor":10,"key":"Poison Potion"},{"floor":11,"key":"GamblersBrew"},{"floor":12,"key":"SteroidPotion"},{"floor":16,"key":"Fire Potion"},{"floor":18,"key":"AttackPotion"},{"floor":19,"key":"Ancient Potion"},{"floor":24,"key":"SteroidPotion"}],"is_trial":false,"path_per_floor":["M","M","?","?","M","R","$","M","T","M","M","M","$","?","R","B",null,"M","M","$","?","M","R","E","M"],"character_chosen":"DEFECT","items_purchased":["Steam","Chill","Rebound","Defragment","Redo","DataDisk","Coolheaded"],"campfire_rested":3,"item_purchase_floors":[7,7,7,13,13,20,20],"current_hp_per_floor":[82,81,70,70,70,82,82,60,60,50,52,50,50,43,67,44,82,63,63,63,63,49,73,17,0],"gold":67,"neow_bonus":"TEN_PERCENT_HP_BONUS","is_prod":false,"is_daily":false,"chose_seed":false,"campfire_upgraded":0,"win_rate":0.0,"timestamp":1564305401,"path_taken":["M","M","?","?","M","R","$","M","T","M","M","M","$","?","R","BOSS","M","M","$","?","M","R","E","M"],"build_version":"2019-07-17","purchased_purges":0,"victory":false,"max_hp_per_floor":[82,82,82,82,82,82,82,82,82,82,82,82,82,82,82,82,82,82,82,82,82,82,82,82,82],"card_choices":[{"not_picked":["Steam","Coolheaded"],"picked":"Leap","floor":1},{"not_picked":["Stack","Reinforced Body"],"picked":"Loop","floor":2},{"not_picked":["Chill","Compile Driver"],"picked":"Streamline","floor":5},{"not_picked":["Darkness","Tempest"],"picked":"Genetic Algorithm","floor":8},{"not_picked":["Redo","Compile Driver"],"picked":"Steam","floor":10},{"not_picked":["Steam","Aggregate"],"picked":"FTL","floor":11},{"not_picked":["White Noise","Stack"],"picked":"Melter","floor":12},{"not_picked":["Multi-Cast","All For One"],"picked":"Meteor Strike","floor":16},{"not_picked":["Redo","Steam+1"],"picked":"Rebound","floor":18},{"not_picked":["Stack","Scrape+1"],"picked":"Streamline","floor":19},{"not_picked":["Genetic Algorithm","Chill"],"picked":"Gash","floor":22},{"not_picked":["Coolheaded","Loop"],"picked":"Melter","floor":24}],"player_experience":243240,"relics_obtained":[{"floor":9,"key":"Meat on the Bone"},{"floor":24,"key":"Prayer Wheel"}],"event_choices":[{"damage_healed":0,"gold_gain":75,"player_choice":"Gather Gold","damage_taken":11,"max_hp_gain":0,"max_hp_loss":0,"event_name":"World of Goop","floor":3,"gold_loss":0},{"damage_healed":0,"gold_gain":0,"player_choice":"Ignored","damage_taken":0,"max_hp_gain":0,"max_hp_loss":0,"event_name":"Golden Wing","floor":4,"gold_loss":0},{"damage_healed":0,"gold_gain":0,"player_choice":"Success","damage_taken":7,"relics_obtained":["The Courier"],"max_hp_gain":0,"max_hp_loss":0,"event_name":"Scrap Ooze","floor":14,"gold_loss":0},{"damage_healed":0,"gold_gain":0,"player_choice":"Ignored","damage_taken":0,"max_hp_gain":0,"max_hp_loss":0,"event_name":"Vampires","floor":21,"gold_loss":0}],"is_beta":false,"boss_relics":[{"not_picked":["Eternal Feather","Pandora\u0027s Box"],"picked":"Fusion Hammer"}],"items_purged_floors":[],"is_endless":false,"potions_floor_spawned":[8,10,11,12,16,18,19,24],"killed_by":"Centurion and Healer","ascension_level":0}