{"gold_per_floor":[118,137,157,168,185,185,185,216,216,226,186],"floor_reached":11,"playtime":746,"items_purged":[],"score":154,"play_id":"037c6595-d50f-4c56-9fb8-ad815631eceb","local_time":"20190725204640","is_ascension_mode":true,"campfire_choices":[{"data":"Shockwave","floor":6,"key":"SMITH"}],"neow_cost":"NONE","seed_source_timestamp":389896838751188,"circlet_count":0,"master_deck":["AscendersBane","Strike_R+1","Strike_R","Strike_R","Strike_R","Strike_R","Defend_R","Defend_R","Defend_R","Defend_R","Bash+1","Metallicize","Dropkick","Clothesline","Shockwave+1","Sword Boomerang","Intimidate","Heavy Blade"],"relics":["Burning Blood","Shuriken","Kunai"],"potions_floor_usage":[1,4,8,11],"damage_taken":[{"damage":2,"enemies":"Jaw Worm","floor":1,"turns":3},{"damage":5,"enemies":"Small Slimes","floor":2,"turns":6},{"damage":3,"enemies":"Cultist","floor":3,"turns":4},{"damage":5,"enemies":"Gremlin Gang","floor":4,"turns":3},{"damage":17,"enemies":"3 Louse","floor":5,"turns":4},{"damage":21,"enemies":"3 Sentries","floor":8,"turns":8},{"damage":5,"enemies":"Red Slaver","floor":10,"turns":5},{"damage":27,"enemies":"Exordium Thugs","floor":11,"turns":3}],"seed_played":"-3968940795498380072","potions_obtained":[{"floor":0,"key":"AttackPotion"},{"floor":0,"key":"SteroidPotion"},{"floor":2,"key":"Strength Potion"},{"floor":4,"key":"SteroidPotion"},{"floor":8,"key":"PowerPotion"}],"is_trial":false,"path_per_floor":["M","M","M","M","M","R","?","E","T","M","M"],"character_chosen":"IRONCLAD","items_purchased":[],"campfire_rested":0,"item_purchase_floors":[],"current_hp_per_floor":[72,73,75,75,64,64,41,26,26,27,0],"gold":186,"neow_bonus":"THREE_SMALL_POTIONS","is_prod":false,"is_daily":false,"chose_seed":false,"campfire_upgraded":1,"win_rate":0,"timestamp":1564102000,"path_taken":["M","M","M","M","M","R","?","E","T","M","M"],"build_version":"2019-01-23","purchased_purges":0,"victory":false,"max_hp_per_floor":[75,75,75,75,75,75,75,75,75,75,75],"card_choices":[{"not_picked":["Clothesline","Corruption"],"picked":"Metallicize","floor":1},{"not_picked":["Clash","Dual Wield"],"picked":"Dropkick","floor":2},{"not_picked":["Pommel Strike","Headbutt"],"picked":"Clothesline","floor":3},{"not_picked":["Headbutt","Iron Wave"],"picked":"Shockwave","floor":4},{"not_picked":["Iron Wave","Sentinel"],"picked":"Sword Boomerang","floor":5},{"not_picked":["Exhume","Clothesline"],"picked":"Intimidate","floor":8},{"not_picked":["Perfected Strike","Clash"],"picked":"Heavy Blade","floor":10}],"player_experience":2734128,"relics_obtained":[{"floor":8,"key":"Shuriken"},{"floor":9,"key":"Kunai"}],"event_choices":[{"damage_healed":0,"gold_gain":0,"player_choice":"Entered Light","damage_taken":23,"max_hp_gain":0,"max_hp_loss":0,"event_name":"Shining Light","floor":7,"gold_loss":0,"cards_upgraded":["Bash","Strike_R"]}],"is_beta":false,"boss_relics":[],"items_purged_floors":[],"is_endless":false,"potions_floor_spawned":[2,4,8,10],"killed_by":"Exordium Thugs","ascension_level":20}