{"gold_per_floor":[112,128,128,128,88,88,101,114,114,39,114,114,134,148,148,148],"floor_reached":16,"playtime":1318,"items_purged":["Strike_G"],"score":138,"play_id":"1516f201-1324-4fa9-9aa6-0a006251720c","local_time":"20181001001341","is_ascension_mode":true,"campfire_choices":[{"floor":6,"key":"REST"},{"floor":12,"key":"REST"},{"data":"Neutralize","floor":15,"key":"SMITH"}],"neow_cost":"NONE","seed_source_timestamp":341637536751238,"circlet_count":0,"master_deck":["Defend_G","Defend_G","Defend_G","Defend_G","Defend_G","Strike_G","Strike_G","Survivor","Neutralize+1","AscendersBane","Cloak And Dagger","Poisoned Stab","Cloak And Dagger","Blur","Terror","Blur"],"relics":["Ring of the Snake","Bird Faced Urn","Bottled Flame"],"potions_floor_usage":[5,13,14,14,16,16,16],"damage_taken":[{"damage":10,"enemies":"Cultist","floor":1,"turns":6},{"damage":0,"enemies":"Jaw Worm","floor":2,"turns":4},{"damage":0,"enemies":"2 Louse","floor":7,"turns":3},{"damage":10,"enemies":"2 Fungi Beasts","floor":8,"turns":4},{"damage":4,"enemies":"3 Louse","floor":13,"turns":6},{"damage":5,"enemies":"Exordium Wildlife","floor":14,"turns":7},{"damage":62,"enemies":"Slime Boss","floor":16,"turns":14}],"seed_played":"-3796104316100345440","potions_obtained":[{"floor":5,"key":"EssenceOfSteel"},{"floor":5,"key":"Fruit Juice"},{"floor":5,"key":"EntropicBrew"},{"floor":13,"key":"SkillPotion"},{"floor":14,"key":"Weak Potion"}],"is_trial":false,"path_per_floor":["M","M","?","?","?","R","M","M","T","$","?","R","M","M","R"],"character_chosen":"THE_SILENT","items_purchased":[],"campfire_rested":2,"item_purchase_floors":[],"current_hp_per_floor":[53,53,35,35,40,62,62,52,52,52,41,63,59,54,54,0],"gold":148,"neow_bonus":"REMOVE_CARD","is_prod":false,"is_daily":false,"chose_seed":false,"campfire_upgraded":1,"win_rate":0,"timestamp":1538367221,"path_taken":["M","?","?","?","?","R","M","M","T","$","?","R","?","M","R","BOSS"],"build_version":"2018-08-23v2","purchased_purges":1,"victory":false,"max_hp_per_floor":[70,70,70,70,75,75,75,75,75,75,75,75,75,75,75,75],"card_choices":[{"not_picked":["Sucker Punch","Reflex"],"picked":"Cloak And Dagger","floor":1},{"not_picked":["Acrobatics","Riddle With Holes"],"picked":"Poisoned Stab","floor":2},{"not_picked":["Expertise","Quick Slash"],"picked":"Cloak And Dagger","floor":7},{"not_picked":["Deadly Poison","Bouncing Flask"],"picked":"Blur","floor":8},{"not_picked":["Calculated Gamble","PiercingWail"],"picked":"Terror","floor":13},{"not_picked":["Poisoned Stab","Blade Dance"],"picked":"Blur","floor":14}],"player_experience":1790786,"relics_obtained":[{"floor":9,"key":"Bottled Flame"}],"event_choices":[{"event_name":"Scrap Ooze","player_choice":"success","floor":3,"damage_taken":18},{"event_name":"Living Wall","player_choice":"Forget","floor":4,"damage_taken":0},{"event_name":"The Woman in Blue","player_choice":"Bought 3 Potions","floor":5,"damage_taken":0},{"event_name":"World of Goop","player_choice":"Gather Gold","floor":11,"damage_taken":0}],"is_beta":false,"boss_relics":[],"items_purged_floors":[10],"is_endless":false,"potions_floor_spawned":[13,14],"killed_by":"Slime Boss","ascension_level":10}