{"gold_per_floor":[114,114,139,139,214,258,258,271,271,292,313,199,374,52,52,181,181,197,197,197,197,218,254,179,179,179,179,218,241,262,19,19,150,150,175,243,243,257,18,43,43,84,84,84,184,184,203,226,226,226],"floor_reached":51,"playtime":2336,"items_purged":["Regret"],"score":796,"play_id":"04e216fe-cb7b-40e4-8077-552f37ccdbfb","local_time":"20191025224116","is_ascension_mode":true,"campfire_choices":[{"data":"Bash","floor":7,"key":"SMITH"},{"data":"Inflame","floor":15,"key":"SMITH"},{"floor":25,"key":"REST"},{"data":"Heavy Blade","floor":32,"key":"SMITH"},{"floor":41,"key":"REST"},{"floor":46,"key":"REST"},{"data":"Apotheosis","floor":49,"key":"SMITH"}],"neow_cost":"NONE","seed_source_timestamp":879445996655500,"circlet_count":0,"master_deck":["Strike_R+1","Strike_R+1","Strike_R+1","Strike_R+1","Strike_R+1","Defend_R+1","Defend_R+1","Defend_R+1","Bash+1","Shrug It Off","Battle Trance","Headbutt","Flex","Twin Strike","Inflame+1","Pummel","Bludgeon","Heavy Blade+1","Twin Strike+1","Rupture","Whirlwind+1","Pummel","Anger","Limit Break","Pommel Strike+1","Flex+1","Flame Barrier","Combust","Apotheosis+1","Anger+1","Pummel"],"relics":["Burning Blood","NeowsBlessing","Golden Idol","Letter Opener","Bag of Preparation","Bottled Flame","Bottled Tornado","Velvet Choker","MutagenicStrength","Spirit Poop","Bird Faced Urn","Pantograph","Happy Flower","Lee\u0027s Waffle","Sozu","Torii","Bronze Scales","Art of War"],"potions_floor_usage":[16,23,23,28,40,40],"damage_taken":[{"damage":0,"enemies":"Jaw Worm","floor":1,"turns":1},{"damage":0,"enemies":"2 Louse","floor":3,"turns":1},{"damage":3,"enemies":"3 Sentries","floor":6,"turns":2},{"damage":10,"enemies":"Small Slimes","floor":8,"turns":4},{"damage":12,"enemies":"2 Fungi Beasts","floor":10,"turns":4},{"damage":8,"enemies":"Looter","floor":11,"turns":3},{"damage":41,"enemies":"The Guardian","floor":16,"turns":10},{"damage":20,"enemies":"3 Byrds","floor":18,"turns":6},{"damage":10,"enemies":"Chosen","floor":22,"turns":3},{"damage":25,"enemies":"Gremlin Leader","floor":23,"turns":4},{"damage":25,"enemies":"Slavers","floor":28,"turns":5},{"damage":0,"enemies":"Snake Plant","floor":29,"turns":3},{"damage":8,"enemies":"Centurion and Healer","floor":30,"turns":2},{"damage":74,"enemies":"Champ","floor":33,"turns":7},{"damage":2,"enemies":"Orb Walker","floor":35,"turns":2},{"damage":19,"enemies":"2 Orb Walkers","floor":36,"turns":3},{"damage":0,"enemies":"3 Darklings","floor":38,"turns":1},{"damage":47,"enemies":"Writhing Mass","floor":40,"turns":3},{"damage":27,"enemies":"Giant Head","floor":42,"turns":7},{"damage":13,"enemies":"Maw","floor":47,"turns":4},{"damage":0,"enemies":"Spire Growth","floor":48,"turns":2},{"damage":71,"enemies":"Time Eater","floor":50,"turns":8}],"seed_played":"5744959081815780389","potions_obtained":[{"floor":3,"key":"GamblersBrew"},{"floor":8,"key":"LiquidBronze"},{"floor":11,"key":"LiquidBronze"},{"floor":16,"key":"SkillPotion"},{"floor":22,"key":"AttackPotion"},{"floor":23,"key":"Explosive Potion"},{"floor":28,"key":"SneckoOil"}],"is_trial":false,"path_per_floor":["M","?","M","?","?","E","R","M","T","M","M","$","?","$","R","B",null,"M","?","?","?","M","E","?","R","T","?","E","M","M","$","R","B",null,"M","?","$","M","$","M","R","E","T","?","?","R","M","M","R","B",null],"character_chosen":"IRONCLAD","items_purchased":["Inflame","Pummel","Bottled Tornado","Lee\u0027s Waffle","Anger","Combust","Apotheosis"],"campfire_rested":3,"item_purchase_floors":[12,12,14,31,31,39,39],"current_hp_per_floor":[80,80,80,80,69,72,72,68,68,62,60,60,60,60,60,25,80,66,66,66,66,62,43,43,67,67,67,50,58,58,87,87,19,87,87,74,74,82,82,43,69,54,54,54,54,80,75,83,83,22],"gold":226,"neow_bonus":"THREE_ENEMY_KILL","is_prod":false,"is_daily":false,"chose_seed":false,"campfire_upgraded":4,"win_rate":0,"timestamp":1572036076,"path_taken":["M","?","M","?","?","E","R","?","T","M","M","$","?","$","R","BOSS","M","?","?","?","?","E","?","R","T","?","E","M","M","$","R","BOSS","M","?","$","M","$","M","R","E","T","?","?","R","M","M","R","BOSS"],"build_version":"2019-07-17","purchased_purges":1,"victory":true,"max_hp_per_floor":[80,80,80,80,80,80,80,80,80,80,80,80,80,80,80,80,80,80,80,80,80,80,80,80,80,80,80,80,80,80,87,87,87,87,87,87,87,87,87,87,87,87,87,87,87,87,87,87,87,87],"card_choices":[{"not_picked":["Clothesline","Headbutt"],"picked":"Shrug It Off","floor":1},{"not_picked":["Sever Soul","Rupture"],"picked":"Clash","floor":3},{"not_picked":["Headbutt","Havoc"],"picked":"Battle Trance","floor":6},{"not_picked":["Wild Strike","Seeing Red"],"picked":"Headbutt","floor":8},{"not_picked":["Havoc","Blood for Blood"],"picked":"Flex","floor":10},{"not_picked":["Burning Pact","Pummel"],"picked":"Twin Strike","floor":11},{"not_picked":["Exhume","Fiend Fire"],"picked":"Bludgeon","floor":16},{"not_picked":["Rage","Searing Blow"],"picked":"Heavy Blade","floor":18},{"not_picked":["Dropkick","Searing Blow+1"],"picked":"Twin Strike+1","floor":22},{"not_picked":["Perfected Strike+1","True Grit+1"],"picked":"Rupture","floor":23},{"not_picked":["Wild Strike","Feel No Pain"],"picked":"Whirlwind+1","floor":28},{"not_picked":["Twin Strike","Warcry"],"picked":"Pummel","floor":29},{"not_picked":["Twin Strike","Body Slam+1","Pommel Strike"],"picked":"SKIP","floor":30},{"not_picked":["Juggernaut","Double Tap"],"picked":"Limit Break","floor":33},{"not_picked":["Havoc","Headbutt+1"],"picked":"Pommel Strike+1","floor":35},{"not_picked":["Pummel+1","Warcry+1"],"picked":"Flex+1","floor":36},{"not_picked":["Iron Wave","Sword Boomerang+1"],"picked":"Flame Barrier","floor":38},{"not_picked":["Entrench+1","True Grit"],"picked":"Anger+1","floor":40},{"not_picked":["Rampage+1","Carnage+1","Dual Wield"],"picked":"SKIP","floor":42},{"not_picked":["Thunderclap+1","Warcry"],"picked":"Pummel","floor":47},{"not_picked":["Feel No Pain+1","Pommel Strike+1","Perfected Strike"],"picked":"SKIP","floor":48}],"player_experience":131069,"relics_obtained":[{"floor":6,"key":"Bag of Preparation"},{"floor":9,"key":"Bottled Flame"},{"floor":23,"key":"Bird Faced Urn"},{"floor":26,"key":"Pantograph"},{"floor":28,"key":"Happy Flower"},{"floor":36,"key":"Torii"},{"floor":42,"key":"Bronze Scales"},{"floor":43,"key":"Art of War"}],"event_choices":[{"damage_healed":0,"gold_gain":0,"player_choice":"Take Wound","damage_taken":0,"relics_obtained":["Golden Idol"],"max_hp_gain":0,"max_hp_loss":0,"event_name":"Golden Idol","floor":2,"gold_loss":0,"cards_obtained":["Injury"]},{"damage_healed":0,"gold_gain":0,"player_choice":"Box","damage_taken":0,"relics_obtained":["Letter Opener"],"max_hp_gain":0,"max_hp_loss":0,"event_name":"Big Fish","floor":4,"gold_loss":0,"cards_obtained":["Regret"]},{"damage_healed":0,"gold_gain":75,"player_choice":"Gather Gold","damage_taken":11,"max_hp_gain":0,"max_hp_loss":0,"event_name":"World of Goop","floor":5,"gold_loss":0},{"damage_healed":0,"gold_gain":175,"player_choice":"AGREE","damage_taken":0,"max_hp_gain":0,"max_hp_loss":0,"event_name":"Liars Game","floor":13,"gold_loss":0,"cards_obtained":["Doubt"]},{"damage_healed":0,"gold_gain":0,"player_choice":"Simplicity","damage_taken":0,"max_hp_gain":0,"max_hp_loss":0,"event_name":"Back to Basics","floor":19,"gold_loss":0,"cards_upgraded":["Strike_R","Strike_R","Strike_R","Strike_R","Strike_R","Defend_R","Defend_R","Defend_R","Defend_R"]},{"damage_healed":0,"gold_gain":0,"player_choice":"Inject Mutagens","damage_taken":0,"relics_obtained":["MutagenicStrength"],"max_hp_gain":0,"max_hp_loss":0,"event_name":"Drug Dealer","floor":20,"gold_loss":0},{"cards_removed":["Doubt"],"damage_healed":0,"gold_gain":0,"player_choice":"Offered Curse","damage_taken":0,"relics_obtained":["Spirit Poop"],"max_hp_gain":0,"max_hp_loss":0,"event_name":"Bonfire Elementals","floor":21,"gold_loss":0},{"cards_removed":["Injury"],"damage_healed":0,"gold_gain":0,"player_choice":"Gave Gold","damage_taken":0,"max_hp_gain":0,"max_hp_loss":0,"event_name":"Beggar","floor":24,"gold_loss":75},{"cards_removed":["Clash"],"damage_healed":0,"gold_gain":0,"player_choice":"Purged","damage_taken":0,"max_hp_gain":0,"max_hp_loss":0,"event_name":"Purifier","floor":27,"gold_loss":0},{"damage_healed":0,"gold_gain":0,"player_choice":"Fight","damage_taken":0,"max_hp_gain":0,"max_hp_loss":0,"event_name":"Mysterious Sphere","floor":36,"gold_loss":0},{"cards_removed":["Defend_R"],"damage_healed":0,"gold_gain":0,"player_choice":"Removed Skill","damage_taken":0,"max_hp_gain":0,"max_hp_loss":0,"event_name":"Falling","floor":44,"gold_loss":0},{"damage_healed":0,"gold_gain":100,"player_choice":"Pray","damage_taken":0,"max_hp_gain":0,"max_hp_loss":0,"event_name":"Golden Shrine","floor":45,"gold_loss":0}],"is_beta":false,"boss_relics":[{"not_picked":["Snecko Eye","Orrery"],"picked":"Velvet Choker"},{"not_picked":["Busted Crown","Calling Bell"],"picked":"Sozu"}],"items_purged_floors":[14],"is_endless":false,"potions_floor_spawned":[3,8,11,16,22,23,28,36,40,47],"ascension_level":1}