{"gold_per_floor":[117,136,154,167,342,342,617,634,634,634,647,672,4,21,21,21],"floor_reached":16,"playtime":753,"items_purged":[],"score":104,"play_id":"d3e01a28-164d-4a4a-afb5-af393e23da55","local_time":"20190916095851","is_ascension_mode":false,"campfire_choices":[{"floor":6,"key":"REST"},{"floor":10,"key":"RECALL"},{"floor":15,"key":"REST"}],"neow_cost":"NONE","seed_source_timestamp":260456355248597,"circlet_count":0,"master_deck":["Strike_P","Strike_P","Strike_P","Strike_P","Defend_P","Defend_P","Defend_P","Defend_P","Eruption","Vigilance","BowlingBash","FollowUp","FlowState","Consecrate","Doubt","Regret","FollowUp","CrushJoints","Conclude","Alpha","FearNoEvil","Corruption"],"relics":["PureWater","Ornamental Fan","PreservedInsect","Strawberry","Juzu Bracelet","PrismaticShard"],"potions_floor_usage":[12,12,12],"damage_taken":[{"damage":0,"enemies":"Small Slimes","floor":1,"turns":2},{"damage":1,"enemies":"2 Louse","floor":2,"turns":2},{"damage":1,"enemies":"Cultist","floor":3,"turns":4},{"damage":21,"enemies":"Red Slaver","floor":4,"turns":6},{"damage":4,"enemies":"Exordium Wildlife","floor":8,"turns":3},{"damage":4,"enemies":"Looter","floor":11,"turns":3},{"damage":28,"enemies":"Gremlin Nob","floor":12,"turns":6},{"damage":0,"enemies":"3 Louse","floor":14,"turns":3},{"damage":66,"enemies":"The Guardian","floor":16,"turns":8}],"seed_played":"-54581520280496882","potions_obtained":[{"floor":1,"key":"SkillPotion"},{"floor":2,"key":"AttackPotion"},{"floor":4,"key":"PowerPotion"},{"floor":14,"key":"Strength Potion"}],"is_trial":false,"path_per_floor":["M","M","M","M","?","R","?","M","T","R","M","E","$","M","R","B"],"character_chosen":"WATCHER","items_purchased":["Strawberry","Juzu Bracelet","PrismaticShard","Alpha","FearNoEvil"],"campfire_rested":2,"item_purchase_floors":[13,13,13,13,13],"current_hp_per_floor":[71,70,69,48,48,69,69,65,65,65,61,33,40,40,63,0],"gold":21,"neow_bonus":"TEN_PERCENT_HP_BONUS","is_prod":false,"is_daily":false,"chose_seed":false,"campfire_upgraded":0,"win_rate":0.0,"timestamp":1568638731,"path_taken":["M","M","M","M","?","R","?","?","T","R","M","E","?","M","R","BOSS"],"build_version":"2019-09-12","purchased_purges":0,"victory":false,"max_hp_per_floor":[71,71,71,71,71,71,71,71,71,71,71,71,78,78,78,78],"card_choices":[{"not_picked":["Scrawl","PathToVictory"],"picked":"BowlingBash","floor":1},{"not_picked":["ClearTheMind","CrushJoints"],"picked":"FollowUp","floor":2},{"not_picked":["WreathOfFlame","Halt"],"picked":"FlowState","floor":3},{"not_picked":["Vengeance","WaveOfTheHand"],"picked":"Consecrate","floor":4},{"not_picked":["Sanctity","FlyingSleeves"],"picked":"FollowUp","floor":8},{"not_picked":["JustLucky","Sanctity"],"picked":"CrushJoints","floor":11},{"not_picked":["FollowUp","CrushJoints"],"picked":"Conclude","floor":12},{"not_picked":["Sentinel","Jack Of All Trades"],"picked":"Corruption","floor":14}],"player_experience":422325,"relics_obtained":[{"floor":9,"key":"Ornamental Fan"},{"floor":12,"key":"PreservedInsect"}],"event_choices":[{"damage_healed":0,"gold_gain":175,"player_choice":"AGREE","damage_taken":0,"max_hp_gain":0,"max_hp_loss":0,"event_name":"Liars Game","floor":5,"gold_loss":0,"cards_obtained":["Doubt"]},{"damage_healed":0,"gold_gain":275,"player_choice":"Desecrate","damage_taken":0,"max_hp_gain":0,"max_hp_loss":0,"event_name":"Golden Shrine","floor":7,"gold_loss":0,"cards_obtained":["Regret"]}],"is_beta":true,"boss_relics":[],"items_purged_floors":[],"is_endless":false,"potions_floor_spawned":[1,2,4,14],"killed_by":"The Guardian","ascension_level":0}