{"gold_per_floor":[111,111,128,145,145,145,220,220,266,293,293,308,326,343,343,446,446,463,463,316,330,1,13,52,80,92,19,31,43,71,112,124,240,252,282,294,321,333,358,370,413,425,437,460,507,519,0,22,34,46],"floor_reached":51,"playtime":5966,"items_purged":["Decay"],"score":1093,"play_id":"fd32ce12-b861-4fcb-a778-9e60c5defbd3","local_time":"20181013170654","is_ascension_mode":true,"campfire_choices":[{"data":"Go for the Eyes","floor":6.0,"key":"SMITH"},{"data":"Streamline","floor":8.0,"key":"SMITH"},{"data":"Zap","floor":11.0,"key":"SMITH"},{"data":"Static Discharge","floor":15.0,"key":"SMITH"},{"floor":23.0,"key":"REST"},{"floor":29.0,"key":"REST"},{"floor":32.0,"key":"REST"},{"floor":40.0,"key":"REST"},{"floor":42.0,"key":"REST"},{"floor":46,"key":"REST"},{"floor":49,"key":"REST"}],"neow_cost":"NONE","seed_source_timestamp":0,"circlet_count":0,"master_deck":["Zap+1","Dualcast","AscendersBane","Go for the Eyes+1","Streamline+1","Reboot","Chill","Ball Lightning","Reinforced Body","Static Discharge+1","Turbo","Steam Power+1","Biased Cognition","Chaos+1","Loop","Ball Lightning+1","Apotheosis","White Noise","Reprogram+1","Stack","Leap","Stack","Self Repair","Sweeping Beam","Barrage","Gash","Hologram","Gash","Chill+1","Hologram+1","Reboot","Beam Cell","Go for the Eyes+1"],"special_seed":0,"relics":["Cracked Core","Strawberry","Bird Faced Urn","Busted Crown","MawBank","War Paint","Mercury Hourglass","Nloth\u0027s Gift","Blood Vial","Pandora\u0027s Box","Anchor","Unceasing Top","Shuriken","Pantograph","FossilizedHelix","Red Mask"],"potions_floor_usage":[50],"damage_taken":[{"damage":4.0,"enemies":"Jaw Worm","floor":1.0,"turns":3.0},{"damage":0.0,"enemies":"2 Louse","floor":3.0,"turns":2.0},{"damage":3.0,"enemies":"Cultist","floor":4.0,"turns":4.0},{"damage":16.0,"enemies":"Gremlin Nob","floor":10.0,"turns":3.0},{"damage":0.0,"enemies":"Exordium Wildlife","floor":12.0,"turns":3.0},{"damage":0.0,"enemies":"Lots of Slimes","floor":13.0,"turns":4.0},{"damage":9.0,"enemies":"2 Fungi Beasts","floor":14.0,"turns":2.0},{"damage":17.0,"enemies":"The Guardian","floor":16.0,"turns":8.0},{"damage":14.0,"enemies":"3 Byrds","floor":18.0,"turns":4.0},{"damage":10.0,"enemies":"Chosen","floor":21.0,"turns":5.0},{"damage":35.0,"enemies":"Slavers","floor":24.0,"turns":4.0},{"damage":2.0,"enemies":"Snecko","floor":25.0,"turns":4.0},{"damage":19.0,"enemies":"Snake Plant","floor":30.0,"turns":3.0},{"damage":14.0,"enemies":"Gremlin Leader","floor":31.0,"turns":6.0},{"damage":40.0,"enemies":"Collector","floor":33.0,"turns":9.0},{"damage":0.0,"enemies":"Orb Walker","floor":35.0,"turns":3.0},{"damage":36.0,"enemies":"3 Darklings","floor":37.0,"turns":5.0},{"damage":10.0,"enemies":"Mind Bloom Boss Battle","floor":38.0,"turns":7.0},{"damage":11.0,"enemies":"Spire Growth","floor":39.0,"turns":4.0},{"damage":86.0,"enemies":"Giant Head","floor":41.0,"turns":10.0},{"damage":21.0,"enemies":"Maw","floor":44.0,"turns":6.0},{"damage":10,"enemies":"2 Orb Walkers","floor":45,"turns":5},{"damage":0,"enemies":"4 Shapes","floor":48,"turns":3},{"damage":53,"enemies":"Donu and Deca","floor":50,"turns":10}],"seed_played":"-8292445451982052902","potions_obtained":[{"floor":10.0,"key":"Fire Potion"},{"floor":12.0,"key":"Poison Potion"},{"floor":16.0,"key":"Strength Potion"},{"floor":21.0,"key":"EntropicBrew"},{"floor":31.0,"key":"Regen Potion"},{"floor":33.0,"key":"SneckoOil"},{"floor":35.0,"key":"SkillPotion"},{"floor":37.0,"key":"Poison Potion"},{"floor":39.0,"key":"SpeedPotion"},{"floor":41.0,"key":"GamblersBrew"}],"is_trial":false,"path_per_floor":["M","?","M","M","?","R","?","R","T","E","R","M","M","M","R","B",null,"M","?","$","M","$","R","E","M","T","?","?","R","M","E","R","B",null,"M","?","M","?","M","R","E","R","T","M","E","R","?","M","R","B"],"character_chosen":"DEFECT","items_purchased":["Loop","Apotheosis","MawBank"],"campfire_rested":7,"item_purchase_floors":[20,22,22],"current_hp_per_floor":[64,64,64,61,75,75,68,68,75,59,59,59,61,54,54,39,71,61,61,61,57,57,81,48,52,52,52,52,76,61,55,79,55,75,81,81,48,60,69,82,14,38,38,39,42,66,66,72,82,41],"gold":58,"neow_bonus":"THREE_CARDS","is_prod":false,"is_daily":false,"chose_seed":false,"campfire_upgraded":4,"win_rate":0,"timestamp":1539464814,"path_taken":["M","?","?","M","?","R","?","R","T","E","R","M","?","?","R","BOSS","M","?","$","?","$","R","E","M","T","?","?","R","?","E","R","BOSS","M","?","?","?","M","R","E","R","T","M","E","R","?","M","R","BOSS"],"build_version":"2018-10-04v2","purchased_purges":1,"victory":true,"max_hp_per_floor":[75,75,75,75,75,75,75,75,82,82,82,82,82,82,82,82,82,82,82,82,82,82,82,82,82,82,82,82,82,82,82,82,82,82,82,82,82,82,82,82,82,82,82,82,82,82,82,82,82,82],"card_choices":[{"not_picked":["Glacier","Coolheaded"],"picked":"Go for the Eyes","floor":0.0},{"not_picked":["Beam Cell","Recycle"],"picked":"Streamline","floor":1.0},{"not_picked":["Tempest","Compile Driver"],"picked":"Chill","floor":3.0},{"not_picked":["Melter","Compile Driver"],"picked":"Ball Lightning","floor":4.0},{"not_picked":["Amplify","Heatsinks"],"picked":"Reinforced Body","floor":10.0},{"not_picked":["Tempest","Redo"],"picked":"Static Discharge","floor":12.0},{"not_picked":["Hello World","Redo"],"picked":"Turbo","floor":13.0},{"not_picked":["Compile Driver","Turbo"],"picked":"Steam Power","floor":14.0},{"not_picked":["Seek","Machine Learning"],"picked":"Biased Cognition","floor":16.0},{"not_picked":[],"picked":"Chaos","floor":18.0},{"not_picked":[],"picked":"Ball Lightning+1","floor":21.0},{"not_picked":[],"picked":"White Noise","floor":24.0},{"not_picked":[],"picked":"Reprogram+1","floor":25.0},{"not_picked":[],"picked":"Stack","floor":30.0},{"not_picked":[],"picked":"Leap","floor":31.0},{"not_picked":[],"picked":"Meteor Strike","floor":33.0},{"not_picked":[],"picked":"Chill+1","floor":35.0},{"not_picked":["Streamline"],"picked":"SKIP","floor":37.0},{"not_picked":[],"picked":"Hologram+1","floor":38.0},{"not_picked":["Blizzard"],"picked":"SKIP","floor":39.0},{"not_picked":[],"picked":"Reboot","floor":41.0},{"not_picked":[],"picked":"Beam Cell","floor":44.0},{"not_picked":[],"picked":"Go for the Eyes+1","floor":45},{"not_picked":["Sweeping Beam"],"picked":"SKIP","floor":48}],"player_experience":1852744,"relics_obtained":[{"floor":9.0,"key":"Strawberry"},{"floor":10.0,"key":"Bird Faced Urn"},{"floor":24.0,"key":"War Paint"},{"floor":26.0,"key":"Mercury Hourglass"},{"floor":31.0,"key":"Blood Vial"},{"floor":38.0,"key":"Unceasing Top"},{"floor":41.0,"key":"Shuriken"},{"floor":43.0,"key":"Pantograph"},{"floor":45,"key":"FossilizedHelix"}],"event_choices":[{"event_name":"Living Wall","player_choice":"Change","floor":2.0,"damage_taken":0.0},{"event_name":"Wheel of Change","player_choice":"Full Heal","floor":5.0,"damage_taken":0.0},{"event_name":"FaceTrader","player_choice":"Touch","floor":7.0,"damage_taken":0.0},{"event_name":"Forgotten Altar","player_choice":"Smashed Altar","floor":19.0,"damage_taken":0.0},{"event_name":"Addict","player_choice":"Obtained Relic","floor":27.0,"damage_taken":0.0},{"event_name":"N\u0027loth","player_choice":"Traded a Pen Nib","floor":28.0,"damage_taken":0.0},{"event_name":"WeMeetAgain","player_choice":"Card","floor":36.0,"damage_taken":0.0},{"event_name":"MindBloom","player_choice":"Fight","floor":38.0,"damage_taken":0.0},{"event_name":"Tomb of Lord Red Mask","player_choice":"Paid","floor":47,"damage_taken":0}],"is_beta":false,"boss_relics":[{"not_picked":["White Beast Statue","Astrolabe"],"picked":"Busted Crown"},{"not_picked":["Black Star","Empty Cage"],"picked":"Pandora\u0027s Box"}],"items_purged_floors":[20],"is_endless":false,"potions_floor_spawned":[10,12,16,21,31,33,35,37,39,41],"ascension_level":10}