{"gold_per_floor":[114,389,404,419,444,444,459,459,459,474,474,489,504,519,519,619,619,634,634,649,649],"floor_reached":21,"playtime":1415,"items_purged":[],"score":175,"play_id":"f2b0afeb-2309-49cd-938d-01eda0e9a7d6","local_time":"20191007085320","daily_mods":["Allstar","Purple Cards","DeadlyEvents"],"is_ascension_mode":false,"campfire_choices":[{"data":"Brilliance","floor":6,"key":"SMITH"},{"data":"Conclude","floor":8,"key":"SMITH"},{"data":"JustLucky","floor":11,"key":"SMITH"},{"data":"Deadly Poison","floor":15,"key":"SMITH"}],"neow_cost":"","seed_source_timestamp":116851431061232,"circlet_count":0,"master_deck":["Survivor","Neutralize","Madness","Finesse","Magnetism","Sadistic Nature","PanicButton","Backstab","Regret","JustLucky","Brilliance+1","Conclude+1","JustLucky+1","Prostrate","ClearTheMind","Deadly Poison+1","Corpse Explosion","Endless Agony","Caltrops","Discipline","Envenom","SpiritShield","Indignation","Storm of Steel","JustLucky","Protect","Riddle With Holes","Footwork+1","Pain","Worship"],"special_seed":18176,"relics":["Ring of the Snake","Ancient Tea Set","Pen Nib","Pandora\u0027s Box","WarpedTongs"],"potions_floor_usage":[13,18,18,20],"damage_taken":[{"damage":0,"enemies":"2 Louse","floor":1,"turns":5},{"damage":3,"enemies":"Cultist","floor":3,"turns":4},{"damage":0,"enemies":"Jaw Worm","floor":4,"turns":5},{"damage":1,"enemies":"Exordium Thugs","floor":7,"turns":6},{"damage":2,"enemies":"Looter","floor":10,"turns":3},{"damage":3,"enemies":"3 Louse","floor":12,"turns":5},{"damage":0,"enemies":"Large Slime","floor":13,"turns":3},{"damage":0,"enemies":"Blue Slaver","floor":14,"turns":4},{"damage":32,"enemies":"Slime Boss","floor":16,"turns":12},{"damage":21,"enemies":"3 Byrds","floor":18,"turns":3},{"damage":23,"enemies":"Spheric Guardian","floor":20,"turns":5},{"damage":43,"enemies":"Centurion and Healer","floor":21,"turns":6}],"seed_played":"9193087267040089487","potions_obtained":[{"floor":1,"key":"Energy Potion"},{"floor":12,"key":"Poison Potion"},{"floor":14,"key":"LiquidBronze"},{"floor":18,"key":"Poison Potion"}],"is_trial":false,"path_per_floor":["M","?","M","M","T","R","M","R","T","M","R","M","M","M","R","B",null,"M","?","M","M"],"character_chosen":"THE_SILENT","items_purchased":[],"campfire_rested":0,"item_purchase_floors":[],"current_hp_per_floor":[70,70,67,67,67,67,69,69,69,67,67,70,70,70,70,38,70,49,49,26,0],"gold":649,"neow_bonus":"","is_prod":false,"is_daily":true,"chose_seed":false,"campfire_upgraded":4,"win_rate":0,"timestamp":1570449200,"path_taken":["M","?","M","?","?","R","M","R","T","M","R","M","M","M","R","BOSS","M","?","M","M"],"build_version":"2019-10-04","purchased_purges":0,"victory":false,"max_hp_per_floor":[70,70,70,70,70,70,70,70,70,70,70,70,70,70,70,70,70,70,70,70,70],"card_choices":[{"not_picked":["Conclude","Protect"],"picked":"Backstab","floor":1},{"not_picked":["Predator","Deflect"],"picked":"JustLucky","floor":3},{"not_picked":["Prepared","Protect"],"picked":"Brilliance","floor":4},{"not_picked":["Blur","Crescendo"],"picked":"Conclude","floor":7},{"not_picked":["Sucker Punch","Tantrum"],"picked":"JustLucky","floor":10},{"not_picked":["Sucker Punch","Concentrate"],"picked":"Prostrate","floor":12},{"not_picked":["FlyingSleeves","EmptyFist"],"picked":"ClearTheMind","floor":13},{"not_picked":["BowlingBash","Burst"],"picked":"Deadly Poison","floor":14},{"not_picked":["Die Die Die","Glass Knife"],"picked":"Corpse Explosion","floor":16},{"not_picked":["Cloak And Dagger","Sanctity"],"picked":"Footwork+1","floor":18},{"not_picked":["ThirdEye+1","Deflect"],"picked":"Worship","floor":20}],"player_experience":436745,"relics_obtained":[{"floor":5,"key":"Ancient Tea Set"},{"floor":9,"key":"Pen Nib"}],"event_choices":[{"damage_healed":0,"gold_gain":275,"player_choice":"Desecrate","damage_taken":0,"max_hp_gain":0,"max_hp_loss":0,"event_name":"Golden Shrine","floor":2,"gold_loss":0,"cards_obtained":["Regret"]},{"damage_healed":0,"gold_gain":0,"player_choice":"Rummage","damage_taken":0,"relics_obtained":["WarpedTongs"],"max_hp_gain":0,"max_hp_loss":0,"event_name":"Accursed Blacksmith","floor":19,"gold_loss":0,"cards_obtained":["Pain"]}],"is_beta":true,"boss_relics":[{"not_picked":["Coffee Dripper","Velvet Choker"],"picked":"Pandora\u0027s Box"}],"items_purged_floors":[],"is_endless":false,"potions_floor_spawned":[1,12,14,18],"killed_by":"Centurion and Healer","ascension_level":0}