{"gold_per_floor":[118,28,40,57,74,74,105,105,105,122,122,122,149,163,163,234,234,254,269,69,82,101,101,134,134,210,210,227,255,10,28,28,105,105,125,37,37,52,66,99,99,116,116,116,31,51,51,151,151,151],"floor_reached":50,"playtime":5976,"items_purged":["Strike_B","Defend_B","Strike_B","Strike_B"],"score":947,"play_id":"92d2f068-8707-4fc6-b173-a1c26464b4d2","local_time":"20190211220229","is_ascension_mode":true,"campfire_choices":[{"data":"Streamline","floor":6.0,"key":"SMITH"},{"data":"Go for the Eyes","floor":8.0,"key":"SMITH"},{"data":"Beam Cell","floor":12.0,"key":"SMITH"},{"data":"Hologram","floor":15.0,"key":"SMITH"},{"floor":23.0,"key":"REST"},{"floor":25.0,"key":"REST"},{"floor":32.0,"key":"RECALL"},{"floor":41.0,"key":"REST"},{"floor":47.0,"key":"REST"},{"floor":49,"key":"REST"}],"neow_cost":"NONE","seed_source_timestamp":713363134899578,"circlet_count":0,"master_deck":["AscendersBane","Defend_B","Defend_B","Defend_B","Zap","Dualcast","Cold Snap","BootSequence","Go for the Eyes+1","Compile Driver","Streamline+1","Sweeping Beam","Beam Cell+1","Hologram+1","Chill","All For One","Undo+1","Seek","Defragment","Static Discharge+1","Hyperbeam","Redo+1","All For One","Rip and Tear","Sunder","Madness","Madness","Rebound+1","Defragment"],"special_seed":0,"relics":["Cracked Core","Smiling Mask","Ornamental Fan","Pantograph","Art of War","Fusion Hammer","Orichalcum","Sundial","Bag of Marbles","Shuriken","Nuclear Battery","DataDisk","Incense Burner"],"potions_floor_usage":[50,50],"damage_taken":[{"damage":12.0,"enemies":"2 Louse","floor":1.0,"turns":3.0},{"damage":4.0,"enemies":"Jaw Worm","floor":3.0,"turns":4.0},{"damage":0.0,"enemies":"Small Slimes","floor":4.0,"turns":4.0},{"damage":0.0,"enemies":"Exordium Thugs","floor":5.0,"turns":4.0},{"damage":13.0,"enemies":"Gremlin Nob","floor":7.0,"turns":4.0},{"damage":9.0,"enemies":"Exordium Wildlife","floor":10.0,"turns":4.0},{"damage":8.0,"enemies":"3 Sentries","floor":13.0,"turns":4.0},{"damage":0.0,"enemies":"Looter","floor":14.0,"turns":2.0},{"damage":2.0,"enemies":"The Guardian","floor":16.0,"turns":9.0},{"damage":1.0,"enemies":"Spheric Guardian","floor":18.0,"turns":3.0},{"damage":0.0,"enemies":"3 Byrds","floor":19.0,"turns":4.0},{"damage":24.0,"enemies":"Snake Plant","floor":21.0,"turns":3.0},{"damage":1.0,"enemies":"Snecko","floor":22.0,"turns":4.0},{"damage":11.0,"enemies":"Book of Stabbing","floor":24.0,"turns":6.0},{"damage":0.0,"enemies":"3 Cultists","floor":28.0,"turns":6.0},{"damage":0.0,"enemies":"Gremlin Leader","floor":29.0,"turns":5.0},{"damage":6.0,"enemies":"Snake Plant","floor":31.0,"turns":2.0},{"damage":12.0,"enemies":"Collector","floor":33.0,"turns":10.0},{"damage":8.0,"enemies":"3 Darklings","floor":35.0,"turns":7.0},{"damage":4.0,"enemies":"3 Shapes","floor":38.0,"turns":2.0},{"damage":0.0,"enemies":"Transient","floor":39.0,"turns":4.0},{"damage":7.0,"enemies":"Nemesis","floor":40.0,"turns":3.0},{"damage":25.0,"enemies":"Sphere and 2 Shapes","floor":42.0,"turns":4.0},{"damage":27.0,"enemies":"4 Shapes","floor":46.0,"turns":4.0},{"damage":0,"enemies":"Mind Bloom Boss Battle","floor":48,"turns":3},{"damage":85,"enemies":"Time Eater","floor":50,"turns":10}],"seed_played":"5698992480038635930","potions_obtained":[{"floor":3.0,"key":"Fire Potion"},{"floor":4.0,"key":"EssenceOfSteel"},{"floor":10.0,"key":"Poison Potion"},{"floor":14.0,"key":"Dexterity Potion"},{"floor":22.0,"key":"SneckoOil"},{"floor":29.0,"key":"SkillPotion"},{"floor":33.0,"key":"EssenceOfSteel"},{"floor":35.0,"key":"Strength Potion"},{"floor":38.0,"key":"Poison Potion"},{"floor":39.0,"key":"Fire Potion"},{"floor":46.0,"key":"FearPotion"}],"is_trial":false,"path_per_floor":["M","$","M","M","M","R","E","R","T","M","?","R","E","M","R","B",null,"M","M","$","M","M","R","E","R","T","?","M","E","$","M","R","B",null,"M","$","?","M","M","E","R","M","T","?","$","M","R","?","R","B"],"character_chosen":"DEFECT","items_purchased":["BootSequence","Seek","Defragment","Shuriken","Sunder","Defragment"],"campfire_rested":5,"item_purchase_floors":[2,20,20,30,36,45],"current_hp_per_floor":[56,56,52,52,52,52,39,39,39,30,30,30,22,22,22,45,68,67,67,67,43,42,64,53,75,75,61,61,61,61,55,55,68,77,69,69,59,55,55,48,72,47,47,47,47,20,44,69,80,0],"gold":151,"neow_bonus":"RANDOM_COMMON_RELIC","is_prod":false,"is_daily":false,"chose_seed":false,"campfire_upgraded":4,"win_rate":0,"timestamp":1549940549,"path_taken":["M","$","M","M","M","R","E","R","T","M","?","R","E","M","R","BOSS","M","M","$","M","M","R","E","R","T","?","M","E","$","M","R","BOSS","M","$","?","M","M","E","R","M","T","?","$","?","R","?","R","BOSS"],"build_version":"2019-01-23","purchased_purges":4,"victory":false,"max_hp_per_floor":[75,75,75,75,75,75,75,75,75,75,75,75,75,75,75,75,75,75,75,75,75,75,75,75,75,75,80,80,80,80,80,80,80,80,80,80,80,80,80,80,80,80,80,80,80,80,80,80,80,80],"card_choices":[{"not_picked":["Coolheaded","Rebound"],"picked":"Cold Snap","floor":1.0},{"not_picked":["Skim","Darkness"],"picked":"Go for the Eyes","floor":3.0},{"not_picked":["Melter","Glacier"],"picked":"Compile Driver","floor":4.0},{"not_picked":["Reboot","Steam"],"picked":"Streamline","floor":5.0},{"not_picked":["Ball Lightning","Gash"],"picked":"Sweeping Beam","floor":7.0},{"not_picked":["Heatsinks","Coolheaded"],"picked":"Beam Cell","floor":10.0},{"not_picked":["Consume","Compile Driver"],"picked":"Hologram","floor":13.0},{"not_picked":["Blizzard","Sweeping Beam"],"picked":"Chill","floor":14.0},{"not_picked":["Reboot","Machine Learning"],"picked":"All For One","floor":16.0},{"not_picked":["Compile Driver","Steam","Sweeping Beam"],"picked":"SKIP","floor":18.0},{"not_picked":["Gash+1","Darkness"],"picked":"Undo+1","floor":19.0},{"not_picked":["Go for the Eyes","Beam Cell","Hologram"],"picked":"SKIP","floor":21.0},{"not_picked":["Ball Lightning","Stack","Loop"],"picked":"SKIP","floor":22.0},{"not_picked":["Stack","Redo"],"picked":"Static Discharge+1","floor":24.0},{"not_picked":["Streamline","Stack"],"picked":"Hyperbeam","floor":28.0},{"not_picked":["Chill","Glacier","Ball Lightning"],"picked":"SKIP","floor":29.0},{"not_picked":["Loop","Hologram"],"picked":"Redo+1","floor":31.0},{"not_picked":["Amplify","Multi-Cast"],"picked":"All For One","floor":33.0},{"not_picked":["Force Field","Compile Driver"],"picked":"Rip and Tear","floor":35.0},{"not_picked":["Barrage+1","Beam Cell"],"picked":"Rebound+1","floor":38.0},{"not_picked":["Leap","Hologram","BootSequence"],"picked":"SKIP","floor":39.0},{"not_picked":["Redo","FTL","Tempest"],"picked":"SKIP","floor":40.0},{"not_picked":["Streamline","Hologram","Turbo"],"picked":"SKIP","floor":42.0},{"not_picked":["Streamline","Hologram","Turbo"],"picked":"SKIP","floor":42.0},{"not_picked":["Doom and Gloom","Coolheaded","Heatsinks+1"],"picked":"SKIP","floor":46.0}],"player_experience":2266893,"relics_obtained":[{"floor":7.0,"key":"Ornamental Fan"},{"floor":9.0,"key":"Pantograph"},{"floor":13.0,"key":"Art of War"},{"floor":24.0,"key":"Orichalcum"},{"floor":26.0,"key":"Sundial"},{"floor":29.0,"key":"Bag of Marbles"},{"floor":40.0,"key":"DataDisk"},{"floor":48,"key":"Incense Burner"}],"event_choices":[{"cards_removed":["Strike_B"],"damage_healed":0.0,"max_hp_gain":0.0,"max_hp_loss":0.0,"gold_gain":0.0,"event_name":"Living Wall","player_choice":"Forget","floor":11.0,"gold_loss":0.0,"damage_taken":0.0},{"damage_healed":0.0,"max_hp_gain":5.0,"max_hp_loss":0.0,"gold_gain":0.0,"event_name":"Forgotten Altar","player_choice":"Shed Blood","floor":27.0,"gold_loss":0.0,"damage_taken":19.0},{"damage_healed":0.0,"max_hp_gain":0.0,"max_hp_loss":0.0,"gold_gain":0.0,"event_name":"Winding Halls","player_choice":"Embrace Madness","floor":37.0,"gold_loss":0.0,"damage_taken":10.0,"cards_obtained":["Madness","Madness"]},{"damage_healed":0.0,"max_hp_gain":0.0,"max_hp_loss":0.0,"gold_gain":0.0,"event_name":"Tomb of Lord Red Mask","player_choice":"Ignored","floor":44.0,"gold_loss":0.0,"damage_taken":0.0},{"damage_healed":0,"gold_gain":0,"player_choice":"Fight","damage_taken":0,"max_hp_gain":0,"max_hp_loss":0,"event_name":"MindBloom","floor":48,"gold_loss":0}],"is_beta":false,"boss_relics":[{"not_picked":["Busted Crown","Lizard Tail"],"picked":"Fusion Hammer"},{"not_picked":["Orrery","Pandora\u0027s Box"],"picked":"Nuclear Battery"}],"items_purged_floors":[2,20,36,45],"is_endless":false,"potions_floor_spawned":[3,4,10,14,22,29,33,35,38,39,46,48],"killed_by":"Time Eater","ascension_level":13}