{"gold_per_floor":[115,130,148,0,15,28,40,40,40,40,14,14,44,56,56,157,157,169,14,14,29,42,42,42,60,60,60,80,80,91,91,91,190,190,207,63,63,163,209,209,236,236,282,16,16,0,18,29,29,29],"floor_reached":50,"playtime":3476,"items_purged":["Writhe"],"score":522,"play_id":"24f7ea8a-d59c-4000-b6a9-a8b4d4eedfc2","local_time":"20191021122330","is_ascension_mode":false,"campfire_choices":[{"floor":10.0,"key":"RECALL"},{"floor":15.0,"key":"REST"},{"floor":23,"key":"REST"},{"floor":27,"key":"REST"},{"floor":32,"key":"REST"},{"floor":40,"key":"REST"},{"floor":42,"key":"REST"},{"data":"MasterReality","floor":45,"key":"SMITH"},{"floor":49,"key":"REST"}],"neow_cost":"NONE","seed_source_timestamp":0,"circlet_count":0,"master_deck":["Strike_P","Strike_P","Strike_P","Defend_P","Defend_P","Defend_P","Defend_P","Eruption","Vigilance","EmptyFist","BowlingBash","EmptyFist","Bandage Up","SashWhip","PathToVictory","BattleHymn","BowlingBash","Parasite","Prostrate","Brilliance","Alpha","Protect+1","SashWhip+1","FollowUp","J.A.X.","DeceiveReality+1","Regret","EmptyBody+1","FollowUp","BattleHymn","MasterReality+1","CutThroughFate+1","FollowUp+1","PathToVictory+1","WaveOfTheHand","PathToVictory","BowlingBash+1","DeceiveReality+1"],"special_seed":0,"relics":["HolyWater","Ornamental Fan","Cursed Key","Pen Nib","Singing Bowl","Matryoshka","Regal Pillow","Lizard Tail","Mango","Eternal Feather","Akabeko","Boot","Strange Spoon","Red Mask"],"potions_floor_usage":[21,33,33,39],"damage_taken":[{"damage":5.0,"enemies":"Cultist","floor":1.0,"turns":7.0},{"damage":0.0,"enemies":"Small Slimes","floor":2.0,"turns":3.0},{"damage":0.0,"enemies":"2 Louse","floor":3.0,"turns":2.0},{"damage":0.0,"enemies":"Large Slime","floor":5.0,"turns":3.0},{"damage":7.0,"enemies":"Looter","floor":6.0,"turns":3.0},{"damage":18.0,"enemies":"Exordium Thugs","floor":7.0,"turns":4.0},{"damage":30.0,"enemies":"Gremlin Nob","floor":13.0,"turns":5.0},{"damage":7.0,"enemies":"Blue Slaver","floor":14.0,"turns":4.0},{"damage":42.0,"enemies":"Slime Boss","floor":16.0,"turns":12.0},{"damage":17.0,"enemies":"Chosen","floor":18.0,"turns":5.0},{"damage":33,"enemies":"Shell Parasite","floor":21,"turns":7},{"damage":33,"enemies":"Shelled Parasite and Fungi","floor":22,"turns":6},{"damage":27,"enemies":"Centurion and Healer","floor":25,"turns":4},{"damage":14,"enemies":"Cultist and Chosen","floor":28,"turns":8},{"damage":32,"enemies":"Snake Plant","floor":30,"turns":3},{"damage":72,"enemies":"Champ","floor":33,"turns":13},{"damage":39,"enemies":"3 Darklings","floor":35,"turns":7},{"damage":12,"enemies":"Mind Bloom Boss Battle","floor":38,"turns":7},{"damage":68,"enemies":"2 Orb Walkers","floor":39,"turns":6},{"damage":44,"enemies":"Nemesis","floor":41,"turns":7},{"damage":16,"enemies":"Orb Walker","floor":47,"turns":4},{"damage":29,"enemies":"Sphere and 2 Shapes","floor":48,"turns":6},{"damage":111,"enemies":"Donu and Deca","floor":50,"turns":7}],"seed_played":"-4611241634437230088","potions_obtained":[{"floor":2.0,"key":"Energy Potion"},{"floor":6.0,"key":"Weak Potion"},{"floor":13.0,"key":"Regen Potion"},{"floor":14.0,"key":"Fruit Juice"},{"floor":18.0,"key":"SneckoOil"},{"floor":22,"key":"Dexterity Potion"},{"floor":28,"key":"Fire Potion"},{"floor":38,"key":"FearPotion"}],"is_trial":false,"path_per_floor":["M","M","M","$","M","M","M","?","T","R","$","?","E","M","R","B",null,"M","$","?","M","M","R","?","M","T","R","M","?","M","?","R","B",null,"M","$","?","?","?","R","E","R","T","$","R","?","M","M","R","B"],"character_chosen":"WATCHER","items_purchased":["Bandage Up","SashWhip","Prostrate","Pen Nib","Regal Pillow","Strange Spoon","PathToVictory"],"campfire_rested":7,"item_purchase_floors":[4,4,11,19,36,44,44],"current_hp_per_floor":[74,74,74,74,78,75,61,79,79,79,79,79,53,55,80,42,84,67,67,67,59,42,67,67,44,44,69,74,74,45,45,70,2,84,49,49,49,44,34,78,38,98,98,98,98,98,82,65,98,0],"gold":29,"neow_bonus":"TEN_PERCENT_HP_BONUS","is_prod":false,"is_daily":false,"chose_seed":false,"campfire_upgraded":1,"win_rate":0.0,"timestamp":1571671410,"path_taken":["M","M","M","$","M","M","M","?","T","R","$","?","E","M","R","BOSS","M","$","?","M","?","R","?","M","T","R","M","?","M","?","R","BOSS","M","$","?","?","?","R","E","R","T","$","R","?","M","M","R","BOSS"],"build_version":"2019-10-18","purchased_purges":1,"victory":false,"max_hp_per_floor":[79,79,79,79,79,79,79,79,79,79,79,79,79,84,84,84,84,84,84,84,84,84,84,84,84,84,84,84,84,84,84,84,84,84,84,84,84,84,98,98,98,98,98,98,98,98,98,98,98,98],"card_choices":[{"not_picked":["Fasting2","Wireheading"],"picked":"EmptyFist","floor":1.0},{"not_picked":["Study","Prostrate"],"picked":"BowlingBash","floor":2.0},{"not_picked":["Wireheading","ForeignInfluence"],"picked":"EmptyFist","floor":3.0},{"not_picked":["Prostrate","Sanctity"],"picked":"PathToVictory","floor":5.0},{"not_picked":["MentalFortress","Scrawl"],"picked":"BattleHymn","floor":6.0},{"not_picked":["Protect","Collect"],"picked":"BowlingBash","floor":7.0},{"not_picked":["Prostrate","Pray"],"picked":"Brilliance","floor":13.0},{"not_picked":["Conclude","Study"],"picked":"JustLucky","floor":14.0},{"not_picked":["MasterReality","Judgement"],"picked":"Alpha","floor":16.0},{"not_picked":["CrushJoints+1","Fasting2"],"picked":"Protect+1","floor":18.0},{"not_picked":["MentalFortress","CutThroughFate"],"picked":"SashWhip+1","floor":21},{"not_picked":["CrushJoints","CutThroughFate"],"picked":"FollowUp","floor":22},{"not_picked":["WaveOfTheHand","EmptyFist"],"picked":"DeceiveReality+1","floor":25},{"not_picked":["WreathOfFlame","Omniscience"],"picked":"EmptyBody+1","floor":28},{"not_picked":["Nirvana","EmptyFist"],"picked":"FollowUp","floor":30},{"not_picked":["Vault","Ragnarok"],"picked":"MasterReality","floor":33},{"not_picked":["Wallop","Adaptation"],"picked":"CutThroughFate+1","floor":35},{"not_picked":["SpiritShield","Indignation"],"picked":"FollowUp+1","floor":38},{"not_picked":["BowlingBash","FlyingSleeves+1"],"picked":"PathToVictory+1","floor":39},{"not_picked":["Wallop","FlyingSleeves"],"picked":"WaveOfTheHand","floor":41},{"not_picked":["FlurryOfBlows+1","FlyingSleeves"],"picked":"BowlingBash+1","floor":47},{"not_picked":["SashWhip+1","Vault"],"picked":"DeceiveReality+1","floor":48}],"player_experience":461299,"relics_obtained":[{"floor":13.0,"key":"Ornamental Fan"},{"floor":26,"key":"Matryoshka"},{"floor":38,"key":"Lizard Tail"},{"floor":39,"key":"Mango"},{"floor":41,"key":"Eternal Feather"},{"floor":43,"key":"Akabeko"},{"floor":43,"key":"Boot"}],"event_choices":[{"damage_healed":19.0,"max_hp_gain":0.0,"max_hp_loss":0.0,"gold_gain":0.0,"event_name":"Mushrooms","player_choice":"Healed and dodged fight","floor":8.0,"gold_loss":0.0,"damage_taken":0.0,"cards_obtained":["Parasite"]},{"damage_healed":0.0,"max_hp_gain":0.0,"max_hp_loss":0.0,"gold_gain":0.0,"event_name":"Shining Light","player_choice":"Ignored","floor":12.0,"gold_loss":0.0,"damage_taken":0.0},{"damage_healed":0.0,"max_hp_gain":0.0,"max_hp_loss":0.0,"gold_gain":0.0,"event_name":"WeMeetAgain","player_choice":"Gave Potion","floor":20.0,"gold_loss":0.0,"damage_taken":0.0,"relics_obtained":["Singing Bowl"]},{"damage_healed":0,"gold_gain":0,"player_choice":"Obtain J.A.X.","damage_taken":0,"max_hp_gain":0,"max_hp_loss":0,"event_name":"Drug Dealer","floor":24,"gold_loss":0,"cards_obtained":["J.A.X."]},{"damage_healed":0,"gold_gain":0,"player_choice":"Ignored","damage_taken":0,"max_hp_gain":0,"max_hp_loss":0,"event_name":"Ghosts","floor":29,"gold_loss":0},{"damage_healed":0,"gold_gain":0,"cards_transformed":["JustLucky"],"player_choice":"Transformed","damage_taken":0,"max_hp_gain":0,"max_hp_loss":0,"event_name":"Transmorgrifier","floor":31,"gold_loss":0,"cards_obtained":["BattleHymn"]},{"cards_removed":["Strike_P"],"damage_healed":0,"gold_gain":0,"player_choice":"Removed Attack","damage_taken":0,"max_hp_gain":0,"max_hp_loss":0,"event_name":"Falling","floor":37,"gold_loss":0},{"damage_healed":0,"gold_gain":0,"player_choice":"Fight","damage_taken":0,"max_hp_gain":0,"max_hp_loss":0,"event_name":"MindBloom","floor":38,"gold_loss":0},{"damage_healed":0,"gold_gain":0,"player_choice":"Fight","damage_taken":0,"max_hp_gain":0,"max_hp_loss":0,"event_name":"Mysterious Sphere","floor":39,"gold_loss":0},{"damage_healed":0,"gold_gain":0,"player_choice":"Paid","damage_taken":0,"relics_obtained":["Red Mask"],"max_hp_gain":0,"max_hp_loss":0,"event_name":"Tomb of Lord Red Mask","floor":46,"gold_loss":16}],"is_beta":true,"boss_relics":[{"not_picked":["Pandora\u0027s Box","Empty Cage"],"picked":"Cursed Key"},{"not_picked":["Astrolabe","Runic Pyramid"],"picked":"HolyWater"}],"items_purged_floors":[44],"is_endless":false,"potions_floor_spawned":[2,6,13,14,18,22,28,38],"killed_by":"Donu and Deca","ascension_level":0}