{"gold_per_floor":[118,131,25,25,25,55,74,74,74,91,266,266,277,292,292,292],"floor_reached":16,"playtime":649,"items_purged":[],"score":102,"play_id":"8c4b55f7-9333-42f9-9ae8-fcbc85889b34","local_time":"20190717135146","is_ascension_mode":false,"campfire_choices":[{"floor":15,"key":"REST"}],"neow_cost":"NONE","seed_source_timestamp":185967030664029,"circlet_count":0,"master_deck":["Strike_G","Strike_G","Strike_G","Strike_G","Strike_G","Defend_G","Defend_G","Defend_G+1","Defend_G","Defend_G","Survivor","Neutralize+1","Backflip","Blade Dance","Finisher","Deflect+1","Regret","Flying Knee","Phantasmal Killer+1","Blur","Doubt","Bane","Crippling Poison"],"relics":["Ring of the Snake","Ninja Scroll","Gambling Chip","The Courier"],"potions_floor_usage":[13,13,13],"damage_taken":[{"damage":0,"enemies":"Small Slimes","floor":1,"turns":3},{"damage":0,"enemies":"Jaw Worm","floor":2,"turns":8},{"damage":38,"enemies":"Gremlin Nob","floor":6,"turns":6},{"damage":0,"enemies":"2 Louse","floor":7,"turns":1},{"damage":0,"enemies":"Looter","floor":10,"turns":1},{"damage":0,"enemies":"Large Slime","floor":13,"turns":3},{"damage":0,"enemies":"Blue Slaver","floor":14,"turns":2},{"damage":43,"enemies":"Slime Boss","floor":16,"turns":8}],"seed_played":"-8835308780251069638","potions_obtained":[{"floor":2,"key":"Explosive Potion"},{"floor":6,"key":"Swift Potion"},{"floor":10,"key":"Strength Potion"}],"is_trial":false,"path_per_floor":["M","M","$","?","?","E","M","?","T","M","?","?","M","M","R","B"],"character_chosen":"THE_SILENT","items_purchased":["Finisher","Deflect"],"campfire_rested":1,"item_purchase_floors":[3,3],"current_hp_per_floor":[70,70,70,70,70,32,32,18,18,18,18,18,18,18,39,0],"gold":292,"neow_bonus":"UPGRADE_CARD","is_prod":false,"is_daily":false,"chose_seed":false,"campfire_upgraded":0,"win_rate":0.0,"timestamp":1563382306,"path_taken":["M","M","$","?","?","E","M","?","T","?","?","?","M","M","R","BOSS"],"build_version":"2019-07-05","purchased_purges":0,"victory":false,"max_hp_per_floor":[70,70,70,70,70,70,70,70,70,70,70,70,70,70,70,70],"card_choices":[{"not_picked":["Prepared","Reflex"],"picked":"Backflip","floor":1},{"not_picked":["Flying Knee","Skewer"],"picked":"Blade Dance","floor":2},{"not_picked":["Quick Slash","Concentrate"],"picked":"Flying Knee","floor":6},{"not_picked":["Outmaneuver","Distraction"],"picked":"Phantasmal Killer","floor":7},{"not_picked":["Blade Dance","Setup"],"picked":"Blur","floor":10},{"not_picked":["Prepared","Expertise"],"picked":"Bane","floor":13},{"not_picked":["Infinite Blades","Dagger Spray"],"picked":"Crippling Poison","floor":14}],"player_experience":187099,"relics_obtained":[{"floor":6,"key":"Gambling Chip"},{"floor":9,"key":"The Courier"}],"event_choices":[{"damage_healed":0,"gold_gain":0,"player_choice":"Box","damage_taken":0,"relics_obtained":["Ninja Scroll"],"max_hp_gain":0,"max_hp_loss":0,"event_name":"Big Fish","floor":4,"gold_loss":0,"cards_obtained":["Regret"]},{"damage_healed":0,"gold_gain":0,"player_choice":"Ignored","damage_taken":0,"max_hp_gain":0,"max_hp_loss":0,"event_name":"Golden Idol","floor":5,"gold_loss":0},{"damage_healed":0,"gold_gain":0,"player_choice":"Entered Light","damage_taken":14,"max_hp_gain":0,"max_hp_loss":0,"event_name":"Shining Light","floor":8,"gold_loss":0,"cards_upgraded":["Defend_G","Deflect"]},{"damage_healed":0,"gold_gain":175,"player_choice":"AGREE","damage_taken":0,"max_hp_gain":0,"max_hp_loss":0,"event_name":"Liars Game","floor":11,"gold_loss":0,"cards_obtained":["Doubt"]},{"damage_healed":0,"gold_gain":0,"player_choice":"Grow","damage_taken":0,"max_hp_gain":0,"max_hp_loss":0,"event_name":"Living Wall","floor":12,"gold_loss":0,"cards_upgraded":["Phantasmal Killer"]}],"is_beta":false,"boss_relics":[],"items_purged_floors":[],"is_endless":false,"potions_floor_spawned":[2,6,10],"killed_by":"Slime Boss","ascension_level":0}