{"gold_per_floor":[111,123,141,141,25,25,45,57,57,57,70,87,33,48,48,48],"floor_reached":16,"playtime":849,"items_purged":[],"score":96,"play_id":"9c4571b5-8727-4449-99e1-baedb94547b1","local_time":"20190719113700","is_ascension_mode":false,"campfire_choices":[{"data":"Dualcast","floor":6,"key":"SMITH"},{"data":"Zap","floor":10,"key":"SMITH"},{"data":"Capacitor","floor":15,"key":"SMITH"}],"neow_cost":"NONE","seed_source_timestamp":246298232537457,"circlet_count":0,"master_deck":["Strike_B","Strike_B","Strike_B","Strike_B","Defend_B","Defend_B","Defend_B","Defend_B","Zap+1","Dualcast+1","Steam","Stack","Capacitor+1","Conserve Battery","Storm+1","Steam","Auto Shields","Leap","Streamline"],"relics":["Coffee Dripper","Bag of Preparation","Frozen Egg 2","Bag of Marbles"],"potions_floor_usage":[12,12,12],"damage_taken":[{"damage":6,"enemies":"Jaw Worm","floor":1,"turns":3},{"damage":0,"enemies":"2 Louse","floor":2,"turns":4},{"damage":0,"enemies":"Cultist","floor":3,"turns":4},{"damage":0,"enemies":"2 Fungi Beasts","floor":7,"turns":4},{"damage":11,"enemies":"Exordium Wildlife","floor":8,"turns":7},{"damage":0,"enemies":"Large Slime","floor":11,"turns":4},{"damage":0,"enemies":"Gremlin Gang","floor":12,"turns":6},{"damage":0,"enemies":"3 Louse","floor":14,"turns":5},{"damage":55,"enemies":"Slime Boss","floor":16,"turns":14}],"seed_played":"1542851786638331354","potions_obtained":[{"floor":7,"key":"EssenceOfSteel"},{"floor":8,"key":"Poison Potion"},{"floor":11,"key":"Regen Potion"}],"is_trial":false,"path_per_floor":["M","M","M","?","?","R","M","M","T","R","M","M","$","M","R","B"],"character_chosen":"DEFECT","items_purchased":["Leap"],"campfire_rested":0,"item_purchase_floors":[13],"current_hp_per_floor":[69,69,69,51,51,51,51,40,40,40,40,55,55,55,55,0],"gold":48,"neow_bonus":"BOSS_RELIC","is_prod":false,"is_daily":false,"chose_seed":false,"campfire_upgraded":3,"win_rate":0.0,"timestamp":1563547020,"path_taken":["M","M","M","?","?","R","M","?","T","R","M","M","$","M","R","BOSS"],"build_version":"2019-07-17","purchased_purges":0,"victory":false,"max_hp_per_floor":[75,75,75,75,75,75,75,75,75,75,75,75,75,75,75,75],"card_choices":[{"not_picked":["Streamline","Compile Driver"],"picked":"Steam","floor":1},{"not_picked":["Hello World","Steam"],"picked":"Stack","floor":2},{"not_picked":["Chaos","Redo"],"picked":"Capacitor","floor":3},{"not_picked":["Hologram","Redo"],"picked":"Conserve Battery","floor":7},{"not_picked":["Compile Driver","Hologram"],"picked":"Storm+1","floor":8},{"not_picked":["Double Energy","Force Field"],"picked":"Steam","floor":11},{"not_picked":["Meteor Strike","Steam"],"picked":"Auto Shields","floor":12},{"not_picked":["Barrage","Go for the Eyes"],"picked":"Streamline","floor":14}],"player_experience":201994,"relics_obtained":[{"floor":9,"key":"Bag of Marbles"}],"event_choices":[{"damage_healed":0,"gold_gain":0,"player_choice":"Success","damage_taken":18,"relics_obtained":["Bag of Preparation"],"max_hp_gain":0,"max_hp_loss":0,"event_name":"Scrap Ooze","floor":4,"gold_loss":0},{"damage_healed":0,"gold_gain":0,"player_choice":"Paid Gold","damage_taken":0,"relics_obtained":["Frozen Egg 2"],"max_hp_gain":0,"max_hp_loss":0,"event_name":"WeMeetAgain","floor":5,"gold_loss":116}],"is_beta":false,"boss_relics":[],"items_purged_floors":[],"is_endless":false,"potions_floor_spawned":[7,8,11],"killed_by":"Slime Boss","ascension_level":0}