{"gold_per_floor":[113,113,130,145,161,161,161,177,177,196,196,217,217,236,236,360,360,379,44,68,68,81,81,97,97,97,116,129,129,143,143,143,273,273,286,1,0,59,1058,1058,1058,1083,1083,1083,1083,40,56,56,56,56],"floor_reached":51,"playtime":2803,"items_purged":["Normality"],"score":698,"play_id":"44356791-d234-40f2-af1d-b240377b0092","local_time":"20190906194719","is_ascension_mode":true,"campfire_choices":[{"floor":6,"key":"REST"},{"data":"Dagger Spray","floor":11,"key":"SMITH"},{"data":"Cloak And Dagger","floor":13,"key":"SMITH"},{"data":"Terror","floor":15,"key":"SMITH"},{"floor":23,"key":"REST"},{"floor":25,"key":"REST"},{"floor":29,"key":"REST"},{"floor":32,"key":"REST"},{"floor":40,"key":"REST"},{"floor":44,"key":"REST"},{"floor":49,"key":"REST"}],"neow_cost":"NONE","seed_source_timestamp":18759214123878,"circlet_count":0,"master_deck":["Strike_G","Strike_G","Strike_G","Strike_G","Strike_G","Defend_G","Defend_G","Defend_G","Defend_G","Defend_G","Survivor","Neutralize","PiercingWail","Dash","Well Laid Plans+1","Cloak And Dagger+1","Injury","Dagger Spray+1","Backstab","Backflip","Terror+1","Doppelganger","Slice","Footwork+1","Underhanded Strike","Cloak And Dagger","Leg Sweep","J.A.X.","Well Laid Plans+1","Flying Knee","Leg Sweep","Cloak And Dagger","Catalyst+1","Doppelganger","Footwork+1","Accuracy+1","Apotheosis","Outmaneuver","Setup+1","Dodge and Roll+1","Crippling Poison","Caltrops+1","Sucker Punch","Blade Dance+1","Shame"],"relics":["Ring of the Snake","Anchor","Frozen Egg 2","Golden Idol","Ornamental Fan","Busted Crown","TwistedFunnel","Centennial Puzzle","Runic Pyramid","Red Mask","Mango","Darkstone Periapt","Medical Kit","Shovel","Pocketwatch"],"potions_floor_usage":[16,16,38,45],"damage_taken":[{"damage":2,"enemies":"Small Slimes","floor":1,"turns":4},{"damage":2,"enemies":"Jaw Worm","floor":3,"turns":6},{"damage":0,"enemies":"2 Louse","floor":4,"turns":2},{"damage":3,"enemies":"Red Slaver","floor":5,"turns":3},{"damage":4,"enemies":"Large Slime","floor":8,"turns":9},{"damage":0,"enemies":"2 Fungi Beasts","floor":10,"turns":3},{"damage":1,"enemies":"Exordium Thugs","floor":12,"turns":5},{"damage":0,"enemies":"Red Slaver","floor":14,"turns":2},{"damage":15,"enemies":"The Guardian","floor":16,"turns":12},{"damage":13,"enemies":"3 Byrds","floor":18,"turns":6},{"damage":8,"enemies":"2 Thieves","floor":20,"turns":4},{"damage":14,"enemies":"Centurion and Healer","floor":22,"turns":5},{"damage":12,"enemies":"Snake Plant","floor":24,"turns":4},{"damage":5,"enemies":"Shelled Parasite and Fungi","floor":27,"turns":6},{"damage":21,"enemies":"Cultist and Chosen","floor":28,"turns":7},{"damage":3,"enemies":"Chosen and Byrds","floor":30,"turns":5},{"damage":63,"enemies":"Champ","floor":33,"turns":17},{"damage":30,"enemies":"3 Shapes","floor":35,"turns":4},{"damage":36,"enemies":"2 Orb Walkers","floor":38,"turns":7},{"damage":21,"enemies":"3 Darklings","floor":42,"turns":12},{"damage":0,"enemies":"4 Shapes","floor":45,"turns":1},{"damage":45,"enemies":"Sphere and 2 Shapes","floor":47,"turns":7},{"damage":26,"enemies":"Donu and Deca","floor":50,"turns":13}],"seed_played":"-331397698451001852","potions_obtained":[{"floor":1,"key":"Weak Potion"},{"floor":5,"key":"Block Potion"},{"floor":8,"key":"SpeedPotion"},{"floor":14,"key":"FairyPotion"},{"floor":28,"key":"SmokeBomb"},{"floor":30,"key":"SmokeBomb"},{"floor":33,"key":"Weak Potion"},{"floor":47,"key":"GamblersBrew"}],"is_trial":false,"path_per_floor":["M","?","M","M","M","R","?","M","T","M","R","M","R","M","R","B",null,"M","$","M","?","M","R","M","R","T","M","M","R","M","?","R","B",null,"M","$","?","?","?","R","?","M","T","R","M","$","M","?","R","B",null],"character_chosen":"THE_SILENT","items_purchased":["TwistedFunnel","Footwork+1","Underhanded Strike","Cloak And Dagger","Accuracy+1","Apotheosis","Outmaneuver","Medical Kit","Shovel","Pocketwatch","Crippling Poison","Caltrops+1","Sucker Punch"],"campfire_rested":8,"item_purchase_floors":[19,19,19,19,36,36,36,46,46,46,46,46,46],"current_hp_per_floor":[68,50,48,48,45,66,66,62,62,62,62,61,61,61,61,46,70,57,57,49,49,35,56,44,65,65,60,39,60,57,57,70,7,70,40,40,40,18,18,43,73,52,52,73,73,73,28,34,57,31],"gold":56,"neow_bonus":"RANDOM_COMMON_RELIC","is_prod":false,"is_daily":false,"chose_seed":false,"campfire_upgraded":3,"win_rate":0,"timestamp":1567810039,"path_taken":["M","?","M","M","M","R","?","M","T","M","R","M","R","M","R","BOSS","M","$","M","?","M","R","M","R","T","M","M","R","M","?","R","BOSS","M","$","?","?","?","R","?","M","T","R","M","$","M","?","R","BOSS"],"build_version":"2019-07-17","purchased_purges":1,"victory":true,"max_hp_per_floor":[70,70,70,70,70,70,70,70,70,70,70,70,70,70,70,70,70,70,70,70,70,70,70,70,70,70,70,70,70,70,70,70,70,70,70,70,70,84,84,84,73,73,73,73,73,73,73,79,79,79],"card_choices":[{"not_picked":["Outmaneuver","Backflip"],"picked":"PiercingWail","floor":1},{"not_picked":["Masterful Stab","Slice"],"picked":"Dash","floor":3},{"not_picked":["Prepared","Cloak And Dagger"],"picked":"Well Laid Plans+1","floor":4},{"not_picked":["Bane","Underhanded Strike"],"picked":"Cloak And Dagger","floor":5},{"not_picked":["Poisoned Stab","Flying Knee"],"picked":"Dagger Spray","floor":8},{"not_picked":["Bane","Night Terror"],"picked":"Backstab","floor":10},{"not_picked":["Concentrate","Underhanded Strike"],"picked":"Backflip","floor":12},{"not_picked":["Deadly Poison","Backflip"],"picked":"Terror","floor":14},{"not_picked":["Grand Finale","Night Terror"],"picked":"Doppelganger","floor":16},{"not_picked":[],"picked":"Slice","floor":18},{"not_picked":[],"picked":"Leg Sweep","floor":20},{"not_picked":[],"picked":"Well Laid Plans+1","floor":22},{"not_picked":[],"picked":"Flying Knee","floor":24},{"not_picked":[],"picked":"Leg Sweep","floor":27},{"not_picked":[],"picked":"Cloak And Dagger","floor":28},{"not_picked":[],"picked":"Catalyst+1","floor":30},{"not_picked":[],"picked":"Doppelganger","floor":33},{"not_picked":[],"picked":"Footwork+1","floor":35},{"not_picked":[],"picked":"Setup+1","floor":38},{"not_picked":[],"picked":"Dodge and Roll+1","floor":42},{"not_picked":[],"picked":"Blade Dance+1","floor":47}],"player_experience":385672,"relics_obtained":[{"floor":9,"key":"Ornamental Fan"},{"floor":26,"key":"Centennial Puzzle"},{"floor":38,"key":"Mango"},{"floor":43,"key":"Darkstone Periapt"}],"event_choices":[{"damage_healed":0,"gold_gain":0,"player_choice":"Success","damage_taken":18,"relics_obtained":["Frozen Egg 2"],"max_hp_gain":0,"max_hp_loss":0,"event_name":"Scrap Ooze","floor":2,"gold_loss":0},{"damage_healed":0,"gold_gain":0,"player_choice":"Take Wound","damage_taken":0,"relics_obtained":["Golden Idol"],"max_hp_gain":0,"max_hp_loss":0,"event_name":"Golden Idol","floor":7,"gold_loss":0,"cards_obtained":["Injury"]},{"damage_healed":0,"gold_gain":0,"player_choice":"Obtain J.A.X.","damage_taken":0,"max_hp_gain":0,"max_hp_loss":0,"event_name":"Drug Dealer","floor":21,"gold_loss":0,"cards_obtained":["J.A.X."]},{"damage_healed":0,"gold_gain":0,"player_choice":"Got Potions","damage_taken":0,"max_hp_gain":0,"max_hp_loss":0,"event_name":"Lab","floor":31,"gold_loss":0},{"damage_healed":0,"gold_gain":0,"player_choice":"Paid","damage_taken":0,"relics_obtained":["Red Mask"],"max_hp_gain":0,"max_hp_loss":0,"event_name":"Tomb of Lord Red Mask","floor":37,"gold_loss":1},{"damage_healed":0,"gold_gain":0,"player_choice":"Fight","damage_taken":0,"max_hp_gain":0,"max_hp_loss":0,"event_name":"Mysterious Sphere","floor":38,"gold_loss":0},{"damage_healed":0,"gold_gain":999,"player_choice":"Gold","damage_taken":0,"max_hp_gain":0,"max_hp_loss":0,"event_name":"MindBloom","floor":39,"gold_loss":0,"cards_obtained":["Normality","Normality"]},{"damage_healed":73,"gold_gain":0,"player_choice":"Heal","damage_taken":0,"max_hp_gain":0,"max_hp_loss":11,"event_name":"The Moai Head","floor":41,"gold_loss":0},{"damage_healed":0,"gold_gain":0,"cards_transformed":["Normality"],"player_choice":"Transformed","damage_taken":0,"max_hp_gain":0,"max_hp_loss":0,"event_name":"Transmorgrifier","floor":48,"gold_loss":0,"cards_obtained":["Shame"]}],"is_beta":false,"boss_relics":[{"not_picked":["White Beast Statue","Runic Dome"],"picked":"Busted Crown"},{"not_picked":["Fusion Hammer","Philosopher\u0027s Stone"],"picked":"Runic Pyramid"}],"items_purged_floors":[46],"is_endless":false,"potions_floor_spawned":[1,5,8,14,28,30,33,35,47],"ascension_level":1}