{"gold_per_floor":[119,99,117,117,117,132,132,157,157,173,24,39,39,53,53,158,158,177,189,104,104,124,124,124],"floor_reached":24,"playtime":1711,"items_purged":["Strike_B"],"score":297,"play_id":"c0ee4708-5917-4371-91e5-d913d561661c","local_time":"20181013004522","is_ascension_mode":true,"campfire_choices":[{"floor":7,"key":"REST"},{"floor":13,"key":"REST"},{"floor":15,"key":"REST"},{"floor":23,"key":"REST"}],"neow_cost":"","seed_source_timestamp":49576663756341,"circlet_count":0,"master_deck":["Strike_B","Strike_B+1","Strike_B+1","Defend_B","Defend_B","Defend_B","Defend_B","Zap+1","Dualcast","AscendersBane","Doom and Gloom","Compile Driver","Beam Cell","Rip and Tear","Coolheaded","Hologram","Go for the Eyes","Rainbow","Self Repair","Reboot","Conserve Battery+1","Static Discharge","Decay","Hologram+1"],"relics":["Cracked Core","Bottled Flame","Matryoshka","Eternal Feather","Strawberry"],"potions_floor_usage":[16,16,18,24,24],"damage_taken":[{"damage":4,"enemies":"Small Slimes","floor":1,"turns":3},{"damage":8,"enemies":"Jaw Worm","floor":3,"turns":4},{"damage":0,"enemies":"Cultist","floor":6,"turns":3},{"damage":20,"enemies":"Gremlin Nob","floor":8,"turns":3},{"damage":8,"enemies":"Large Slime","floor":10,"turns":4},{"damage":6,"enemies":"Looter","floor":12,"turns":2},{"damage":14,"enemies":"Red Slaver","floor":14,"turns":2},{"damage":3,"enemies":"Slime Boss","floor":16,"turns":5},{"damage":37,"enemies":"2 Thieves","floor":18,"turns":4},{"damage":14,"enemies":"3 Byrds","floor":19,"turns":5},{"damage":29,"enemies":"Snecko","floor":22,"turns":5},{"damage":46,"enemies":"Slavers","floor":24,"turns":3}],"seed_played":"3134819357851259765","potions_obtained":[{"floor":1,"key":"PowerPotion"},{"floor":3,"key":"Strength Potion"},{"floor":14,"key":"Fire Potion"},{"floor":16,"key":"Swift Potion"},{"floor":18,"key":"SteroidPotion"}],"is_trial":false,"path_per_floor":["M","?","M","?","?","M","R","E","T","M","$","M","R","M","R","B",null,"M","M","?","?","M","R"],"character_chosen":"DEFECT","items_purchased":["Hologram","Go for the Eyes"],"campfire_rested":4,"item_purchase_floors":[11,11],"current_hp_per_floor":[64,64,56,41,41,41,63,43,43,35,35,29,51,37,59,63,72,35,28,35,35,6,42,0],"gold":124,"neow_bonus":"","is_prod":false,"is_daily":false,"chose_seed":false,"campfire_upgraded":0,"win_rate":0,"timestamp":1539405922,"path_taken":["M","?","M","?","?","M","R","E","T","M","$","M","R","M","R","BOSS","M","M","?","?","?","R","E"],"build_version":"2018-10-04v2","purchased_purges":1,"victory":false,"max_hp_per_floor":[75,75,75,75,75,75,75,75,75,75,75,75,75,75,75,75,75,75,75,82,82,82,82,82],"card_choices":[{"not_picked":["Hologram","Leap"],"picked":"Doom and Gloom","floor":1},{"not_picked":["Heatsinks","Steam"],"picked":"Compile Driver","floor":3},{"not_picked":["Steam Power","Barrage"],"picked":"Beam Cell","floor":6},{"not_picked":["Darkness","Lockon"],"picked":"Rip and Tear","floor":8},{"not_picked":["Doom and Gloom","Double Energy"],"picked":"Coolheaded","floor":10},{"not_picked":["Double Energy","Compile Driver"],"picked":"Rainbow","floor":12},{"not_picked":["Steam","Barrage"],"picked":"Self Repair","floor":14},{"not_picked":["Creative AI","Hyperbeam"],"picked":"Reboot","floor":16},{"not_picked":["Gash","Rebound"],"picked":"Conserve Battery+1","floor":18},{"not_picked":["Capacitor","Scrape"],"picked":"Static Discharge","floor":19},{"not_picked":["Biased Cognition","Steam"],"picked":"Hologram+1","floor":22}],"player_experience":1851033,"relics_obtained":[{"floor":8,"key":"Bottled Flame"},{"floor":9,"key":"Matryoshka"}],"event_choices":[{"event_name":"World of Goop","player_choice":"Left","floor":2,"damage_taken":0},{"event_name":"Shining Light","player_choice":"Entered Light","floor":4,"damage_taken":0},{"event_name":"Accursed Blacksmith","player_choice":"Forge","floor":5,"damage_taken":0},{"event_name":"Addict","player_choice":"Obtained Relic","floor":20,"damage_taken":0},{"event_name":"Forgotten Altar","player_choice":"Smashed Altar","floor":21,"damage_taken":0}],"is_beta":false,"boss_relics":[{"not_picked":["Lizard Tail","Ectoplasm"],"picked":"Eternal Feather"}],"items_purged_floors":[11],"is_endless":false,"potions_floor_spawned":[1,3,14,16,18],"killed_by":"Slavers","ascension_level":10}