{"gold_per_floor":[110,23,33,45,62,62,88,88,88,118,152,68,48,61,61,135,135,155,155,155,155,20,20],"floor_reached":23,"playtime":1459,"items_purged":[],"score":394,"play_id":"fcbf4bf1-dd42-4c06-a320-8d24fe3d3261","local_time":"20190811152007","is_ascension_mode":true,"campfire_choices":[{"data":"Heavy Blade","floor":6.0,"key":"SMITH"},{"floor":8.0,"key":"REST"},{"data":"Demon Form","floor":15,"key":"SMITH"}],"neow_cost":"NONE","seed_source_timestamp":586201331041834,"circlet_count":0,"master_deck":["AscendersBane","Strike_R","Strike_R","Strike_R","Strike_R","Strike_R","Defend_R","Defend_R","Defend_R","Defend_R","Bash","Pommel Strike","Demon Form+1","Thunderclap","Heavy Blade+1","Hemokinesis","Clothesline","Bloodletting","Corruption","Sword Boomerang","Impervious","RitualDagger","Impervious","Combust"],"special_seed":0,"relics":["Burning Blood","Blue Candle","Thread and Needle","Dead Branch","Runic Cube"],"potions_floor_usage":[11,16,23],"damage_taken":[{"damage":4.0,"enemies":"Small Slimes","floor":1.0,"turns":4.0},{"damage":0.0,"enemies":"Jaw Worm","floor":3.0,"turns":4.0},{"damage":2.0,"enemies":"Cultist","floor":4.0,"turns":4.0},{"damage":12.0,"enemies":"Blue Slaver","floor":5.0,"turns":5.0},{"damage":35.0,"enemies":"Gremlin Nob","floor":7.0,"turns":4.0},{"damage":15,"enemies":"3 Sentries","floor":11,"turns":7},{"damage":8,"enemies":"3 Louse","floor":14,"turns":4},{"damage":23,"enemies":"The Guardian","floor":16,"turns":9},{"damage":18,"enemies":"3 Byrds","floor":18,"turns":6},{"damage":47,"enemies":"Slavers","floor":23,"turns":3}],"seed_played":"-912620876905695593","potions_obtained":[{"floor":0.0,"key":"SkillPotion"},{"floor":0.0,"key":"LiquidBronze"},{"floor":1.0,"key":"SpeedPotion"},{"floor":5.0,"key":"Dexterity Potion"},{"floor":11,"key":"FearPotion"},{"floor":13,"key":"AttackPotion"},{"floor":14,"key":"Poison Potion"}],"is_trial":false,"path_per_floor":["M","$","M","M","M","R","E","R","T","?","E","$","?","M","R","B",null,"M","?","?","?","$","E"],"character_chosen":"IRONCLAD","items_purchased":["Demon Form","Corruption","Combust","PowerPotion"],"campfire_rested":1,"item_purchase_floors":[2,12,22,22],"current_hp_per_floor":[70,70,75,75,69,69,40,62,62,62,53,53,53,51,51,34,65,53,53,47,47,47,0],"gold":20,"neow_bonus":"THREE_SMALL_POTIONS","is_prod":false,"is_daily":false,"chose_seed":false,"campfire_upgraded":2,"win_rate":0,"timestamp":1565551207,"path_taken":["M","$","M","M","M","R","E","R","T","?","E","$","?","M","R","BOSS","M","?","?","?","$","E"],"build_version":"2019-01-23","purchased_purges":0,"victory":false,"max_hp_per_floor":[75,75,75,75,75,75,75,75,75,75,75,75,75,75,75,75,75,75,75,75,75,75,75],"card_choices":[{"not_picked":["Sentinel","Perfected Strike"],"picked":"Pommel Strike","floor":1.0},{"not_picked":["Cleave","Heavy Blade"],"picked":"Thunderclap","floor":3.0},{"not_picked":["Clash","Carnage"],"picked":"Heavy Blade","floor":4.0},{"not_picked":["Wild Strike","Body Slam"],"picked":"Hemokinesis","floor":5.0},{"not_picked":["Wild Strike","Inflame"],"picked":"Clothesline","floor":7.0},{"not_picked":["Shrug It Off","Second Wind"],"picked":"Bloodletting","floor":11},{"not_picked":["Inflame","Anger"],"picked":"Sword Boomerang","floor":14},{"not_picked":["Barricade","Feed"],"picked":"Impervious","floor":16},{"not_picked":["Wild Strike","Clothesline","Havoc"],"picked":"SKIP","floor":18}],"player_experience":2783044,"relics_obtained":[{"floor":7.0,"key":"Blue Candle"},{"floor":9.0,"key":"Thread and Needle"},{"floor":11,"key":"Dead Branch"}],"event_choices":[{"damage_healed":0.0,"max_hp_gain":0.0,"max_hp_loss":0.0,"gold_gain":30.0,"event_name":"Dead Adventurer","player_choice":"Searched \u00271\u0027 times","floor":10.0,"gold_loss":0.0,"damage_taken":0.0},{"damage_healed":0,"gold_gain":0,"player_choice":"Bought 1 Potion","damage_taken":0,"max_hp_gain":0,"max_hp_loss":0,"event_name":"The Woman in Blue","floor":13,"gold_loss":0},{"damage_healed":0,"gold_gain":0,"player_choice":"Ignored","damage_taken":0,"max_hp_gain":0,"max_hp_loss":0,"event_name":"Vampires","floor":19,"gold_loss":0},{"damage_healed":0,"gold_gain":0,"player_choice":"Joined the Cult","damage_taken":6,"max_hp_gain":0,"max_hp_loss":0,"event_name":"Nest","floor":20,"gold_loss":0,"cards_obtained":["RitualDagger"]},{"damage_healed":0,"gold_gain":0,"player_choice":"Copied","damage_taken":0,"max_hp_gain":0,"max_hp_loss":0,"event_name":"Duplicator","floor":21,"gold_loss":0,"cards_obtained":["Impervious"]}],"is_beta":false,"boss_relics":[{"not_picked":["Tiny House","Mark of Pain"],"picked":"Runic Cube"}],"items_purged_floors":[],"is_endless":false,"potions_floor_spawned":[1,5,11,14],"killed_by":"Slavers","ascension_level":20}