{"gold_per_floor":[112,131,131,281,12,44,61,74,101,101],"floor_reached":10,"playtime":560,"items_purged":["Doubt"],"score":186,"play_id":"c0bd310b-14ef-43d2-9905-d9620c98a54d","local_time":"20191028144525","is_ascension_mode":true,"campfire_choices":[],"neow_cost":"NONE","seed_source_timestamp":2201917580273445,"circlet_count":0,"master_deck":["AscendersBane","Defend_G","Defend_G","Defend_G","Defend_G","Defend_G","Strike_G","Strike_G","Strike_G","Strike_G","Strike_G","Survivor","Neutralize","Blur","Noxious Fumes","Sadistic Nature","Well Laid Plans","Escape Plan","Terror"],"relics":["Ring of the Snake","NeowsBlessing","PreservedInsect","Potion Belt"],"potions_floor_usage":[7,8],"damage_taken":[{"damage":0,"enemies":"Jaw Worm","floor":1,"turns":1},{"damage":0,"enemies":"2 Louse","floor":2,"turns":1},{"damage":0,"enemies":"Lagavulin","floor":6,"turns":1},{"damage":0,"enemies":"Small Slimes","floor":7,"turns":4},{"damage":6,"enemies":"3 Louse","floor":8,"turns":5},{"damage":53,"enemies":"Gremlin Nob","floor":10,"turns":4}],"seed_played":"-2486888487053074764","potions_obtained":[{"floor":1,"key":"SpeedPotion"},{"floor":2,"key":"SkillPotion"},{"floor":7,"key":"EssenceOfSteel"}],"is_trial":false,"path_per_floor":["M","M","$","?","$","E","M","M","T","E"],"character_chosen":"THE_SILENT","items_purchased":["Sadistic Nature"],"campfire_rested":0,"item_purchase_floors":[5],"current_hp_per_floor":[59,59,59,59,59,59,59,53,53,0],"gold":101,"neow_bonus":"THREE_ENEMY_KILL","is_prod":false,"is_daily":false,"chose_seed":false,"campfire_upgraded":0,"win_rate":0,"timestamp":1572288325,"path_taken":["M","M","$","?","$","E","M","M","T","E"],"build_version":"2019-01-23","purchased_purges":1,"victory":false,"max_hp_per_floor":[66,66,66,66,66,66,66,66,66,66],"card_choices":[{"not_picked":["Endless Agony","Quick Slash"],"picked":"Blur","floor":1},{"not_picked":["Acrobatics","Poisoned Stab"],"picked":"Noxious Fumes","floor":2},{"not_picked":["Escape Plan","Cloak And Dagger"],"picked":"Well Laid Plans","floor":6},{"not_picked":["Dodge and Roll","Dash"],"picked":"Escape Plan","floor":7},{"not_picked":["Reflex","Heel Hook"],"picked":"Terror","floor":8}],"player_experience":3085791,"relics_obtained":[{"floor":6,"key":"PreservedInsect"},{"floor":9,"key":"Potion Belt"}],"event_choices":[{"damage_healed":0,"gold_gain":150,"player_choice":"AGREE","damage_taken":0,"max_hp_gain":0,"max_hp_loss":0,"event_name":"Liars Game","floor":4,"gold_loss":0,"cards_obtained":["Doubt"]}],"is_beta":false,"boss_relics":[],"items_purged_floors":[5],"is_endless":false,"potions_floor_spawned":[1,2,7],"killed_by":"Gremlin Nob","ascension_level":20}