{"gold_per_floor":[112,112,18,30,45,79,79,94,94,113,113,124,11,26,26,130,130,146,71,82,132,145,145,2,2,2,2,16,40,40,51,51,51],"floor_reached":33,"playtime":2809,"items_purged":["Strike_G"],"score":249,"play_id":"f32a1441-639e-4c65-b4a6-363ec5794674","local_time":"20190926225716","is_ascension_mode":false,"campfire_choices":[{"data":"Infinite Blades","floor":7,"key":"SMITH"},{"floor":11,"key":"REST"},{"data":"Adrenaline","floor":15,"key":"SMITH"},{"data":"Finisher","floor":23,"key":"SMITH"},{"data":"Acrobatics","floor":25,"key":"SMITH"},{"floor":27,"key":"REST"},{"floor":32,"key":"REST"}],"neow_cost":"PERCENT_DAMAGE","seed_source_timestamp":785496391792800,"circlet_count":0,"master_deck":["Strike_G","Strike_G","Defend_G","Defend_G","Defend_G","Defend_G","Survivor","Neutralize+1","Flechettes","Sucker Punch","Finisher+1","Noxious Fumes","Infinite Blades+1","Slice","Slice","Acrobatics+1","Blade Dance","Adrenaline+1","Bane","Outmaneuver","Caltrops+1","Terror","Envenom+1","Writhe","Normality","Doubt","Blade Dance","Dagger Throw+1","Backflip","Outmaneuver+1","Backflip","Footwork+1","After Image+1"],"relics":["Ring of the Snake","Letter Opener","Frozen Egg 2","Calling Bell","Anchor","Dodecahedron","The Specimen","Whetstone","Pantograph","Orichalcum"],"potions_floor_usage":[16,16],"damage_taken":[{"damage":0,"enemies":"2 Louse","floor":1,"turns":2},{"damage":0,"enemies":"Cultist","floor":4,"turns":3},{"damage":5,"enemies":"Small Slimes","floor":5,"turns":3},{"damage":9,"enemies":"Gremlin Nob","floor":6,"turns":4},{"damage":7,"enemies":"Red Slaver","floor":8,"turns":3},{"damage":7,"enemies":"Exordium Thugs","floor":10,"turns":4},{"damage":0,"enemies":"Exordium Wildlife","floor":12,"turns":3},{"damage":7,"enemies":"Large Slime","floor":14,"turns":3},{"damage":31,"enemies":"Hexaghost","floor":16,"turns":8},{"damage":0,"enemies":"3 Byrds","floor":18,"turns":4},{"damage":12,"enemies":"Shell Parasite","floor":20,"turns":3},{"damage":35,"enemies":"Sentry and Sphere","floor":22,"turns":6},{"damage":32,"enemies":"Chosen and Byrds","floor":28,"turns":6},{"damage":9,"enemies":"Snecko","floor":31,"turns":4},{"damage":61,"enemies":"Automaton","floor":33,"turns":6}],"seed_played":"-6041663046431438181","potions_obtained":[{"floor":1,"key":"LiquidBronze"},{"floor":8,"key":"SpeedPotion"},{"floor":10,"key":"FearPotion"},{"floor":12,"key":"SneckoOil"},{"floor":28,"key":"Fruit Juice"},{"floor":31,"key":"Weak Potion"}],"is_trial":false,"path_per_floor":["M","?","$","M","M","E","R","M","T","M","R","M","$","M","R","B",null,"M","$","M","?","M","R","$","R","T","R","M","T","$","M","R","B"],"character_chosen":"THE_SILENT","items_purchased":["Infinite Blades","Slice","Caltrops+1","Dagger Throw","Backflip","Whetstone"],"campfire_rested":3,"item_purchase_floors":[3,3,13,19,19,24],"current_hp_per_floor":[49,49,49,49,44,35,35,28,28,21,42,42,42,35,35,4,70,70,70,58,58,23,23,23,23,23,44,12,12,12,3,24,0],"gold":51,"neow_bonus":"TRANSFORM_TWO_CARDS","is_prod":false,"is_daily":false,"chose_seed":false,"campfire_upgraded":4,"win_rate":0.0,"timestamp":1569509836,"path_taken":["M","?","$","M","M","E","R","M","T","M","R","M","$","M","R","BOSS","M","?","M","?","?","R","$","R","T","R","M","?","$","M","R","BOSS"],"build_version":"2019-07-17","purchased_purges":1,"victory":false,"max_hp_per_floor":[70,70,70,70,70,70,70,70,70,70,70,70,70,70,70,70,70,70,70,70,70,70,70,70,70,70,70,70,70,70,70,70,70],"card_choices":[{"not_picked":["Dagger Throw","All Out Attack"],"picked":"Finisher","floor":1},{"not_picked":["Dagger Spray","Underhanded Strike"],"picked":"Slice","floor":4},{"not_picked":["Poisoned Stab","Dagger Throw"],"picked":"Acrobatics","floor":5},{"not_picked":["Backstab","Dagger Throw"],"picked":"Blade Dance","floor":6},{"not_picked":["Slice","Bane"],"picked":"Adrenaline","floor":8},{"not_picked":["Footwork+1","PiercingWail"],"picked":"Bane","floor":10},{"not_picked":["Dodge and Roll","Bane"],"picked":"Outmaneuver","floor":12},{"not_picked":["Dagger Spray","PiercingWail"],"picked":"Terror","floor":14},{"not_picked":["Phantasmal Killer","Wraith Form v2+1"],"picked":"Envenom+1","floor":16},{"not_picked":["Dagger Spray","PiercingWail"],"picked":"Blade Dance","floor":18},{"not_picked":["Flechettes","PiercingWail"],"picked":"Outmaneuver+1","floor":20},{"not_picked":["Reflex","Sucker Punch+1"],"picked":"Backflip","floor":22},{"not_picked":["Escape Plan+1","Dodge and Roll"],"picked":"Footwork+1","floor":28},{"not_picked":["Deflect","Prepared"],"picked":"After Image+1","floor":31}],"player_experience":11548,"relics_obtained":[{"floor":6,"key":"Letter Opener"},{"floor":9,"key":"Frozen Egg 2"},{"floor":17,"key":"Anchor"},{"floor":17,"key":"Dodecahedron"},{"floor":17,"key":"The Specimen"},{"floor":26,"key":"Pantograph"},{"floor":29,"key":"Orichalcum"}],"event_choices":[{"damage_healed":0,"gold_gain":0,"cards_transformed":["Strike_G"],"player_choice":"Transformed","damage_taken":0,"max_hp_gain":0,"max_hp_loss":0,"event_name":"Transmorgrifier","floor":2,"gold_loss":0,"cards_obtained":["Noxious Fumes"]},{"damage_healed":0,"gold_gain":100,"player_choice":"Bet on Murderer","damage_taken":0,"max_hp_gain":0,"max_hp_loss":0,"event_name":"The Joust","floor":21,"gold_loss":50}],"is_beta":false,"boss_relics":[{"not_picked":["Philosopher\u0027s Stone","Coffee Dripper"],"picked":"Calling Bell"}],"items_purged_floors":[13],"is_endless":false,"potions_floor_spawned":[1,8,10,12,28,31],"killed_by":"Automaton","ascension_level":0}