{"path_per_floor":["M","$","?","M","M","M","?","M","T","T","E","?","E","M","R","B",null,"M","?","$","?","M","R","M","E","T","M","R","M","$","M","R"],"character_chosen":"IRONCLAD","items_purchased":["Shrug It Off","Spot Weakness","Disarm","Dual Wield","Clothesline"],"gold_per_floor":[116,63,63,79,97,107,107,117,142,142,167,117,142,162,162,259,259,269,194,59,59,77,77,92,120,120,134,134,148,60,75,75],"floor_reached":33,"campfire_rested":2,"playtime":2792,"current_hp_per_floor":[80,80,64,67,66,68,56,51,51,51,55,55,24,32,56,50,82,84,84,84,84,84,84,65,49,49,56,56,48,48,33,59],"items_purged":[],"gold":75,"score":279,"play_id":"bb9ac1d0-6de4-4c8e-bafb-75f2907fb12d","is_prod":false,"is_daily":false,"is_ascension_mode":false,"campfire_upgraded":0,"path_taken":["M","?","?","M","M","?","?","?","T","?","E","?","E","M","R","BOSS","M","?","$","?","M","R","M","E","T","?","R","?","?","M","R","BOSS"],"build_version":"2018-02-15-PROD1","purchased_purges":0,"victory":false,"master_deck":["Strike_R","Strike_R","Strike_R","Strike_R","Strike_R","Defend_R+1","Bash","Clash","Shrug It Off+1","Cleave","True Grit","Spot Weakness","Iron Wave","Flame Barrier","Limit Break","Offering","Spot Weakness","Disarm","Clash","Cleave+1","Fiend Fire","Decay","Rampage+1","Dual Wield","Clothesline","Dual Wield"],"max_hp_per_floor":[80,80,80,80,80,80,80,80,80,80,80,80,80,82,82,82,82,84,84,84,84,84,84,84,84,84,86,86,88,88,88,88],"relics":["Burning Blood","Torii","Singing Bowl","Girya","Bottled Lightning","Oddly Smooth Stone","Cursed Key","Letter Opener","Prayer Wheel","Du-Vu Doll"],"card_choices":[{"not_picked":["Whirlwind","Havoc"],"picked":"Clash"},{"not_picked":["Sword Boomerang","Reckless Charge"],"picked":"Cleave"},{"not_picked":["Cleave","Sword Boomerang"],"picked":"True Grit"},{"not_picked":["Twin Strike","Fire Breathing"],"picked":"Spot Weakness"},{"not_picked":["Burning Pact","Whirlwind"],"picked":"Iron Wave"},{"not_picked":["Combust","Anger"],"picked":"Flame Barrier"},{"not_picked":["Clothesline","Pommel Strike"],"picked":"Limit Break"},{"not_picked":["Immolate","Fiend Fire"],"picked":"Offering"},{"not_picked":["Perfected Strike","Second Wind"],"picked":"Clash"},{"not_picked":["Wild Strike","Iron Wave"],"picked":"Cleave"},{"not_picked":["Exhume","Havoc"],"picked":"Fiend Fire"},{"not_picked":["Shockwave","Armaments"],"picked":"Rampage"},{"not_picked":["Sentinel","Pommel Strike"],"picked":"Dual Wield"}],"player_experience":135096,"potions_floor_usage":[11,16,16,16,33,33,33],"damage_taken":[{"damage":1,"enemies":"Cultist","floor":1,"turns":3},{"damage":3,"enemies":"2 Louse","floor":4,"turns":2},{"damage":7,"enemies":"Small Slimes","floor":5,"turns":3},{"damage":4,"enemies":"2 Fungi Beasts","floor":6,"turns":3},{"damage":11,"enemies":"Exordium Thugs","floor":8,"turns":4},{"damage":2,"enemies":"3 Sentries","floor":11,"turns":7},{"damage":37,"enemies":"Gremlin Nob","floor":13,"turns":5},{"damage":0,"enemies":"Large Slime","floor":14,"turns":6},{"damage":27,"enemies":"The Guardian","floor":16,"turns":11},{"damage":4,"enemies":"Shell Parasite","floor":18,"turns":2},{"damage":4,"enemies":"3 Byrds","floor":22,"turns":5},{"damage":25,"enemies":"3 Cultists","floor":24,"turns":4},{"damage":22,"enemies":"Gremlin Leader","floor":25,"turns":5},{"damage":1,"enemies":"Snake Plant","floor":27,"turns":3},{"damage":16,"enemies":"Centurion and Healer","floor":29,"turns":3},{"damage":21,"enemies":"Slaver and Parasite","floor":31,"turns":4},{"damage":64,"enemies":"Automaton","floor":33,"turns":6}],"event_choices":[{"event_name":"Shining Light","player_choice":"Entered Light","floor":3,"damage_taken":0},{"event_name":"Scrap Ooze","player_choice":"success","floor":7,"damage_taken":12},{"event_name":"The Cleric","player_choice":"Card Removal","floor":12,"damage_taken":0},{"event_name":"Beggar","player_choice":"Gave Gold","floor":19,"damage_taken":0},{"event_name":"The Mausoleum","player_choice":"Yes","floor":21,"damage_taken":0}],"boss_relics":[{"not_picked":["Astrolabe","Calling Bell"],"picked":"Cursed Key"}],"potions_floor_spawned":[1,6,8,13,14,25,27,29],"seed_played":"-3031136602348177206","killed_by":"Automaton","ascension_level":0,"is_trial":false}