{"gold_per_floor":[113,23,37,37,37,37,37,66,66,82,95,95],"floor_reached":12,"playtime":1572,"items_purged":[],"score":152,"play_id":"5c1b4cfb-7899-41ef-a86c-7b55c0c5202a","local_time":"20190626164057","is_ascension_mode":true,"campfire_choices":[{"data":"Neutralize","floor":7,"key":"SMITH"}],"neow_cost":"NONE","seed_source_timestamp":724756821054982,"circlet_count":0,"master_deck":["AscendersBane","Defend_G","Defend_G+1","Defend_G+1","Defend_G","Strike_G","Strike_G","Strike_G","Strike_G","Strike_G","Survivor","Neutralize+1","PiercingWail","Dash","Slice","Dagger Spray","Backstab"],"relics":["Eternal Feather","Bird Faced Urn","Bottled Flame","War Paint"],"potions_floor_usage":[8,8],"damage_taken":[{"damage":5,"enemies":"Small Slimes","floor":1,"turns":6},{"damage":3,"enemies":"Jaw Worm","floor":3,"turns":6},{"damage":38,"enemies":"Lagavulin","floor":8,"turns":10},{"damage":0,"enemies":"2 Louse","floor":10,"turns":3},{"damage":4,"enemies":"Large Slime","floor":11,"turns":6},{"damage":16,"enemies":"Exordium Wildlife","floor":12,"turns":3}],"seed_played":"6659460860738914279","potions_obtained":[{"floor":1,"key":"AttackPotion"},{"floor":3,"key":"Weak Potion"}],"is_trial":false,"path_per_floor":["M","$","M","?","?","?","R","E","T","M","M","M"],"character_chosen":"THE_SILENT","items_purchased":["Dash"],"campfire_rested":0,"item_purchase_floors":[2],"current_hp_per_floor":[54,54,51,51,46,39,48,10,10,10,6,0],"gold":95,"neow_bonus":"BOSS_RELIC","is_prod":false,"is_daily":false,"chose_seed":false,"campfire_upgraded":1,"win_rate":0,"timestamp":1561581657,"path_taken":["M","$","M","?","?","?","R","E","T","M","M","M"],"build_version":"2019-01-23","purchased_purges":0,"victory":false,"max_hp_per_floor":[66,66,66,66,66,66,66,66,66,66,66,66],"card_choices":[{"not_picked":["Flechettes","Well Laid Plans"],"picked":"PiercingWail","floor":1},{"not_picked":["Prepared","Blade Dance"],"picked":"Slice","floor":3},{"not_picked":["Choke","Dodge and Roll"],"picked":"Dagger Spray","floor":8},{"not_picked":["Underhanded Strike","Expertise","Wraith Form v2"],"picked":"SKIP","floor":10},{"not_picked":["Predator","Dagger Spray"],"picked":"Backstab","floor":11}],"player_experience":2641344,"relics_obtained":[{"floor":8,"key":"Bottled Flame"},{"floor":9,"key":"War Paint"}],"event_choices":[{"damage_healed":0,"gold_gain":0,"player_choice":"Leave","damage_taken":0,"max_hp_gain":0,"max_hp_loss":0,"event_name":"The Cleric","floor":4,"gold_loss":0},{"damage_healed":0,"gold_gain":0,"player_choice":"Success","damage_taken":5,"relics_obtained":["Bird Faced Urn"],"max_hp_gain":0,"max_hp_loss":0,"event_name":"Scrap Ooze","floor":5,"gold_loss":0},{"cards_removed":["Defend_G"],"damage_healed":0,"gold_gain":0,"player_choice":"Card Removal","damage_taken":7,"max_hp_gain":0,"max_hp_loss":0,"event_name":"Golden Wing","floor":6,"gold_loss":0}],"is_beta":false,"boss_relics":[],"items_purged_floors":[],"is_endless":false,"potions_floor_spawned":[1,3],"killed_by":"Exordium Wildlife","ascension_level":19}