{"gold_per_floor":[114,289,289,39,54,54,84,84,84,114,129,129,109,139,139,239,239,254,54,153,168,83,113,113,143,168,83,98,128,128,158,158,258,258,273,273,50,50,50,80,95,125,205,235,250,265,295,310,310,310],"floor_reached":51,"playtime":7598,"items_purged":[],"score":1207,"play_id":"505d8dff-b27e-4f22-9108-28c9563f8c21","local_time":"20181006023033","daily_mods":["Draft","Blue Cards","Elite Swarm"],"is_ascension_mode":false,"campfire_choices":[{"data":"Distraction","floor":6,"key":"SMITH"},{"data":"After Image","floor":8,"key":"SMITH"},{"data":"Adrenaline","floor":12,"key":"SMITH"},{"data":"Envenom","floor":15,"key":"SMITH"},{"floor":30,"key":"REST"},{"floor":32,"key":"DIG"},{"floor":49,"key":"DIG"}],"neow_cost":"","seed_source_timestamp":0,"circlet_count":0,"master_deck":["BootSequence","Terror","Cloak And Dagger+1","Bane+1","Sweeping Beam","Go for the Eyes","Footwork","PiercingWail+1","Turbo","Slice","Rebound+1","Deflect","FTL","Masterful Stab","Distraction+1","Outmaneuver","Cold Snap","After Image+1","Adrenaline+1","Cold Snap","Envenom+1","Corpse Explosion","Riddle With Holes","Backflip","Corpse Explosion","Burst","Heatsinks+1","Sweeping Beam","Self Repair+1","Envenom+1","Machine Learning+1","Buffer+1","Blade Dance+1","Violence","Dark Shackles","Dark Shackles","Metamorphosis","Footwork+1","Madness","Madness","Turbo","Malaise","Prepared+1","Buffer+1","Echo Form+1","Rip and Tear+1","Accuracy+1","Adrenaline","Slice+1"],"special_seed":17810,"relics":["Ring of the Snake","Meat on the Bone","PreservedInsect","Omamori","Nunchaku","Peace Pipe","Fusion Hammer","OrangePellets","Mummified Hand","Bottled Lightning","MutagenicStrength","Frozen Egg 2","War Paint","Pear","Shovel","Whetstone","Black Star","Dodecahedron","Singing Bowl","StoneCalendar","Gambling Chip","Tiny Chest","Sundial","Ninja Scroll","Letter Opener","Molten Egg 2","Du-Vu Doll"],"potions_floor_usage":[16,23,28,33,47,47],"damage_taken":[{"damage":0,"enemies":"Jaw Worm","floor":1,"turns":2},{"damage":0,"enemies":"2 Louse","floor":5,"turns":2},{"damage":7,"enemies":"Lagavulin","floor":7,"turns":5},{"damage":0,"enemies":"Gremlin Nob","floor":10,"turns":3},{"damage":0,"enemies":"Small Slimes","floor":11,"turns":2},{"damage":0,"enemies":"3 Sentries","floor":14,"turns":3},{"damage":0,"enemies":"The Guardian","floor":16,"turns":7},{"damage":2,"enemies":"Chosen","floor":18,"turns":5},{"damage":0,"enemies":"Shell Parasite","floor":21,"turns":3},{"damage":2,"enemies":"Book of Stabbing","floor":23,"turns":3},{"damage":0,"enemies":"Gremlin Leader","floor":25,"turns":4},{"damage":0,"enemies":"3 Cultists","floor":28,"turns":4},{"damage":0,"enemies":"Slavers","floor":29,"turns":2},{"damage":0,"enemies":"Gremlin Leader","floor":31,"turns":3},{"damage":0,"enemies":"Automaton","floor":33,"turns":5},{"damage":8,"enemies":"3 Darklings","floor":35,"turns":4},{"damage":0,"enemies":"2 Orb Walkers","floor":40,"turns":2},{"damage":0,"enemies":"3 Shapes","floor":41,"turns":1},{"damage":29,"enemies":"Nemesis","floor":42,"turns":5},{"damage":0,"enemies":"2 Orb Walkers","floor":44,"turns":2},{"damage":0,"enemies":"3 Darklings","floor":45,"turns":2},{"damage":0,"enemies":"4 Shapes","floor":46,"turns":4},{"damage":0,"enemies":"Giant Head","floor":47,"turns":3},{"damage":0,"enemies":"Spire Growth","floor":48,"turns":2},{"damage":12,"enemies":"Time Eater","floor":50,"turns":9}],"seed_played":"-894642481113240428","potions_obtained":[{"floor":1,"key":"LiquidBronze"},{"floor":11,"key":"SteroidPotion"},{"floor":13,"key":"Swift Potion"},{"floor":16,"key":"Swift Potion"},{"floor":23,"key":"Fire Potion"},{"floor":28,"key":"Strength Potion"},{"floor":41,"key":"Fire Potion"},{"floor":42,"key":"Energy Potion"},{"floor":48,"key":"Dexterity Potion"}],"is_trial":false,"path_per_floor":["M","?","?","$","M","R","E","R","T","E","M","R","?","E","R","B",null,"M","$","?","M","?","E","?","E","T","$","M","E","R","E","R","B",null,"M","?","$","?","?","E","M","E","T","E","M","M","E","M","R","B"],"character_chosen":"THE_SILENT","items_purchased":["Meat on the Bone","OrangePellets","Heatsinks+1","Sweeping Beam","Metamorphosis","Footwork+1"],"campfire_rested":1,"item_purchase_floors":[4,19,27,27,37,37],"current_hp_per_floor":[70,70,70,70,70,70,63,63,63,63,63,63,63,63,63,63,70,68,68,68,68,68,66,66,66,66,66,66,80,80,80,80,80,80,80,70,70,60,60,60,60,53,53,53,53,63,73,80,80,78],"gold":310,"neow_bonus":"","is_prod":false,"is_daily":true,"chose_seed":false,"campfire_upgraded":4,"win_rate":0,"timestamp":1538807433,"path_taken":["M","?","?","$","M","R","E","R","T","E","M","R","?","E","R","BOSS","M","$","?","M","?","E","?","E","T","$","M","E","R","E","R","BOSS","M","?","$","?","?","E","M","E","T","E","M","M","E","M","R","BOSS"],"build_version":"2018-10-04v2","purchased_purges":0,"victory":true,"max_hp_per_floor":[70,70,70,70,70,70,70,70,70,70,70,70,70,70,70,70,70,70,70,70,70,70,70,70,70,70,70,70,80,80,80,80,80,80,80,80,80,80,80,80,80,80,80,80,80,80,80,80,80,80],"card_choices":[{"not_picked":["Finisher","Acrobatics"],"picked":"BootSequence","floor":0},{"not_picked":["Turbo","Tempest"],"picked":"Terror","floor":0},{"not_picked":["Streamline","Deadly Poison"],"picked":"Cloak And Dagger","floor":0},{"not_picked":["Turbo","Redo"],"picked":"Bane","floor":0},{"not_picked":["Streamline","Flying Knee"],"picked":"Sweeping Beam","floor":0},{"not_picked":["Blade Dance","Dagger Throw"],"picked":"Go for the Eyes","floor":0},{"not_picked":["Rip and Tear","Compile Driver"],"picked":"Footwork","floor":0},{"not_picked":["Reflex","Terror"],"picked":"PiercingWail","floor":0},{"not_picked":["Double Energy","Coolheaded"],"picked":"Turbo","floor":0},{"not_picked":["Dagger Spray","Compile Driver"],"picked":"Slice","floor":0},{"not_picked":["Catalyst","Recycle"],"picked":"Rebound","floor":0},{"not_picked":["Underhanded Strike","Endless Agony"],"picked":"Deflect","floor":0},{"not_picked":["Quick Slash","Gash"],"picked":"FTL","floor":0},{"not_picked":["Streamline","Acrobatics"],"picked":"Masterful Stab","floor":0},{"not_picked":["Underhanded Strike","Flying Knee"],"picked":"Distraction","floor":0},{"not_picked":["Stack","Tactician"],"picked":"Outmaneuver","floor":1},{"not_picked":["Outmaneuver","Riddle With Holes"],"picked":"Cold Snap","floor":5},{"not_picked":["Envenom","Meteor Strike"],"picked":"After Image","floor":7},{"not_picked":["Tools of the Trade","Rainbow"],"picked":"Adrenaline","floor":10},{"not_picked":["Ball Lightning","Outmaneuver"],"picked":"Cold Snap","floor":11},{"not_picked":["Grand Finale","Fission"],"picked":"Envenom","floor":14},{"not_picked":["Creative AI","Fission"],"picked":"Corpse Explosion","floor":16},{"not_picked":["Double Energy","Dagger Spray+1"],"picked":"Riddle With Holes","floor":18},{"not_picked":["Slice","Blizzard"],"picked":"Backflip","floor":21},{"not_picked":["Thunder Strike","Amplify"],"picked":"Corpse Explosion","floor":23},{"not_picked":["Meteor Strike","Glass Knife"],"picked":"Burst","floor":25},{"not_picked":["Dodge and Roll","Darkness+1"],"picked":"Self Repair+1","floor":28},{"not_picked":["Storm of Steel","Corpse Explosion"],"picked":"Envenom+1","floor":29},{"not_picked":["Fission","Adrenaline"],"picked":"Machine Learning+1","floor":31},{"not_picked":["Machine Learning+1","Seek"],"picked":"Buffer+1","floor":33},{"not_picked":["Bane+1","Ball Lightning"],"picked":"Blade Dance+1","floor":35},{"not_picked":["Finesse","Chrysalis"],"picked":"Violence","floor":36},{"not_picked":["PanicButton","Trip"],"picked":"Dark Shackles","floor":36},{"not_picked":["Forethought","Jack Of All Trades"],"picked":"Dark Shackles","floor":36},{"not_picked":["Envenom+1","Die Die Die"],"picked":"Malaise","floor":40},{"not_picked":["Sucker Punch","Ball Lightning"],"picked":"Prepared+1","floor":41},{"not_picked":["Storm of Steel","Phantasmal Killer"],"picked":"Buffer+1","floor":42},{"not_picked":["Wraith Form v2+1","Fission"],"picked":"Echo Form+1","floor":44},{"not_picked":["Bane","Leap"],"picked":"Rip and Tear+1","floor":45},{"not_picked":["Calculated Gamble+1","Outmaneuver"],"picked":"Accuracy+1","floor":46},{"not_picked":["Meteor Strike","Core Surge"],"picked":"Adrenaline","floor":47},{"not_picked":["Deflect","Reflex"],"picked":"Slice+1","floor":48}],"player_experience":1798158,"relics_obtained":[{"floor":7,"key":"PreservedInsect"},{"floor":9,"key":"Omamori"},{"floor":10,"key":"Nunchaku"},{"floor":14,"key":"Peace Pipe"},{"floor":23,"key":"Bottled Lightning"},{"floor":25,"key":"Frozen Egg 2"},{"floor":26,"key":"War Paint"},{"floor":29,"key":"Pear"},{"floor":31,"key":"Shovel"},{"floor":32,"key":"Whetstone"},{"floor":40,"key":"Dodecahedron"},{"floor":40,"key":"Singing Bowl"},{"floor":42,"key":"StoneCalendar"},{"floor":42,"key":"Gambling Chip"},{"floor":43,"key":"Tiny Chest"},{"floor":44,"key":"Sundial"},{"floor":44,"key":"Ninja Scroll"},{"floor":47,"key":"Letter Opener"},{"floor":47,"key":"Molten Egg 2"},{"floor":49,"key":"Du-Vu Doll"}],"event_choices":[{"event_name":"Liars Game","player_choice":"agreed","floor":2,"damage_taken":0},{"event_name":"Living Wall","player_choice":"Forget","floor":3,"damage_taken":0},{"event_name":"The Woman in Blue","player_choice":"Bought 1 Potion","floor":13,"damage_taken":0},{"event_name":"Nest","player_choice":"Stole From Cult","floor":20,"damage_taken":0},{"event_name":"Addict","player_choice":"Obtained Relic","floor":22,"damage_taken":0},{"event_name":"Drug Dealer","player_choice":"Inject Mutagens","floor":24,"damage_taken":0},{"event_name":"SensoryStone","player_choice":"Memory 3","floor":36,"damage_taken":0},{"event_name":"Winding Halls","player_choice":"Embrace Madness","floor":38,"damage_taken":0},{"event_name":"Match and Keep!","player_choice":"1 cards matched","floor":39,"damage_taken":0}],"is_beta":false,"boss_relics":[{"not_picked":["White Beast Statue","Eternal Feather"],"picked":"Fusion Hammer"},{"not_picked":["Astrolabe","Calling Bell"],"picked":"Black Star"}],"items_purged_floors":[],"is_endless":false,"potions_floor_spawned":[1,11,16,23,25,28,41,42,46,48],"ascension_level":0}