{"gold_per_floor":[119,137,151,151,151,151,183,183,207,219,233,9,9,9,9,109,109,127,127,141,167,82,110,110,124,147,175,274,274,287,287,287,387,387,397,397,411,287,509,509,534,21,74,93,111,129,149,159,159,159],"floor_reached":51,"playtime":4290,"items_purged":["Strike_G"],"score":751,"play_id":"85f618b6-319c-49fd-b21a-f0d87f0a1068","local_time":"20191025202422","is_ascension_mode":true,"campfire_choices":[{"data":"Blade Dance","floor":6,"key":"SMITH"},{"floor":8,"key":"REST"},{"floor":15,"key":"REST"},{"floor":24,"key":"REST"},{"floor":32,"key":"REST"},{"floor":49,"key":"REST"}],"neow_cost":"NONE","seed_source_timestamp":869260211903500,"circlet_count":0,"master_deck":["Strike_G","Strike_G","Strike_G","Defend_G","Defend_G","Defend_G","Defend_G","Defend_G","Survivor","Neutralize+1","Slice","Blade Dance+1","Poisoned Stab","Corpse Explosion","Poisoned Stab","Sucker Punch","Venomology","Envenom","Cloak And Dagger","Deadly Poison","Prepared+1","All Out Attack+1","Prepared+1","Flying Knee","Writhe","Burst+1","Deadly Poison+1","Dark Shackles+1","Cloak And Dagger+1","Dodge and Roll+1","Crippling Poison+1","Backflip+1"],"relics":["Ring of the Serpent","NeowsBlessing","Ancient Tea Set","Juzu Bracelet","Paper Crane","Shuriken","Busted Crown","Red Mask","Toxic Egg 2","The Courier","Vajra","Blue Candle","Gremlin Horn","Potion Belt","Orichalcum","Lee\u0027s Waffle","Mercury Hourglass","Pen Nib","Lantern"],"potions_floor_usage":[16,18,20,21,25,33,44,44,50,50,50,50,50,50],"damage_taken":[{"damage":0,"enemies":"Cultist","floor":1,"turns":1},{"damage":0,"enemies":"Jaw Worm","floor":2,"turns":1},{"damage":0,"enemies":"2 Louse","floor":3,"turns":1},{"damage":22,"enemies":"3 Sentries","floor":7,"turns":9},{"damage":0,"enemies":"Looter","floor":10,"turns":2},{"damage":10,"enemies":"Exordium Thugs","floor":11,"turns":3},{"damage":22,"enemies":"Hexaghost","floor":16,"turns":9},{"damage":0,"enemies":"Chosen","floor":18,"turns":4},{"damage":2,"enemies":"Shell Parasite","floor":20,"turns":5},{"damage":11,"enemies":"Masked Bandits","floor":21,"turns":3},{"damage":13,"enemies":"Slavers","floor":23,"turns":2},{"damage":0,"enemies":"Centurion and Healer","floor":25,"turns":3},{"damage":10,"enemies":"Book of Stabbing","floor":27,"turns":5},{"damage":3,"enemies":"Snake Plant","floor":30,"turns":4},{"damage":47,"enemies":"Automaton","floor":33,"turns":11},{"damage":0,"enemies":"3 Shapes","floor":35,"turns":4},{"damage":20,"enemies":"3 Darklings","floor":37,"turns":3},{"damage":26,"enemies":"Writhing Mass","floor":44,"turns":5},{"damage":0,"enemies":"Transient","floor":45,"turns":5},{"damage":0,"enemies":"Jaw Worm Horde","floor":46,"turns":2},{"damage":4,"enemies":"4 Shapes","floor":47,"turns":1},{"damage":8,"enemies":"Sphere and 2 Shapes","floor":48,"turns":3},{"damage":66,"enemies":"Time Eater","floor":50,"turns":14}],"seed_played":"-1714254746687209539","potions_obtained":[{"floor":1,"key":"FearPotion"},{"floor":7,"key":"Ancient Potion"},{"floor":10,"key":"Dexterity Potion"},{"floor":16,"key":"GhostInAJar"},{"floor":23,"key":"EssenceOfSteel"},{"floor":25,"key":"Fire Potion"},{"floor":44,"key":"Weak Potion"},{"floor":48,"key":"Block Potion"}],"is_trial":false,"path_per_floor":["M","M","M","?","?","R","E","R","T","M","M","$","?","T","R","B",null,"M","?","M","?","?","E","R","M","T","E","?","?","M","?","R","B",null,"M","?","M","$","?","?","T","$","T","M","M","M","M","M","R","B",null],"character_chosen":"THE_SILENT","items_purchased":["Venomology","Potion Belt","Lee\u0027s Waffle","Mercury Hourglass","Pen Nib","Poison Potion"],"campfire_rested":5,"item_purchase_floors":[12,38,42,42,42,42],"current_hp_per_floor":[70,70,70,70,70,70,48,69,69,69,59,59,41,41,62,40,70,70,70,68,57,57,44,65,65,65,55,55,55,52,52,70,23,70,70,70,50,50,50,50,50,77,77,51,51,51,47,39,62,11],"gold":159,"neow_bonus":"THREE_ENEMY_KILL","is_prod":false,"is_daily":false,"chose_seed":false,"campfire_upgraded":1,"win_rate":0,"timestamp":1572027862,"path_taken":["M","?","M","?","?","R","E","R","T","M","M","?","?","?","R","BOSS","M","?","M","?","?","E","R","M","T","E","?","?","M","?","R","BOSS","M","?","M","$","?","?","?","$","T","M","M","M","M","M","R","BOSS"],"build_version":"2019-07-17","purchased_purges":1,"victory":true,"max_hp_per_floor":[70,70,70,70,70,70,70,70,70,70,70,70,70,70,70,70,70,70,70,70,70,70,70,70,70,70,70,70,70,70,70,70,70,70,70,70,70,70,70,70,70,77,77,77,77,77,77,77,77,77],"card_choices":[{"not_picked":["Setup","Deflect"],"picked":"Slice","floor":1},{"not_picked":["Bane","Venomology"],"picked":"Blade Dance","floor":2},{"not_picked":["Underhanded Strike","Concentrate"],"picked":"Poisoned Stab","floor":3},{"not_picked":["Eviscerate","Burst"],"picked":"Corpse Explosion","floor":7},{"not_picked":["Masterful Stab","Heel Hook"],"picked":"Poisoned Stab","floor":10},{"not_picked":["Slice","Underhanded Strike"],"picked":"Sucker Punch","floor":11},{"not_picked":["Tools of the Trade","Corpse Explosion"],"picked":"Envenom","floor":16},{"not_picked":["Deflect"],"picked":"SKIP","floor":18},{"not_picked":[],"picked":"Cloak And Dagger","floor":20},{"not_picked":[],"picked":"Deadly Poison","floor":21},{"not_picked":[],"picked":"Prepared+1","floor":23},{"not_picked":[],"picked":"All Out Attack+1","floor":25},{"not_picked":["Reflex+1"],"picked":"SKIP","floor":27},{"not_picked":[],"picked":"Flying Knee","floor":30},{"not_picked":[],"picked":"Burst+1","floor":33},{"not_picked":[],"picked":"Deadly Poison+1","floor":35},{"not_picked":[],"picked":"Dark Shackles+1","floor":36},{"not_picked":["All Out Attack+1"],"picked":"SKIP","floor":37},{"not_picked":[],"picked":"Cloak And Dagger+1","floor":44},{"not_picked":["Dagger Throw"],"picked":"SKIP","floor":45},{"not_picked":[],"picked":"Dodge and Roll+1","floor":46},{"not_picked":[],"picked":"Crippling Poison+1","floor":47},{"not_picked":[],"picked":"Backflip+1","floor":48}],"player_experience":126779,"relics_obtained":[{"floor":7,"key":"Ancient Tea Set"},{"floor":9,"key":"Juzu Bracelet"},{"floor":14,"key":"Shuriken"},{"floor":21,"key":"Red Mask"},{"floor":23,"key":"The Courier"},{"floor":26,"key":"Vajra"},{"floor":27,"key":"Blue Candle"},{"floor":41,"key":"Orichalcum"},{"floor":43,"key":"Lantern"}],"event_choices":[{"damage_healed":0,"gold_gain":0,"player_choice":"Leave","damage_taken":0,"max_hp_gain":0,"max_hp_loss":0,"event_name":"The Cleric","floor":4,"gold_loss":0},{"damage_healed":0,"gold_gain":0,"player_choice":"Grow","damage_taken":0,"max_hp_gain":0,"max_hp_loss":0,"event_name":"Living Wall","floor":5,"gold_loss":0,"cards_upgraded":["Neutralize"]},{"damage_healed":0,"gold_gain":0,"player_choice":"Success","damage_taken":18,"relics_obtained":["Paper Crane"],"max_hp_gain":0,"max_hp_loss":0,"event_name":"Scrap Ooze","floor":13,"gold_loss":0},{"damage_healed":0,"gold_gain":0,"player_choice":"Ignored","damage_taken":0,"max_hp_gain":0,"max_hp_loss":0,"event_name":"Beggar","floor":19,"gold_loss":0},{"damage_healed":0,"gold_gain":0,"player_choice":"Fought Bandits","damage_taken":0,"max_hp_gain":0,"max_hp_loss":0,"event_name":"Masked Bandits","floor":21,"gold_loss":0},{"damage_healed":0,"gold_gain":0,"player_choice":"Obtained Relic","damage_taken":0,"relics_obtained":["Toxic Egg 2"],"max_hp_gain":0,"max_hp_loss":0,"event_name":"Addict","floor":22,"gold_loss":85},{"damage_healed":0,"gold_gain":99,"player_choice":"Stole From Cult","damage_taken":0,"max_hp_gain":0,"max_hp_loss":0,"event_name":"Nest","floor":28,"gold_loss":0},{"damage_healed":0,"gold_gain":0,"player_choice":"Copied","damage_taken":0,"max_hp_gain":0,"max_hp_loss":0,"event_name":"Duplicator","floor":29,"gold_loss":0,"cards_obtained":["Prepared"]},{"damage_healed":0,"gold_gain":0,"player_choice":"Opened","damage_taken":0,"relics_obtained":["Gremlin Horn"],"max_hp_gain":0,"max_hp_loss":0,"event_name":"The Mausoleum","floor":31,"gold_loss":0,"cards_obtained":["Writhe"]},{"damage_healed":0,"gold_gain":0,"player_choice":"Memory 1","damage_taken":0,"max_hp_gain":0,"max_hp_loss":0,"event_name":"SensoryStone","floor":36,"gold_loss":0},{"damage_healed":0,"gold_gain":222,"player_choice":"Wore Mask","damage_taken":0,"max_hp_gain":0,"max_hp_loss":0,"event_name":"Tomb of Lord Red Mask","floor":39,"gold_loss":0},{"cards_removed":["Strike_G"],"damage_healed":0,"gold_gain":0,"player_choice":"Removed Attack","damage_taken":0,"max_hp_gain":0,"max_hp_loss":0,"event_name":"Falling","floor":40,"gold_loss":0}],"is_beta":false,"boss_relics":[{"not_picked":["Runic Dome","Philosopher\u0027s Stone"],"picked":"Busted Crown"},{"not_picked":["Orrery","Lizard Tail"],"picked":"Ring of the Serpent"}],"items_purged_floors":[12],"is_endless":false,"potions_floor_spawned":[1,7,10,16,23,25,30,37,44,48],"ascension_level":2}