{"gold_per_floor":[110,110,35,110,126,126,141,172,198,198,50,50,64,83,83,188,188,199,199,4,22,33,33,47,47,47,47,57,57,77,92,92,196,196,196],"floor_reached":35,"playtime":3289,"items_purged":["Strike_G","Strike_G"],"score":467,"play_id":"050a2361-23a7-426f-88dc-e838915b125c","local_time":"20180824184601","is_ascension_mode":true,"campfire_choices":[{"floor":6,"key":"REST"},{"data":"Skewer","floor":10,"key":"SMITH"},{"data":"Noxious Fumes","floor":12,"key":"SMITH"},{"floor":15,"key":"REST"},{"data":"Envenom","floor":23,"key":"SMITH"},{"floor":25,"key":"REST"},{"data":"Catalyst","floor":27,"key":"SMITH"},{"floor":29,"key":"REST"},{"floor":32,"key":"REST"}],"neow_cost":"NONE","seed_source_timestamp":202712185263803,"circlet_count":0,"master_deck":["Defend_G","Defend_G","Defend_G","Defend_G","Strike_G","Strike_G","Survivor","Neutralize+1","Heel Hook","Deflect","Noxious Fumes+1","Skewer+1","Bane","Dagger Throw","Terror","Envenom+1","Catalyst+1","Outmaneuver","Outmaneuver","Backflip","Well Laid Plans","Dagger Spray","Blade Dance+1","Bane+1","Cloak And Dagger","Cloak And Dagger+1","Tools of the Trade"],"relics":["Ring of the Snake","Bag of Preparation","Potion Belt","Orrery","Chemical X","Peace Pipe","Snecko Eye"],"potions_floor_usage":[8,8,16,28,33,33],"damage_taken":[{"damage":0,"enemies":"Small Slimes","floor":1,"turns":5},{"damage":0,"enemies":"2 Louse","floor":5,"turns":4},{"damage":0,"enemies":"Jaw Worm","floor":7,"turns":4},{"damage":3,"enemies":"3 Sentries","floor":8,"turns":8},{"damage":16,"enemies":"Lots of Slimes","floor":13,"turns":4},{"damage":0,"enemies":"Exordium Wildlife","floor":14,"turns":3},{"damage":2,"enemies":"Slime Boss","floor":16,"turns":6},{"damage":7,"enemies":"Chosen","floor":18,"turns":4},{"damage":11,"enemies":"Spheric Guardian","floor":21,"turns":3},{"damage":0,"enemies":"Snecko","floor":22,"turns":3},{"damage":19,"enemies":"Cultist and Chosen","floor":24,"turns":4},{"damage":15,"enemies":"Snake Plant","floor":28,"turns":4},{"damage":4,"enemies":"Snecko","floor":30,"turns":4},{"damage":22,"enemies":"Sentry and Sphere","floor":31,"turns":5},{"damage":20,"enemies":"Champ","floor":33,"turns":6},{"damage":69,"enemies":"3 Darklings","floor":35,"turns":5}],"seed_played":"131427428603516232","potions_obtained":[{"floor":1,"key":"AttackPotion"},{"floor":5,"key":"PowerPotion"},{"floor":13,"key":"Energy Potion"},{"floor":22,"key":"LiquidBronze"},{"floor":24,"key":"EssenceOfSteel"},{"floor":28,"key":"Regen Potion"},{"floor":33,"key":"Dexterity Potion"}],"is_trial":false,"path_per_floor":["M","?","$","?","M","R","M","E","T","R","$","R","M","M","R","B",null,"M","?","$","M","M","R","M","R","T","R","M","R","M","M","R","B",null],"character_chosen":"THE_SILENT","items_purchased":["Bane","Chemical X"],"campfire_rested":5,"item_purchase_floors":[11,20],"current_hp_per_floor":[63,56,56,45,45,66,66,63,63,63,63,63,47,47,68,66,69,62,62,62,51,51,51,32,53,53,53,38,59,55,33,54,49,65,0],"gold":196,"neow_bonus":"UPGRADE_CARD","is_prod":false,"is_daily":false,"chose_seed":false,"campfire_upgraded":4,"win_rate":0,"timestamp":1535129161,"path_taken":["M","?","$","?","M","R","?","E","T","R","$","R","M","M","R","BOSS","M","?","$","M","M","R","M","R","T","R","M","R","M","M","R","BOSS","M"],"build_version":"2018-08-16","purchased_purges":2,"victory":false,"max_hp_per_floor":[70,70,70,70,70,70,70,70,70,70,70,70,70,70,70,70,70,70,70,70,70,70,70,70,70,70,70,70,70,70,70,70,70,70,70],"card_choices":[{"not_picked":["Deadly Poison","Masterful Stab"],"picked":"Heel Hook","floor":1},{"not_picked":["Dagger Throw","Acrobatics"],"picked":"Deflect","floor":5},{"not_picked":["Escape Plan","Dodge and Roll"],"picked":"Noxious Fumes","floor":7},{"not_picked":["Caltrops","Finisher"],"picked":"Skewer","floor":8},{"not_picked":["Underhanded Strike","Quick Slash"],"picked":"Dagger Throw","floor":13},{"not_picked":["Concentrate","Slice"],"picked":"Terror","floor":14},{"not_picked":["Die Die Die","Storm of Steel"],"picked":"Envenom","floor":16},{"not_picked":["Calculated Gamble","Concentrate"],"picked":"Catalyst","floor":17},{"not_picked":["Sucker Punch","Dash"],"picked":"Outmaneuver","floor":17},{"not_picked":["Backstab","Deflect"],"picked":"Outmaneuver","floor":17},{"not_picked":["Cloak And Dagger","PiercingWail"],"picked":"Backflip","floor":17},{"not_picked":["Deadly Poison","Dodge and Roll"],"picked":"Well Laid Plans","floor":17},{"not_picked":["Cloak And Dagger","After Image"],"picked":"Dagger Spray","floor":18},{"not_picked":["Deadly Poison","Endless Agony"],"picked":"Blade Dance+1","floor":21},{"not_picked":["Sucker Punch","Finisher","Deadly Poison"],"picked":"SKIP","floor":22},{"not_picked":["Underhanded Strike","Quick Slash","Distraction"],"picked":"SKIP","floor":24},{"not_picked":["Dagger Throw","Blade Dance"],"picked":"Bane+1","floor":28},{"not_picked":["Underhanded Strike","Dodge and Roll"],"picked":"Cloak And Dagger","floor":30},{"not_picked":["Accuracy","Masterful Stab"],"picked":"Cloak And Dagger+1","floor":31},{"not_picked":["Wraith Form v2","Die Die Die"],"picked":"Tools of the Trade","floor":33}],"player_experience":1560755,"relics_obtained":[{"floor":8,"key":"Bag of Preparation"},{"floor":9,"key":"Potion Belt"},{"floor":26,"key":"Peace Pipe"}],"event_choices":[{"event_name":"Golden Wing","player_choice":"Card Removal","floor":2,"damage_taken":0},{"event_name":"World of Goop","player_choice":"Gather Gold","floor":4,"damage_taken":0},{"event_name":"Purifier","player_choice":"One Purge","floor":19,"damage_taken":0}],"is_beta":false,"boss_relics":[{"not_picked":["Eternal Feather","Sozu"],"picked":"Orrery"},{"not_picked":["Cursed Key","Velvet Choker"],"picked":"Snecko Eye"}],"items_purged_floors":[3,11],"is_endless":false,"potions_floor_spawned":[1,5,13,22,24,28,33],"killed_by":"3 Darklings","ascension_level":6}