{"path_per_floor":["M","M","?","M","M","E","R","M","T","R","M","E","M","M","R","B",null,"M","M","M","$","M","R","E","R","T","?","M","M","R","E","R","B",null,"M","$","M","M","?","M","E","R","T","M","R","E","R","M","R"],"character_chosen":"IRONCLAD","items_purchased":["Spot Weakness","Mind Blast","Wild Strike","Rupture","Self Forming Clay"],"gold_per_floor":[114,134,134,148,166,191,191,146,146,146,159,192,212,232,232,330,330,348,358,375,172,186,186,216,216,216,316,336,347,347,374,374,471,471,488,32,44,55,107,126,181,181,181,193,193,219,219,229,229],"floor_reached":50,"campfire_rested":7,"playtime":9432,"current_hp_per_floor":[80,70,70,71,45,8,32,37,37,61,58,45,42,31,55,34,80,80,80,80,80,78,78,80,80,80,80,80,80,80,53,77,21,80,76,76,72,47,41,44,23,47,47,50,74,69,80,79,79],"items_purged":["Strike_R","Defend_R"],"gold":229,"score":533,"play_id":"408dc8b7-c2aa-47c3-a1e9-f63c45bf3029","is_prod":false,"is_daily":false,"is_ascension_mode":false,"campfire_upgraded":4,"path_taken":["M","M","?","M","M","E","R","M","T","R","M","E","M","M","R","BOSS","M","M","?","$","M","R","E","R","T","?","M","M","R","E","R","BOSS","M","$","M","M","?","M","E","R","T","M","R","E","R","M","R","BOSS"],"build_version":"2018-02-08-PROD1","purchased_purges":2,"victory":false,"master_deck":["Strike_R","Strike_R","Strike_R","Defend_R","Defend_R","Defend_R","Bash","Immolate","Armaments","Blood for Blood","Flex","Rage","Flame Barrier","Pommel Strike","Cleave","Iron Wave","Pommel Strike","Evolve+1","Bludgeon","Heavy Blade+1","Power Through+1","Body Slam","Spot Weakness+1","Mind Blast+1","Uppercut+1","Headbutt+1","Combust+1","Spot Weakness","Searing Blow+1","Double Tap","Clothesline+1","Inflame","Fiend Fire+1","Iron Wave+1","Fire Breathing+1","Flex+1","Wild Strike+1","Rupture","Metallicize","Dual Wield+1","Evolve","Combust+1","Seeing Red","Inflame+1","Bloodletting","Flame Barrier+1"],"max_hp_per_floor":[80,80,80,80,80,80,80,80,80,80,80,80,80,80,80,80,80,80,80,80,80,80,80,80,80,80,80,80,80,80,80,80,80,80,80,80,80,80,80,80,80,80,80,80,80,80,80,80,80],"relics":["Burning Blood","Du-Vu Doll","Gambling Chip","Happy Flower","Snecko Eye","Molten Egg 2","Ice Cream","Bronze Scales","Orrery","Self Forming Clay","Thread and Needle","Tiny Chest","Unceasing Top","Meat on the Bone"],"card_choices":[{"not_picked":["Rupture","True Grit"],"picked":"Armaments"},{"not_picked":["Battle Trance","Bloodletting"],"picked":"Blood for Blood"},{"not_picked":["True Grit","Pommel Strike"],"picked":"Flex"},{"not_picked":["Second Wind","Anger"],"picked":"Rage"},{"not_picked":["True Grit","Pommel Strike"],"picked":"Flame Barrier"},{"not_picked":["Twin Strike","Reckless Charge"],"picked":"Pommel Strike"},{"not_picked":["Armaments","Second Wind"],"picked":"Cleave"},{"not_picked":["True Grit","Infernal Blade"],"picked":"Iron Wave"},{"not_picked":["True Grit","Perfected Strike"],"picked":"Pommel Strike"},{"not_picked":["Combust","Uppercut"],"picked":"Evolve"},{"not_picked":["Offering","Immolate"],"picked":"Bludgeon"},{"not_picked":["Anger","Armaments"],"picked":"Heavy Blade"},{"not_picked":["Feel No Pain","Whirlwind"],"picked":"Power Through"},{"not_picked":["Burning Pact","Twin Strike"],"picked":"Body Slam"},{"not_picked":["Rupture","Armaments"],"picked":"Uppercut"},{"not_picked":["Sever Soul","Cleave"],"picked":"Headbutt"},{"not_picked":["Rage","Rampage"],"picked":"Combust"},{"not_picked":["Combust","Uppercut"],"picked":"Spot Weakness"},{"not_picked":["Anger","Corruption"],"picked":"Searing Blow"},{"not_picked":["Berserk","Reaper"],"picked":"Double Tap"},{"not_picked":["Pommel Strike","Battle Trance"],"picked":"Clothesline"},{"not_picked":["Sword Boomerang","Heavy Blade"],"picked":"Inflame"},{"not_picked":["Heavy Blade","Warcry"],"picked":"Fiend Fire"},{"not_picked":["Warcry","True Grit"],"picked":"Iron Wave"},{"not_picked":["Pommel Strike","Pummel"],"picked":"Fire Breathing"},{"not_picked":["Offering","Body Slam"],"picked":"Flex"},{"not_picked":["Shockwave","Rupture"],"picked":"Metallicize"},{"not_picked":["Clash","Headbutt"],"picked":"Dual Wield"},{"not_picked":["Flex","Cleave"],"picked":"Evolve"},{"not_picked":["Disarm","Blood for Blood"],"picked":"Combust"},{"not_picked":["Shockwave","Iron Wave"],"picked":"Seeing Red"},{"not_picked":["Clothesline","Dropkick"],"picked":"Inflame"},{"not_picked":["Headbutt","Warcry"],"picked":"Bloodletting"},{"not_picked":["Battle Trance","Warcry"],"picked":"Flame Barrier"}],"player_experience":77259,"potions_floor_usage":[39,41,46,50],"damage_taken":[{"damage":5.0,"enemies":"Small Slimes","floor":1.0,"turns":4.0},{"damage":16.0,"enemies":"Blue Slaver","floor":2.0,"turns":4.0},{"damage":5.0,"enemies":"2 Louse","floor":4.0,"turns":3.0},{"damage":32.0,"enemies":"Gremlin Gang","floor":5.0,"turns":7.0},{"damage":43.0,"enemies":"Gremlin Nob","floor":6.0,"turns":5.0},{"damage":1.0,"enemies":"Looter","floor":8.0,"turns":5.0},{"damage":9.0,"enemies":"Lots of Slimes","floor":11.0,"turns":6.0},{"damage":19.0,"enemies":"3 Sentries","floor":12.0,"turns":6.0},{"damage":9.0,"enemies":"3 Louse","floor":13.0,"turns":3.0},{"damage":17.0,"enemies":"Exordium Wildlife","floor":14.0,"turns":7.0},{"damage":27.0,"enemies":"Slime Boss","floor":16.0,"turns":10.0},{"damage":3.0,"enemies":"2 Thieves","floor":18.0,"turns":2.0},{"damage":0.0,"enemies":"Shell Parasite","floor":19.0,"turns":3.0},{"damage":0.0,"enemies":"Sentry and Sphere","floor":20.0,"turns":4.0},{"damage":8.0,"enemies":"Centurion and Healer","floor":22.0,"turns":4.0},{"damage":2.0,"enemies":"Book of Stabbing","floor":24.0,"turns":4.0},{"damage":0.0,"enemies":"Snake Plant","floor":28.0,"turns":2.0},{"damage":0.0,"enemies":"Snecko","floor":29.0,"turns":3.0},{"damage":33.0,"enemies":"Slavers","floor":31.0,"turns":5.0},{"damage":62.0,"enemies":"Collector","floor":33.0,"turns":7.0},{"damage":10.0,"enemies":"3 Shapes","floor":35.0,"turns":3.0},{"damage":10.0,"enemies":"3 Darklings","floor":37.0,"turns":6.0},{"damage":31,"enemies":"4 Shapes","floor":38,"turns":4},{"damage":27,"enemies":"Mysterious Sphere","floor":39,"turns":6},{"damage":3,"enemies":"Maw","floor":40,"turns":8},{"damage":27,"enemies":"2 Orb Walkers","floor":41,"turns":4},{"damage":3,"enemies":"3 Darklings","floor":44,"turns":5},{"damage":17,"enemies":"Nemesis","floor":46,"turns":9},{"damage":7,"enemies":"4 Shapes","floor":48,"turns":4},{"damage":99,"enemies":"Awakened One","floor":50,"turns":7}],"event_choices":[{"event_name":"Purifier","player_choice":"One Purge","floor":3.0,"damage_taken":0.0},{"event_name":"Golden Shrine","player_choice":"Pray","floor":27.0,"damage_taken":0.0},{"event_name":"Mysterious Sphere","player_choice":"Fight","floor":39,"damage_taken":0}],"boss_relics":[],"potions_floor_spawned":[4,11,12,14,16,19,24,29,31,35,40,44,48],"seed_played":"-2599637033652127684","killed_by":"Awakened One","ascension_level":0,"is_trial":false}