{"gold_per_floor":[119,119,137,137,137,137,157,157,157,171,171,6,27,50,50,180,180,194,194,49,49],"floor_reached":21,"playtime":917,"items_purged":["Strike_B"],"score":307,"play_id":"873fb495-4ae5-4407-a34f-cd0241c49fc3","local_time":"20180913231658","is_ascension_mode":true,"campfire_choices":[{"data":"Dualcast","floor":6,"key":"SMITH"},{"data":"Scrape","floor":8,"key":"SMITH"},{"data":"Chaos","floor":11,"key":"SMITH"},{"floor":15,"key":"REST"}],"neow_cost":"NONE","seed_source_timestamp":130805974421206,"circlet_count":0,"master_deck":["Strike_B+1","Strike_B","Strike_B","Defend_B+1","Defend_B","Defend_B+1","Defend_B","Zap+1","Dualcast+1","Go for the Eyes+1","Gash","Scrape+1","Injury","Chaos+1","Reboot","Static Discharge","Swift Strike","Sweeping Beam","Go for the Eyes","Multi-Cast","Recycle","Scrape"],"relics":["Cracked Core","Golden Idol","War Paint","Sozu"],"potions_floor_usage":[10,16],"damage_taken":[{"damage":0,"enemies":"2 Louse","floor":1,"turns":2},{"damage":0,"enemies":"Cultist","floor":3,"turns":3},{"damage":7,"enemies":"Jaw Worm","floor":7,"turns":3},{"damage":5,"enemies":"Red Slaver","floor":10,"turns":2},{"damage":11,"enemies":"Exordium Wildlife","floor":13,"turns":2},{"damage":6,"enemies":"Blue Slaver","floor":14,"turns":3},{"damage":0,"enemies":"Slime Boss","floor":16,"turns":4},{"damage":0,"enemies":"Chosen","floor":18,"turns":3},{"damage":16,"enemies":"Colosseum Slavers","floor":21,"turns":4},{"damage":58,"enemies":"Colosseum Nobs","floor":21,"turns":3}],"seed_played":"3387076514478172141","potions_obtained":[{"floor":1,"key":"FearPotion"},{"floor":3,"key":"EssenceOfSteel"},{"floor":10,"key":"Ancient Potion"},{"floor":16,"key":"Dexterity Potion"}],"is_trial":false,"path_per_floor":["M","?","M","?","?","R","M","R","T","M","R","$","M","M","R","B",null,"M","?","$"],"character_chosen":"DEFECT","items_purchased":["Static Discharge","Swift Strike","Scrape"],"campfire_rested":1,"item_purchase_floors":[12,12,20],"current_hp_per_floor":[68,68,68,68,53,53,46,46,46,41,41,41,30,24,46,46,68,68,68,68,0],"gold":49,"neow_bonus":"THREE_CARDS","is_prod":false,"is_daily":false,"chose_seed":false,"campfire_upgraded":3,"win_rate":0,"timestamp":1536895018,"path_taken":["M","?","?","?","?","R","M","R","T","M","R","$","M","M","R","BOSS","M","?","$","?"],"build_version":"2018-08-23v2","purchased_purges":1,"victory":false,"max_hp_per_floor":[75,75,75,75,75,75,75,75,75,75,75,75,75,75,75,75,75,75,75,75,75],"card_choices":[{"not_picked":["Force Field","Consume"],"picked":"Go for the Eyes","floor":0},{"not_picked":["Stack","Streamline"],"picked":"Gash","floor":1},{"not_picked":["Beam Cell","Leap"],"picked":"Scrape","floor":3},{"not_picked":["Compile Driver","Leap"],"picked":"Chaos","floor":7},{"not_picked":["Conserve Battery","Beam Cell"],"picked":"Reboot","floor":10},{"not_picked":["Loop","Doom and Gloom"],"picked":"Sweeping Beam","floor":13},{"not_picked":["Compile Driver","Barrage"],"picked":"Go for the Eyes","floor":14},{"not_picked":["Biased Cognition","Buffer"],"picked":"Multi-Cast","floor":16},{"not_picked":["Stack","Leap"],"picked":"Recycle","floor":18}],"player_experience":1706181,"relics_obtained":[{"floor":9,"key":"War Paint"}],"event_choices":[{"event_name":"Accursed Blacksmith","player_choice":"Forge","floor":2,"damage_taken":0},{"event_name":"Golden Idol","player_choice":"Take Wound","floor":4,"damage_taken":0},{"event_name":"Shining Light","player_choice":"Entered Light","floor":5,"damage_taken":0},{"event_name":"Ghosts","player_choice":"Ignored","floor":19,"damage_taken":0},{"event_name":"Colosseum","player_choice":"Fight","floor":21,"damage_taken":0},{"event_name":"Colosseum","player_choice":"Fought Nobs","floor":21,"damage_taken":0}],"is_beta":false,"boss_relics":[{"not_picked":["White Beast Statue","Astrolabe"],"picked":"Sozu"}],"items_purged_floors":[20],"is_endless":false,"potions_floor_spawned":[1,3,10,16],"killed_by":"Colosseum Nobs","ascension_level":8}