{"gold_per_floor":[115,125,135,35,35,63,63,93,138,149,177,177,194,194,194,269,269,285,302,312,323,323,323],"floor_reached":23,"playtime":1858,"items_purged":[],"score":526,"play_id":"ff72f21f-d20e-4e05-b7d5-96dde10af477","local_time":"20191023203852","is_ascension_mode":true,"campfire_choices":[{"data":"Eruption","floor":7,"key":"SMITH"},{"data":"ConjureBlade","floor":12,"key":"SMITH"},{"data":"Scrawl","floor":15,"key":"SMITH"}],"neow_cost":"TEN_PERCENT_HP_LOSS","seed_source_timestamp":47256686723281,"circlet_count":0,"master_deck":["AscendersBane","Strike_P","Strike_P","Strike_P","Strike_P","Defend_P","Defend_P","Defend_P","Defend_P","Eruption+1","Vigilance","Violence","EmptyFist","FlyingSleeves","Halt","CutThroughFate","Indignation","ConjureBlade+1","EmptyBody","Scrawl+1","ThirdEye","Blasphemy","Wallop","Nirvana","BowlingBash+1","Nirvana+1"],"relics":["PureWater","StrikeDummy","Regal Pillow","Pen Nib","Mummified Hand","Runic Pyramid"],"potions_floor_usage":[16,23],"damage_taken":[{"damage":1,"enemies":"Cultist","floor":1,"turns":3},{"damage":3,"enemies":"Small Slimes","floor":2,"turns":3},{"damage":0,"enemies":"2 Louse","floor":3,"turns":2},{"damage":45,"enemies":"3 Sentries","floor":6,"turns":7},{"damage":0,"enemies":"Gremlin Nob","floor":8,"turns":2},{"damage":0,"enemies":"2 Fungi Beasts","floor":10,"turns":2},{"damage":0,"enemies":"Lagavulin","floor":11,"turns":3},{"damage":0,"enemies":"Exordium Wildlife","floor":13,"turns":1},{"damage":6,"enemies":"Hexaghost","floor":16,"turns":6},{"damage":0,"enemies":"Spheric Guardian","floor":18,"turns":2},{"damage":0,"enemies":"Chosen","floor":19,"turns":4},{"damage":22,"enemies":"Shelled Parasite and Fungi","floor":20,"turns":3},{"damage":2,"enemies":"Snake Plant","floor":21,"turns":2},{"damage":25,"enemies":"Slavers","floor":23,"turns":1}],"seed_played":"6306692186151272415","potions_obtained":[{"floor":8,"key":"SpeedPotion"},{"floor":11,"key":"StancePotion"},{"floor":13,"key":"BottledMiracle"},{"floor":20,"key":"Weak Potion"}],"is_trial":false,"path_per_floor":["M","M","M","$","?","E","R","E","T","M","E","R","M","?","R","B",null,"M","M","M","M","?","E"],"character_chosen":"WATCHER","items_purchased":["CutThroughFate","Indignation"],"campfire_rested":0,"item_purchase_floors":[4,4],"current_hp_per_floor":[60,57,57,57,57,12,12,12,12,12,12,12,12,12,12,6,48,48,48,26,24,24,0],"gold":323,"neow_bonus":"RANDOM_COLORLESS_2","is_prod":false,"is_daily":false,"chose_seed":false,"campfire_upgraded":3,"win_rate":0,"timestamp":1571816332,"path_taken":["M","M","M","$","?","E","R","E","T","M","E","R","M","?","R","BOSS","M","M","?","M","?","E"],"build_version":"2019-10-22","purchased_purges":0,"victory":false,"max_hp_per_floor":[62,62,62,62,62,62,62,62,62,62,62,62,62,62,62,62,62,62,62,62,62,62,62],"card_choices":[{"not_picked":["Panache","The Bomb"],"picked":"Violence","floor":0},{"not_picked":["LikeWater","CutThroughFate"],"picked":"EmptyFist","floor":1},{"not_picked":["ClearTheMind","EmptyBody"],"picked":"FlyingSleeves","floor":2},{"not_picked":["ClearTheMind","JustLucky"],"picked":"Halt","floor":3},{"not_picked":["CutThroughFate","Nirvana"],"picked":"ConjureBlade","floor":6},{"not_picked":["CutThroughFate","CrushJoints"],"picked":"EmptyBody","floor":8},{"not_picked":["PathToVictory","Consecrate"],"picked":"Scrawl","floor":10},{"not_picked":["MasterReality","ForeignInfluence","Prostrate"],"picked":"SKIP","floor":11},{"not_picked":["SashWhip","FlyingSleeves"],"picked":"ThirdEye","floor":13},{"not_picked":["Judgement","DevaForm"],"picked":"Blasphemy","floor":16},{"not_picked":["InnerPeace","Swivel"],"picked":"Wallop","floor":18},{"not_picked":["PathToVictory","WindmillStrike+1"],"picked":"Nirvana","floor":19},{"not_picked":["TalkToTheHand","Perseverance"],"picked":"BowlingBash+1","floor":20},{"not_picked":["CutThroughFate","FollowUp"],"picked":"Nirvana+1","floor":21}],"player_experience":1731085,"relics_obtained":[{"floor":6,"key":"StrikeDummy"},{"floor":8,"key":"Regal Pillow"},{"floor":9,"key":"Pen Nib"},{"floor":11,"key":"Mummified Hand"}],"event_choices":[{"damage_healed":0,"gold_gain":0,"player_choice":"Ignored","damage_taken":0,"max_hp_gain":0,"max_hp_loss":0,"event_name":"Liars Game","floor":5,"gold_loss":0},{"damage_healed":0,"gold_gain":0,"player_choice":"0 cards matched","damage_taken":0,"max_hp_gain":0,"max_hp_loss":0,"event_name":"Match and Keep!","floor":14,"gold_loss":0,"cards_obtained":[]},{"damage_healed":0,"gold_gain":0,"player_choice":"Ignored","damage_taken":0,"max_hp_gain":0,"max_hp_loss":0,"event_name":"The Mausoleum","floor":22,"gold_loss":0}],"is_beta":true,"boss_relics":[{"not_picked":["VioletLotus","Coffee Dripper"],"picked":"Runic Pyramid"}],"items_purged_floors":[],"is_endless":false,"potions_floor_spawned":[8,11,13,20],"killed_by":"Slavers","ascension_level":20}