{"gold_per_floor":[116,116,116,41,57,57,85,85,163,195,206,225,225,244,244,348,348,364,297,297,297,297,297,281,281,304,321,13,28,90,122,122,227,227,238,109,127,145,159,159,159],"floor_reached":41,"playtime":4848,"items_purged":["Defend_G"],"score":632,"play_id":"08eacb15-1d57-4b51-8366-642bb5673ad7","local_time":"20180825024534","is_ascension_mode":true,"campfire_choices":[{"floor":6,"key":"REST"},{"data":"Choke","floor":8,"key":"SMITH"},{"floor":13,"key":"REST"},{"data":"Bouncing Flask","floor":15,"key":"SMITH"},{"data":"Bouncing Flask","floor":23,"key":"SMITH"},{"data":"Crippling Poison","floor":25,"key":"SMITH"},{"floor":32,"key":"REST"},{"floor":40,"key":"REST"}],"neow_cost":"NONE","seed_source_timestamp":207270431359074,"circlet_count":0,"master_deck":["Survivor","Neutralize+1","Heel Hook","Choke+1","Outmaneuver","Bullet Time","Terror","Bouncing Flask+1","Crippling Poison+1","Bouncing Flask+1","Die Die Die","Slice","Sucker Punch","Outmaneuver","Slice","Deadly Poison","Flying Knee","Deadly Poison","Prepared","Heel Hook","Ghostly","Ghostly","Ghostly","Ghostly","Ghostly","Escape Plan+1","Dagger Throw+1","Poisoned Stab","Well Laid Plans","PiercingWail+1","Envenom","Blur","Bullet Time","Infinite Blades+1","Calculated Gamble","Backflip","Cloak And Dagger+1","Dodge and Roll+1"],"relics":["Ring of the Snake","Boot","Question Card","Kunai","Pandora\u0027s Box","SsserpentHead","Orichalcum","TwistedFunnel","Unceasing Top","Busted Crown"],"potions_floor_usage":[10,31,31,33,33,39],"damage_taken":[{"damage":1,"enemies":"Small Slimes","floor":1,"turns":4},{"damage":8,"enemies":"Jaw Worm","floor":5,"turns":4},{"damage":14,"enemies":"Lagavulin","floor":7,"turns":9},{"damage":13,"enemies":"3 Sentries","floor":10,"turns":9},{"damage":0,"enemies":"2 Louse","floor":11,"turns":2},{"damage":0,"enemies":"Looter","floor":12,"turns":2},{"damage":8,"enemies":"3 Louse","floor":14,"turns":3},{"damage":21,"enemies":"Hexaghost","floor":16,"turns":9},{"damage":12,"enemies":"3 Byrds","floor":18,"turns":3},{"damage":4,"enemies":"2 Thieves","floor":24,"turns":4},{"damage":0,"enemies":"3 Cultists","floor":27,"turns":6},{"damage":2,"enemies":"Centurion and Healer","floor":29,"turns":4},{"damage":0,"enemies":"Sentry and Sphere","floor":30,"turns":4},{"damage":0,"enemies":"Gremlin Leader","floor":31,"turns":4},{"damage":26,"enemies":"Automaton","floor":33,"turns":9},{"damage":0,"enemies":"Flame Bruiser 1 Orb","floor":35,"turns":5},{"damage":3,"enemies":"3 Darklings","floor":37,"turns":5},{"damage":13,"enemies":"Flame Bruiser 2 Orb","floor":38,"turns":5},{"damage":11,"enemies":"Transient","floor":39,"turns":5},{"damage":40,"enemies":"Nemesis","floor":41,"turns":2}],"seed_played":"-2410265282548782040","potions_obtained":[{"floor":1,"key":"Dexterity Potion"},{"floor":7,"key":"GhostInAJar"},{"floor":12,"key":"Energy Potion"},{"floor":24,"key":"SteroidPotion"},{"floor":31,"key":"FearPotion"},{"floor":35,"key":"LiquidBronze"},{"floor":39,"key":"Poison Potion"}],"is_trial":false,"path_per_floor":["M","?","?","$","M","R","E","R","T","E","M","M","R","M","R","B",null,"M","$","?","?","?","R","M","R","T","M","$","M","M","E","R","B",null,"M","$","M","M","M","R"],"character_chosen":"THE_SILENT","items_purchased":["Heel Hook","TwistedFunnel","Poisoned Stab","Well Laid Plans","Calculated Gamble","Backflip"],"campfire_rested":4,"item_purchase_floors":[19,28,28,28,36,36],"current_hp_per_floor":[62,55,55,55,47,68,54,54,54,41,41,41,62,54,54,33,61,49,49,49,35,35,35,31,31,31,31,31,29,29,29,35,9,29,29,29,26,13,2,12,0],"gold":159,"neow_bonus":"UPGRADE_CARD","is_prod":false,"is_daily":false,"chose_seed":false,"campfire_upgraded":4,"win_rate":0,"timestamp":1535157934,"path_taken":["M","?","?","$","M","R","E","R","T","E","M","M","R","M","R","BOSS","M","$","?","?","?","R","M","R","T","M","$","M","?","E","R","BOSS","M","$","M","M","M","R","E"],"build_version":"2018-08-16","purchased_purges":1,"victory":false,"max_hp_per_floor":[70,70,70,70,70,70,70,70,70,70,70,70,70,70,70,70,70,70,70,70,35,35,35,35,35,35,35,35,35,35,35,35,35,35,35,35,35,35,35,35,35],"card_choices":[{"not_picked":["Flying Knee","Dash"],"picked":"Heel Hook","floor":1},{"not_picked":["Flechettes","Flying Knee"],"picked":"Outmaneuver","floor":5},{"not_picked":["Deadly Poison","PiercingWail"],"picked":"Bullet Time","floor":7},{"not_picked":["Backstab","Bouncing Flask","Backflip"],"picked":"Terror","floor":10},{"not_picked":["Expertise","Heel Hook","Backstab"],"picked":"Bouncing Flask","floor":11},{"not_picked":["Underhanded Strike","Tactician","Cloak And Dagger"],"picked":"Crippling Poison","floor":12},{"not_picked":["Skewer","Backstab","Tactician"],"picked":"Bouncing Flask","floor":14},{"not_picked":["After Image","Wraith Form v2","Tools of the Trade"],"picked":"Die Die Die","floor":16},{"not_picked":["Reflex+1","Endless Agony+1","Deadly Poison"],"picked":"Prepared","floor":18},{"not_picked":["Masterful Stab","Poisoned Stab","Heel Hook"],"picked":"Escape Plan+1","floor":24},{"not_picked":["Slice+1","Prepared","Quick Slash"],"picked":"Dagger Throw+1","floor":27},{"not_picked":["Sucker Punch","Prepared+1","Tactician"],"picked":"PiercingWail+1","floor":29},{"not_picked":["Blur","Blade Dance","Dodge and Roll+1"],"picked":"Envenom","floor":30},{"not_picked":["Bouncing Flask","Underhanded Strike","All Out Attack+1"],"picked":"Blur","floor":31},{"not_picked":["Night Terror","Tools of the Trade","Adrenaline"],"picked":"Bullet Time","floor":33},{"not_picked":["Outmaneuver+1"],"picked":"Infinite Blades+1","floor":35},{"not_picked":["Masterful Stab+1"],"picked":"Cloak And Dagger+1","floor":37},{"not_picked":["Endless Agony+1","Concentrate"],"picked":"SKIP","floor":38},{"not_picked":["Acrobatics"],"picked":"Dodge and Roll+1","floor":39}],"player_experience":1565234,"relics_obtained":[{"floor":7,"key":"Boot"},{"floor":9,"key":"Question Card"},{"floor":10,"key":"Kunai"},{"floor":26,"key":"Orichalcum"},{"floor":31,"key":"Unceasing Top"}],"event_choices":[{"event_name":"Golden Wing","player_choice":"Card Removal","floor":2,"damage_taken":0},{"event_name":"Living Wall","player_choice":"Change","floor":3,"damage_taken":0},{"event_name":"Drug Dealer","player_choice":"Ignored","floor":20,"damage_taken":0},{"event_name":"Ghosts","player_choice":"Became a Ghost","floor":21,"damage_taken":0},{"event_name":"FaceTrader","player_choice":"Trade","floor":22,"damage_taken":0}],"is_beta":false,"boss_relics":[{"not_picked":["Philosopher\u0027s Stone","White Beast Statue"],"picked":"Pandora\u0027s Box"},{"not_picked":["Velvet Choker","Cursed Key"],"picked":"Busted Crown"}],"items_purged_floors":[4],"is_endless":false,"potions_floor_spawned":[1,7,12,24,30,31,35,39],"killed_by":"Nemesis","ascension_level":6}