{"gold_per_floor":[114,124,124,124,136,171,182,46,46,46,22,49,66,1,1,76,76,92,104,50,50,68,96,96,114,114,114],"floor_reached":27,"playtime":2927,"items_purged":[],"score":413,"play_id":"27078269-4764-4177-86c1-05a7127ceb10","local_time":"20190218135158","is_ascension_mode":true,"campfire_choices":[{"floor":10.0,"key":"REST"},{"floor":15.0,"key":"REST"},{"floor":24.0,"key":"REST"}],"neow_cost":"TEN_PERCENT_HP_LOSS","seed_source_timestamp":789502024681458,"circlet_count":0,"master_deck":["AscendersBane","Strike_B","Strike_B","Strike_B","Defend_B","Defend_B","Defend_B+1","Zap","Dualcast","Multi-Cast","Skim+1","Auto Shields","Go for the Eyes","Ball Lightning","All For One","Finesse","Turbo","Rebound","Glacier","Blizzard","Seek","Echo Form","Cold Snap","Leap+1","Chill","Panacea","Seek","Decay"],"special_seed":0,"relics":["Cracked Core","Shuriken","Bottled Lightning","The Courier","Cursed Key","Bronze Scales","Meat on the Bone"],"potions_floor_usage":[27],"damage_taken":[{"damage":0.0,"enemies":"Jaw Worm","floor":1.0,"turns":3.0},{"damage":4.0,"enemies":"Small Slimes","floor":2.0,"turns":3.0},{"damage":1.0,"enemies":"2 Louse","floor":5.0,"turns":2.0},{"damage":25.0,"enemies":"Lagavulin","floor":6.0,"turns":9.0},{"damage":11.0,"enemies":"Red Slaver","floor":7.0,"turns":4.0},{"damage":15.0,"enemies":"3 Sentries","floor":12.0,"turns":7.0},{"damage":0.0,"enemies":"Blue Slaver","floor":13.0,"turns":4.0},{"damage":23.0,"enemies":"The Guardian","floor":16.0,"turns":13.0},{"damage":0.0,"enemies":"Spheric Guardian","floor":18.0,"turns":4.0},{"damage":0.0,"enemies":"3 Byrds","floor":19.0,"turns":4.0},{"damage":42.0,"enemies":"Centurion and Healer","floor":22.0,"turns":8.0},{"damage":3.0,"enemies":"Book of Stabbing","floor":23.0,"turns":6.0},{"damage":1.0,"enemies":"Chosen and Byrds","floor":25.0,"turns":5.0},{"damage":22,"enemies":"Gremlin Leader","floor":27,"turns":2}],"seed_played":"2145112311168481983","potions_obtained":[{"floor":1.0,"key":"FearPotion"},{"floor":2.0,"key":"Swift Potion"},{"floor":12.0,"key":"EssenceOfSteel"},{"floor":13.0,"key":"LiquidBronze"},{"floor":16.0,"key":"Weak Potion"},{"floor":22.0,"key":"LiquidBronze"},{"floor":23.0,"key":"Ancient Potion"},{"floor":25.0,"key":"FocusPotion"}],"is_trial":false,"path_per_floor":["M","M","?","?","M","E","M","$","T","R","$","E","M","$","R","B",null,"M","M","$","?","M","E","R","M","T","E"],"character_chosen":"DEFECT","items_purchased":["Finesse","Turbo","Rebound","Seek","Chill"],"campfire_rested":3,"item_purchase_floors":[8,8,11,14,20],"current_hp_per_floor":[64,60,53,40,39,14,3,3,3,22,22,7,7,7,26,3,49,49,49,49,49,7,4,23,22,22,0],"gold":114,"neow_bonus":"TRANSFORM_TWO_CARDS","is_prod":false,"is_daily":false,"chose_seed":false,"campfire_upgraded":0,"win_rate":0,"timestamp":1550515918,"path_taken":["M","M","?","?","M","E","M","?","T","R","$","E","M","$","R","BOSS","M","M","$","?","M","E","R","M","T","E"],"build_version":"2019-01-23","purchased_purges":0,"victory":false,"max_hp_per_floor":[64,64,64,64,64,64,64,64,64,64,64,64,64,64,64,64,64,64,64,64,64,64,64,64,64,64,64],"card_choices":[{"not_picked":["Doom and Gloom","Self Repair"],"picked":"Auto Shields","floor":1.0},{"not_picked":["Compile Driver","Stack"],"picked":"Go for the Eyes","floor":2.0},{"not_picked":["Steam","Stack"],"picked":"Ball Lightning","floor":5.0},{"not_picked":["Redo","Leap","Capacitor"],"picked":"SKIP","floor":6.0},{"not_picked":["Gash","Streamline"],"picked":"All For One","floor":7.0},{"not_picked":["Stack","Tempest"],"picked":"Glacier","floor":12.0},{"not_picked":["Chaos","Aggregate"],"picked":"Blizzard","floor":13.0},{"not_picked":["Machine Learning","Seek"],"picked":"Echo Form","floor":16.0},{"not_picked":["Auto Shields","Stack"],"picked":"Cold Snap","floor":18.0},{"not_picked":["Doom and Gloom","Reprogram"],"picked":"Leap+1","floor":19.0},{"not_picked":["Auto Shields","Conserve Battery","Hello World"],"picked":"SKIP","floor":22.0},{"not_picked":["Skim","Turbo"],"picked":"Seek","floor":23.0},{"not_picked":["Gash","Conserve Battery","Redo"],"picked":"SKIP","floor":25.0}],"player_experience":2287666,"relics_obtained":[{"floor":6.0,"key":"Shuriken"},{"floor":9.0,"key":"Bottled Lightning"},{"floor":12.0,"key":"The Courier"},{"floor":23.0,"key":"Bronze Scales"},{"floor":26.0,"key":"Meat on the Bone"}],"event_choices":[{"damage_healed":0.0,"max_hp_gain":0.0,"max_hp_loss":0.0,"gold_gain":0.0,"event_name":"Scrap Ooze","player_choice":"Fled","floor":3.0,"gold_loss":0.0,"damage_taken":7.0},{"damage_healed":0.0,"max_hp_gain":0.0,"max_hp_loss":0.0,"gold_gain":0.0,"event_name":"Shining Light","player_choice":"Entered Light","floor":4.0,"gold_loss":0.0,"damage_taken":13.0,"cards_upgraded":["Skim","Defend_B"]},{"damage_healed":0.0,"max_hp_gain":0.0,"max_hp_loss":0.0,"gold_gain":0.0,"event_name":"Match and Keep!","player_choice":"1 cards matched","floor":21.0,"gold_loss":0.0,"damage_taken":0.0,"cards_obtained":["Panacea"]}],"is_beta":false,"boss_relics":[{"not_picked":["Orrery","Astrolabe"],"picked":"Cursed Key"}],"items_purged_floors":[],"is_endless":false,"potions_floor_spawned":[1,2,12,13,16,22,23,25],"killed_by":"Gremlin Leader","ascension_level":14}