{"path_per_floor":["M","?","M","?","?","E","R","M","T","M","?","E","M","M","R","B",null,"M","?","M","?","$","R","?","E","T","M","M"],"character_chosen":"IRONCLAD","items_purchased":["Flame Barrier","Inflame","Heavy Blade","Enlightenment"],"gold_per_floor":[20,20,40,40,40,65,65,78,78,91,91,123,135,151,151,250,250,265,355,374,374,25,25,25,50,118,133,146],"floor_reached":29,"campfire_rested":0,"playtime":2840,"current_hp_per_floor":[80,80,75,68,68,41,41,47,47,34,60,28,43,58,58,43,80,73,49,56,56,56,56,56,48,55,61,36],"items_purged":[],"gold":146,"score":280,"play_id":"066ebf7b-08dc-42b3-912e-c771794de913","is_prod":false,"is_daily":false,"is_ascension_mode":false,"campfire_upgraded":3,"path_taken":["M","?","M","?","?","E","R","M","T","M","?","E","?","M","R","BOSS","M","?","M","?","$","R","?","E","T","M","M","E"],"build_version":"2018-02-15-PROD1","purchased_purges":0,"victory":false,"master_deck":["Strike_R","Defend_R","Defend_R","Defend_R","Bash","Flex+1","Sever Soul","Second Wind","Hemokinesis","Spot Weakness","Heavy Blade+1","Cleave","Headbutt","Dark Embrace","Seeing Red","Dramatic Entrance","Inflame","Flame Barrier","Inflame","Heavy Blade+1","Enlightenment","Heavy Blade","Warcry+1","Clash","Inflame"],"max_hp_per_floor":[80,80,80,80,80,80,80,80,80,80,80,80,80,80,80,80,80,80,80,80,80,80,80,80,80,87,87,87],"relics":["Burning Blood","Pen Nib","Dream Catcher","Meat on the Bone","Sozu","Matryoshka","Strawberry","Toxic Egg 2"],"card_choices":[{"not_picked":["Sentinel","Battle Trance"],"picked":"Flex"},{"not_picked":["Havoc","Disarm"],"picked":"Sever Soul"},{"not_picked":["Body Slam","Spot Weakness"],"picked":"Second Wind"},{"not_picked":["Havoc","Second Wind"],"picked":"Hemokinesis"},{"not_picked":["Clash","Thunderclap"],"picked":"Spot Weakness"},{"not_picked":["Exhume","Twin Strike"],"picked":"Heavy Blade"},{"not_picked":["Corruption","Clash"],"picked":"Cleave"},{"not_picked":["Reckless Charge","Sword Boomerang"],"picked":"Headbutt"},{"not_picked":["Double Tap","Bludgeon"],"picked":"Dark Embrace"},{"not_picked":["Feel No Pain","Sword Boomerang"],"picked":"Seeing Red"},{"not_picked":["Blood for Blood","Armaments"],"picked":"Inflame"},{"not_picked":["Perfected Strike","Havoc"],"picked":"Warcry"},{"not_picked":["Wild Strike","Second Wind"],"picked":"Clash"},{"not_picked":["Headbutt","Hemokinesis"],"picked":"Inflame"}],"player_experience":126386,"potions_floor_usage":[16,16],"damage_taken":[{"damage":4,"enemies":"Cultist","floor":1,"turns":4},{"damage":11,"enemies":"Jaw Worm","floor":3,"turns":3},{"damage":33,"enemies":"3 Sentries","floor":6,"turns":10},{"damage":0,"enemies":"2 Louse","floor":8,"turns":2},{"damage":19,"enemies":"Exordium Thugs","floor":10,"turns":4},{"damage":38,"enemies":"Gremlin Nob","floor":12,"turns":4},{"damage":3,"enemies":"Large Slime","floor":13,"turns":4},{"damage":3,"enemies":"Looter","floor":14,"turns":2},{"damage":45,"enemies":"The Guardian","floor":16,"turns":7},{"damage":13,"enemies":"Spheric Guardian","floor":18,"turns":3},{"damage":11,"enemies":"Chosen","floor":20,"turns":4},{"damage":26,"enemies":"Slavers","floor":25,"turns":4},{"damage":12,"enemies":"Centurion and Healer","floor":27,"turns":4},{"damage":43,"enemies":"Cultist and Chosen","floor":28,"turns":5},{"damage":39,"enemies":"Gremlin Leader","floor":29,"turns":4}],"event_choices":[{"event_name":"Purifier","player_choice":"One Purge","floor":2,"damage_taken":0},{"event_name":"Golden Wing","player_choice":"Card Removal","floor":4,"damage_taken":0},{"event_name":"Liars Game","player_choice":"disagreed","floor":5,"damage_taken":0},{"event_name":"Big Fish","player_choice":"Banana","floor":11,"damage_taken":0},{"event_name":"Knowing Skull","player_choice":"GOLD CARD ","floor":19,"damage_taken":0},{"event_name":"Back to Basics","player_choice":"Elegance","floor":21,"damage_taken":0},{"event_name":"The Library","player_choice":"Read","floor":24,"damage_taken":0}],"boss_relics":[{"not_picked":["Eternal Feather","Calling Bell"],"picked":"Sozu"}],"potions_floor_spawned":[1,8,13,16,18,27,28],"seed_played":"4435547706239188608","killed_by":"Gremlin Leader","ascension_level":0,"is_trial":false}