{"gold_per_floor":[110,5,180,199,49,49,49,49,72,72,110,110,110,143,143,268,268,287,307,307],"floor_reached":20,"playtime":1136,"items_purged":[],"score":203,"play_id":"898b69af-8afb-4911-87e3-246b285a6c6a","local_time":"20191011121306","is_ascension_mode":false,"campfire_choices":[{"floor":6,"key":"RECALL"},{"floor":10,"key":"REST"},{"data":"BowlingBash","floor":13,"key":"SMITH"},{"floor":15,"key":"REST"}],"neow_cost":"NONE","seed_source_timestamp":121603290638405,"circlet_count":0,"master_deck":["Strike_P","Strike_P","Strike_P","Strike_P","Defend_P","Defend_P","Defend_P+1","Defend_P","Eruption","Vigilance","Perseverance","BowlingBash+1","EmptyBody","Doubt","ThirdEye","Weave+1","CutThroughFate","Injury","Consecrate","Perseverance","LikeWater","Devotion","SignatureMove","LikeWater"],"relics":["PureWater","NeowsBlessing","Golden Idol","Pantograph","Potion Belt","SacredBark"],"potions_floor_usage":[16,16,16],"damage_taken":[{"damage":0,"enemies":"Cultist","floor":1,"turns":1},{"damage":0,"enemies":"Small Slimes","floor":4,"turns":1},{"damage":0,"enemies":"3 Sentries","floor":11,"turns":1},{"damage":27,"enemies":"Lagavulin","floor":14,"turns":6},{"damage":8,"enemies":"The Guardian","floor":16,"turns":18},{"damage":29,"enemies":"Chosen","floor":18,"turns":10},{"damage":36,"enemies":"Spheric Guardian","floor":19,"turns":9},{"damage":19,"enemies":"3 Cultists","floor":20,"turns":5}],"seed_played":"-2366939542295590688","potions_obtained":[{"floor":1,"key":"Dexterity Potion"},{"floor":11,"key":"Dexterity Potion"},{"floor":14,"key":"Fire Potion"},{"floor":18,"key":"SpeedPotion"}],"is_trial":false,"path_per_floor":["M","$","?","M","$","R","?","?","T","R","E","?","R","E","R","B",null,"M","M","M"],"character_chosen":"WATCHER","items_purchased":["BowlingBash","EmptyBody","Weave","CutThroughFate","Crescendo"],"campfire_rested":2,"item_purchase_floors":[2,2,5,5,5],"current_hp_per_floor":[72,72,72,72,72,72,72,58,58,72,72,72,72,45,66,64,72,43,7,0],"gold":307,"neow_bonus":"THREE_ENEMY_KILL","is_prod":false,"is_daily":false,"chose_seed":false,"campfire_upgraded":1,"win_rate":0.0,"timestamp":1570806786,"path_taken":["M","$","?","M","$","R","?","?","T","R","E","?","R","E","R","BOSS","M","M","M"],"build_version":"2019-10-10","purchased_purges":0,"victory":false,"max_hp_per_floor":[72,72,72,72,72,72,72,72,72,72,72,72,72,72,72,72,72,72,72,72],"card_choices":[{"not_picked":["WaveOfTheHand","CrushJoints"],"picked":"Perseverance","floor":1},{"not_picked":["Tantrum","SashWhip"],"picked":"ThirdEye","floor":4},{"not_picked":["Swivel","Pray"],"picked":"Consecrate","floor":11},{"not_picked":["FollowUp","Study"],"picked":"LikeWater","floor":14},{"not_picked":["ConjureBlade","Vault"],"picked":"Devotion","floor":16},{"not_picked":["ForeignInfluence","FlyingSleeves"],"picked":"SignatureMove","floor":18},{"not_picked":["Consecrate","Wireheading"],"picked":"LikeWater","floor":19}],"player_experience":450924,"relics_obtained":[{"floor":11,"key":"Pantograph"},{"floor":14,"key":"Potion Belt"}],"event_choices":[{"damage_healed":0,"gold_gain":175,"player_choice":"AGREE","damage_taken":0,"max_hp_gain":0,"max_hp_loss":0,"event_name":"Liars Game","floor":3,"gold_loss":0,"cards_obtained":["Doubt"]},{"damage_healed":0,"gold_gain":0,"player_choice":"Take Wound","damage_taken":0,"relics_obtained":["Golden Idol"],"max_hp_gain":0,"max_hp_loss":0,"event_name":"Golden Idol","floor":7,"gold_loss":0,"cards_obtained":["Injury"]},{"damage_healed":0,"gold_gain":0,"player_choice":"Entered Light","damage_taken":14,"max_hp_gain":0,"max_hp_loss":0,"event_name":"Shining Light","floor":8,"gold_loss":0,"cards_upgraded":["Weave","Defend_P"]},{"damage_healed":0,"gold_gain":0,"cards_transformed":["Crescendo"],"player_choice":"Transformed","damage_taken":0,"max_hp_gain":0,"max_hp_loss":0,"event_name":"Transmorgrifier","floor":12,"gold_loss":0,"cards_obtained":["Perseverance"]}],"is_beta":true,"boss_relics":[{"not_picked":["SlaversCollar","Sozu"],"picked":"SacredBark"}],"items_purged_floors":[],"is_endless":false,"potions_floor_spawned":[1,11,14,18],"killed_by":"3 Cultists","ascension_level":0}