{"gold_per_floor":[117,131,148,167,185,185,199,199,226,253,253,253,277,277,277,408,408,408,408,408,408,408,408,408,408,408,408,408,408,408,184,184,184,184,184,184,184,184,23,23,23,23,23,23,23,23,23,23,23,23],"floor_reached":50,"playtime":5865,"items_purged":["Strike_R"],"score":496,"play_id":"e2a2e271-42c4-46e2-b346-d31a22d81014","local_time":"20181228235111","is_ascension_mode":false,"campfire_choices":[{"data":"Armaments","floor":6.0,"key":"SMITH"},{"data":"Thunderclap","floor":8.0,"key":"SMITH"},{"floor":15.0,"key":"REST"},{"floor":23.0,"key":"RECALL"},{"floor":28.0,"key":"REST"},{"data":"Entrench","floor":32.0,"key":"SMITH"},{"data":"Juggernaut","floor":40.0,"key":"SMITH"},{"floor":46.0,"key":"REST"},{"floor":49.0,"key":"REST"}],"neow_cost":"NONE","seed_source_timestamp":1245793384417683,"circlet_count":0,"master_deck":["Strike_R","Strike_R+1","Defend_R","Defend_R","Defend_R","Defend_R","Bash","Impervious+1","Seeing Red","Armaments+1","Thunderclap+1","Disarm+1","Flame Barrier","Disarm","Juggernaut+1","Entrench+1","Inflame","Reaper","Headbutt+1","True Grit+1","RitualDagger","Havoc+1","Sword Boomerang+1","Pummel+1","Exhume+1","Flex+1","Clash+1","Impervious","Intimidate+1","Metallicize","Finesse","Thunderclap+1","Demon Form","Pommel Strike+1"],"special_seed":0,"relics":["Burning Blood","Lantern","Shuriken","Golden Idol","Ectoplasm","Anchor","Regal Pillow","Tiny House","War Paint","PreservedInsect","Orichalcum"],"potions_floor_usage":[],"damage_taken":[{"damage":0.0,"enemies":"Small Slimes","floor":1.0,"turns":4.0},{"damage":7.0,"enemies":"2 Louse","floor":2.0,"turns":2.0},{"damage":1.0,"enemies":"Cultist","floor":3.0,"turns":3.0},{"damage":0.0,"enemies":"2 Fungi Beasts","floor":4.0,"turns":5.0},{"damage":9.0,"enemies":"Blue Slaver","floor":5.0,"turns":6.0},{"damage":1.0,"enemies":"Lots of Slimes","floor":7.0,"turns":5.0},{"damage":19.0,"enemies":"Lagavulin","floor":10.0,"turns":11.0},{"damage":0.0,"enemies":"3 Louse","floor":13.0,"turns":3.0},{"damage":22.0,"enemies":"Slime Boss","floor":16.0,"turns":12.0},{"damage":34.0,"enemies":"Spheric Guardian","floor":18.0,"turns":6.0},{"damage":3.0,"enemies":"3 Byrds","floor":20.0,"turns":7.0},{"damage":4.0,"enemies":"Centurion and Healer","floor":21.0,"turns":6.0},{"damage":14.0,"enemies":"Snake Plant","floor":22.0,"turns":5.0},{"damage":23.0,"enemies":"Snecko","floor":25.0,"turns":6.0},{"damage":40.0,"enemies":"Cultist and Chosen","floor":27.0,"turns":10.0},{"damage":61.0,"enemies":"Slavers","floor":29.0,"turns":5.0},{"damage":65.0,"enemies":"Collector","floor":33.0,"turns":14.0},{"damage":15.0,"enemies":"3 Shapes","floor":35.0,"turns":8.0},{"damage":11.0,"enemies":"3 Darklings","floor":36.0,"turns":5.0},{"damage":36.0,"enemies":"Spire Growth","floor":38.0,"turns":6.0},{"damage":0.0,"enemies":"Jaw Worm Horde","floor":41.0,"turns":6.0},{"damage":43.0,"enemies":"Reptomancer","floor":44.0,"turns":7.0},{"damage":77.0,"enemies":"Transient","floor":48.0,"turns":5.0},{"damage":91,"enemies":"Donu and Deca","floor":50,"turns":7}],"seed_played":"3207145371289548406","potions_obtained":[{"floor":5.0,"key":"Weak Potion"},{"floor":7.0,"key":"GamblersBrew"},{"floor":13.0,"key":"Fire Potion"},{"floor":16.0,"key":"PowerPotion"},{"floor":20.0,"key":"Regen Potion"},{"floor":21.0,"key":"Poison Potion"},{"floor":22.0,"key":"PowerPotion"},{"floor":27.0,"key":"Regen Potion"},{"floor":33.0,"key":"Regen Potion"},{"floor":34.0,"key":"Swift Potion"},{"floor":36.0,"key":"Regen Potion"},{"floor":44.0,"key":"AttackPotion"}],"is_trial":false,"path_per_floor":["M","M","M","M","M","R","M","R","T","E","?","?","M","?","R","B",null,"M","?","M","M","M","R","?","M","T","M","R","E","?","$","R","B",null,"M","M","M","?","M","$","R","M","T","T","E","?","R","$","M","R","B"],"character_chosen":"IRONCLAD","items_purchased":["Regal Pillow","Metallicize","Finesse"],"campfire_rested":4,"item_purchase_floors":[31,39,39],"current_hp_per_floor":[80,79,80,80,77,77,80,80,80,67,67,47,53,37,61,45,80,58,58,70,72,67,67,61,53,53,44,68,62,62,62,62,15,85,79,75,75,55,55,55,61,61,61,42,42,82,82,21,61,0],"gold":23,"neow_bonus":"ONE_RANDOM_RARE_CARD","is_prod":false,"is_daily":false,"chose_seed":false,"campfire_upgraded":4,"win_rate":0,"timestamp":1546059071,"path_taken":["M","M","M","M","M","R","M","R","T","E","?","?","M","?","R","BOSS","M","?","?","M","M","R","?","M","T","M","R","E","?","$","R","BOSS","M","?","?","M","$","R","M","?","T","E","?","R","$","?","R","BOSS"],"build_version":"2018-12-20","purchased_purges":1,"victory":false,"max_hp_per_floor":[80,80,80,80,80,80,80,80,80,80,80,80,80,80,80,80,80,80,80,80,80,80,80,80,80,80,80,80,80,80,80,80,80,85,85,85,85,85,85,85,85,85,85,85,85,85,85,85,85,85],"card_choices":[{"not_picked":["Shrug It Off","Armaments"],"picked":"Seeing Red","floor":1.0},{"not_picked":["Heavy Blade","Clothesline"],"picked":"Armaments","floor":2.0},{"not_picked":["Cleave","Sentinel"],"picked":"Thunderclap","floor":3.0},{"not_picked":["Heavy Blade","Shrug It Off"],"picked":"Disarm","floor":4.0},{"not_picked":["Clothesline","True Grit"],"picked":"Flame Barrier","floor":5.0},{"not_picked":["Sword Boomerang","Thunderclap"],"picked":"Disarm","floor":7.0},{"not_picked":["Perfected Strike","Havoc"],"picked":"Juggernaut","floor":10.0},{"not_picked":["Heavy Blade","Twin Strike"],"picked":"Inflame","floor":13.0},{"not_picked":["Exhume","Berserk"],"picked":"Reaper","floor":16.0},{"not_picked":["Sever Soul","Flex"],"picked":"Headbutt+1","floor":18.0},{"not_picked":["Armaments","Wild Strike"],"picked":"True Grit+1","floor":20.0},{"not_picked":["Body Slam","Armaments"],"picked":"Warcry","floor":21.0},{"not_picked":["Body Slam","True Grit","Iron Wave"],"picked":"SKIP","floor":22.0},{"not_picked":["Ghostly Armor","Feel No Pain"],"picked":"Havoc+1","floor":25.0},{"not_picked":["True Grit","Perfected Strike"],"picked":"Sword Boomerang","floor":27.0},{"not_picked":["Carnage+1","Intimidate"],"picked":"Pummel+1","floor":29.0},{"not_picked":["Impervious","Double Tap"],"picked":"Exhume","floor":33.0},{"not_picked":["Anger","Wild Strike"],"picked":"Flex+1","floor":34.0},{"not_picked":["Twin Strike","Thunderclap"],"picked":"Clash+1","floor":35.0},{"not_picked":["Corruption+1","Second Wind+1"],"picked":"Impervious","floor":36.0},{"not_picked":["True Grit","Havoc"],"picked":"Intimidate+1","floor":38.0},{"not_picked":["Anger","Armaments"],"picked":"Thunderclap+1","floor":41.0},{"not_picked":["Iron Wave+1","Dual Wield"],"picked":"Demon Form","floor":44.0},{"not_picked":["Havoc+1","True Grit"],"picked":"Pommel Strike+1","floor":48.0}],"player_experience":2130102,"relics_obtained":[{"floor":9.0,"key":"Lantern"},{"floor":10.0,"key":"Shuriken"},{"floor":29.0,"key":"Anchor"},{"floor":42.0,"key":"War Paint"},{"floor":43.0,"key":"PreservedInsect"},{"floor":44.0,"key":"Orichalcum"}],"event_choices":[{"damage_healed":0.0,"max_hp_gain":0.0,"max_hp_loss":0.0,"gold_gain":0.0,"cards_transformed":["Strike_R"],"event_name":"Living Wall","player_choice":"Change","floor":11.0,"gold_loss":0.0,"damage_taken":0.0,"cards_obtained":["Entrench"]},{"damage_healed":0.0,"max_hp_gain":0.0,"max_hp_loss":0.0,"gold_gain":0.0,"event_name":"Golden Idol","player_choice":"Take Damage","floor":12.0,"gold_loss":0.0,"damage_taken":20.0,"relics_obtained":["Golden Idol"]},{"damage_healed":0.0,"max_hp_gain":0.0,"max_hp_loss":0.0,"gold_gain":0.0,"event_name":"Shining Light","player_choice":"Entered Light","floor":14.0,"gold_loss":0.0,"damage_taken":16.0,"cards_upgraded":["Strike_R","Impervious"]},{"damage_healed":0.0,"max_hp_gain":0.0,"max_hp_loss":0.0,"gold_gain":0.0,"event_name":"Match and Keep!","player_choice":"0 cards matched","floor":19.0,"gold_loss":0.0,"damage_taken":0.0,"cards_obtained":[]},{"damage_healed":0.0,"max_hp_gain":0.0,"max_hp_loss":0.0,"gold_gain":0.0,"event_name":"Nest","player_choice":"Joined the Cult","floor":24.0,"gold_loss":0.0,"damage_taken":6.0,"cards_obtained":["RitualDagger"]},{"cards_removed":["Strike_R"],"damage_healed":0.0,"max_hp_gain":0.0,"max_hp_loss":0.0,"gold_gain":0.0,"event_name":"Purifier","player_choice":"Purged","floor":30.0,"gold_loss":0.0,"damage_taken":0.0},{"damage_healed":0.0,"max_hp_gain":0.0,"max_hp_loss":0.0,"gold_gain":0.0,"event_name":"The Moai Head","player_choice":"Ignored","floor":37.0,"gold_loss":0.0,"damage_taken":0.0},{"cards_removed":["Warcry"],"damage_healed":0.0,"max_hp_gain":0.0,"max_hp_loss":0.0,"gold_gain":0.0,"event_name":"Falling","player_choice":"Removed Skill","floor":45.0,"gold_loss":0.0,"damage_taken":0.0}],"is_beta":false,"boss_relics":[{"not_picked":["Lizard Tail","White Beast Statue"],"picked":"Ectoplasm"},{"not_picked":["Black Star","Snecko Eye"],"picked":"Tiny House"}],"items_purged_floors":[31],"is_endless":false,"potions_floor_spawned":[5,7,13,16,20,21,22,27,33,36,44],"killed_by":"Donu and Deca","ascension_level":0}