{"gold_per_floor":[119,44,44,56,70,70,31,66,66,100,100,19,33,46,46,124,124,140,140,158,158,158],"floor_reached":22,"playtime":1510,"items_purged":[],"score":388,"play_id":"f28f535c-6804-4ffd-9934-4f0457b80229","local_time":"20191001170922","is_ascension_mode":true,"campfire_choices":[{"data":"Neutralize","floor":6.0,"key":"SMITH"},{"floor":15.0,"key":"REST"}],"neow_cost":"NONE","seed_source_timestamp":1578871815195858,"circlet_count":0,"master_deck":["AscendersBane","Defend_G+1","Defend_G+1","Defend_G+1","Defend_G+1","Defend_G+1","Strike_G+1","Strike_G+1","Strike_G+1","Strike_G+1","Survivor","Neutralize+1","Predator","Backflip","Dagger Throw+1","Noxious Fumes","Dodge and Roll","Bouncing Flask+1","Crippling Poison","Quick Slash","Leg Sweep","Riddle With Holes","Deadly Poison","Malaise","Prepared+1","Deflect"],"special_seed":0,"relics":["Ring of the Snake","NeowsBlessing","Pear","Whetstone","The Courier","Dream Catcher","Runic Dome"],"potions_floor_usage":[],"damage_taken":[{"damage":0.0,"enemies":"Jaw Worm","floor":1.0,"turns":1.0},{"damage":0.0,"enemies":"2 Louse","floor":4.0,"turns":1.0},{"damage":0.0,"enemies":"Cultist","floor":5.0,"turns":1.0},{"damage":24.0,"enemies":"Gremlin Nob","floor":8.0,"turns":4.0},{"damage":26.0,"enemies":"Lagavulin","floor":10.0,"turns":8.0},{"damage":0.0,"enemies":"3 Louse","floor":13.0,"turns":3.0},{"damage":8.0,"enemies":"Exordium Thugs","floor":14.0,"turns":4.0},{"damage":10,"enemies":"The Guardian","floor":16,"turns":11},{"damage":32,"enemies":"3 Byrds","floor":18,"turns":7},{"damage":15,"enemies":"Chosen","floor":20,"turns":6},{"damage":19,"enemies":"3 Cultists","floor":22,"turns":4}],"seed_played":"-4235004738965807542","potions_obtained":[{"floor":1.0,"key":"LiquidBronze"},{"floor":4.0,"key":"AttackPotion"},{"floor":8.0,"key":"Swift Potion"},{"floor":18,"key":"Swift Potion"}],"is_trial":false,"path_per_floor":["M","?","?","M","M","R","$","E","T","E","?","$","M","M","R","B",null,"M","?","M","?","M"],"character_chosen":"THE_SILENT","items_purchased":["Noxious Fumes","Crippling Poison","Quick Slash"],"campfire_rested":1,"item_purchase_floors":[7,12,12],"current_hp_per_floor":[59,59,69,69,69,69,69,45,45,19,19,19,19,11,33,23,63,31,31,16,16,0],"gold":158,"neow_bonus":"THREE_ENEMY_KILL","is_prod":false,"is_daily":false,"chose_seed":false,"campfire_upgraded":1,"win_rate":0,"timestamp":1569964162,"path_taken":["M","?","?","M","?","R","$","E","T","E","?","?","?","M","R","BOSS","M","?","M","?","M"],"build_version":"2019-01-23","purchased_purges":0,"victory":false,"max_hp_per_floor":[66,66,76,76,76,76,76,76,76,76,76,76,76,76,76,76,76,76,76,76,76,76],"card_choices":[{"not_picked":["Escape Plan","Acrobatics"],"picked":"Predator","floor":1.0},{"not_picked":["Flying Knee","Setup"],"picked":"Backflip","floor":4.0},{"not_picked":["Backstab","PiercingWail"],"picked":"Dagger Throw","floor":5.0},{"not_picked":["All Out Attack","Caltrops"],"picked":"Dodge and Roll","floor":8.0},{"not_picked":["Dodge and Roll","Eviscerate"],"picked":"Bouncing Flask","floor":10.0},{"not_picked":["Predator","Cloak And Dagger"],"picked":"Leg Sweep","floor":13.0},{"not_picked":["Choke","Underhanded Strike"],"picked":"Riddle With Holes","floor":14.0},{"not_picked":["Dagger Spray","Outmaneuver"],"picked":"Deadly Poison","floor":15.0},{"not_picked":["Night Terror","Wraith Form v2"],"picked":"Malaise","floor":16},{"not_picked":["Reflex+1","Endless Agony+1"],"picked":"Prepared+1","floor":18},{"not_picked":["All Out Attack","Slice"],"picked":"Deflect","floor":20}],"player_experience":3003206,"relics_obtained":[{"floor":8.0,"key":"Whetstone"},{"floor":9.0,"key":"The Courier"},{"floor":10.0,"key":"Dream Catcher"}],"event_choices":[{"cards_removed":["Strike_G"],"damage_healed":0.0,"max_hp_gain":0.0,"max_hp_loss":0.0,"gold_gain":0.0,"event_name":"The Cleric","player_choice":"Card Removal","floor":2.0,"gold_loss":75.0,"damage_taken":0.0},{"damage_healed":0.0,"max_hp_gain":0.0,"max_hp_loss":0.0,"gold_gain":0.0,"event_name":"WeMeetAgain","player_choice":"Gave Potion","floor":3.0,"gold_loss":0.0,"damage_taken":0.0,"relics_obtained":["Pear"]},{"damage_healed":0.0,"max_hp_gain":0.0,"max_hp_loss":0.0,"gold_gain":0.0,"event_name":"Upgrade Shrine","player_choice":"Upgraded","floor":11.0,"gold_loss":0.0,"damage_taken":0.0,"cards_upgraded":["Bouncing Flask"]},{"damage_healed":0,"gold_gain":0,"player_choice":"Simplicity","damage_taken":0,"max_hp_gain":0,"max_hp_loss":0,"event_name":"Back to Basics","floor":19,"gold_loss":0,"cards_upgraded":["Defend_G","Defend_G","Defend_G","Defend_G","Defend_G","Strike_G","Strike_G","Strike_G"]},{"damage_healed":0,"gold_gain":0,"player_choice":"Ignored","damage_taken":0,"max_hp_gain":0,"max_hp_loss":0,"event_name":"Ghosts","floor":21,"gold_loss":0}],"is_beta":false,"boss_relics":[{"not_picked":["Black Star","Calling Bell"],"picked":"Runic Dome"}],"items_purged_floors":[],"is_endless":false,"potions_floor_spawned":[1,4,8,18],"killed_by":"3 Cultists","ascension_level":20}