{"gold_per_floor":[17,29,29,41,53,53,53,85,109,109,124,158,173,191,191,191],"floor_reached":16,"playtime":974,"items_purged":[],"score":328,"play_id":"0332c0ad-0d65-4706-9e9f-8012e8b1e8a2","local_time":"20190921205646","is_ascension_mode":true,"campfire_choices":[{"data":"TalkToTheHand","floor":6.0,"key":"SMITH"},{"data":"SashWhip","floor":10.0,"key":"SMITH"},{"data":"Eruption","floor":15,"key":"SMITH"}],"neow_cost":"NO_GOLD","seed_source_timestamp":0,"circlet_count":0,"master_deck":["AscendersBane","Strike_P","Strike_P","Defend_P","Defend_P","Defend_P","Eruption+1","Vigilance","CutThroughFate","SashWhip+1","Pray","FearNoEvil","TalkToTheHand+1","EmptyBody","Wallop","Meditate","Conclude"],"special_seed":0,"relics":["PureWater","Ancient Tea Set","PreservedInsect","Omamori"],"potions_floor_usage":[16],"damage_taken":[{"damage":0.0,"enemies":"Cultist","floor":1.0,"turns":3.0},{"damage":12.0,"enemies":"Small Slimes","floor":2.0,"turns":3.0},{"damage":0.0,"enemies":"2 Louse","floor":4.0,"turns":3.0},{"damage":11.0,"enemies":"Exordium Wildlife","floor":5.0,"turns":5.0},{"damage":0.0,"enemies":"Gremlin Nob","floor":8.0,"turns":3.0},{"damage":2.0,"enemies":"Exordium Thugs","floor":11.0,"turns":3.0},{"damage":0.0,"enemies":"Lagavulin","floor":12.0,"turns":6.0},{"damage":0.0,"enemies":"Gremlin Gang","floor":13.0,"turns":3.0},{"damage":7,"enemies":"Red Slaver","floor":14,"turns":2},{"damage":24,"enemies":"Slime Boss","floor":16,"turns":5}],"seed_played":"7002777573028748810","potions_obtained":[{"floor":2.0,"key":"BottledMiracle"},{"floor":4.0,"key":"Explosive Potion"},{"floor":8.0,"key":"Weak Potion"},{"floor":13.0,"key":"Strength Potion"}],"is_trial":false,"path_per_floor":["M","M","?","M","M","R","$","E","T","R","M","E","M","M","R","B"],"character_chosen":"WATCHER","items_purchased":[],"campfire_rested":0,"item_purchase_floors":[],"current_hp_per_floor":[55,43,43,43,32,32,32,32,32,32,30,30,30,23,23,0],"gold":191,"neow_bonus":"REMOVE_TWO","is_prod":false,"is_daily":false,"chose_seed":false,"campfire_upgraded":3,"win_rate":0,"timestamp":1569056206,"path_taken":["M","?","?","M","?","R","?","E","T","R","?","E","M","?","R","BOSS"],"build_version":"2019-09-20","purchased_purges":0,"victory":false,"max_hp_per_floor":[61,61,61,61,61,61,61,61,61,61,61,61,61,61,61,61],"card_choices":[{"not_picked":["ThirdEye","Devotion"],"picked":"CutThroughFate","floor":1.0},{"not_picked":["Conclude","Prostrate"],"picked":"SashWhip","floor":2.0},{"not_picked":["ThirdEye","Conclude"],"picked":"FearNoEvil","floor":4.0},{"not_picked":["Halt","EmptyMind"],"picked":"TalkToTheHand","floor":5.0},{"not_picked":["CrushJoints","SashWhip"],"picked":"EmptyBody","floor":8.0},{"not_picked":["ClearTheMind","FollowUp"],"picked":"Wallop","floor":11.0},{"not_picked":["ThirdEye","Prostrate","Wish"],"picked":"SKIP","floor":12.0},{"not_picked":["ClearTheMind","MentalFortress"],"picked":"Meditate","floor":13.0},{"not_picked":["Weave","Halt"],"picked":"Conclude","floor":14}],"player_experience":1167204,"relics_obtained":[{"floor":8.0,"key":"Ancient Tea Set"},{"floor":9.0,"key":"PreservedInsect"},{"floor":12.0,"key":"Omamori"}],"event_choices":[{"damage_healed":0.0,"max_hp_gain":0.0,"max_hp_loss":0.0,"gold_gain":0.0,"cards_transformed":["Strike_P"],"event_name":"Transmorgrifier","player_choice":"Transformed","floor":3.0,"gold_loss":0.0,"damage_taken":0.0,"cards_obtained":["Pray"]}],"is_beta":true,"boss_relics":[],"items_purged_floors":[],"is_endless":false,"potions_floor_spawned":[2,4,5,8,13,14],"killed_by":"Slime Boss","ascension_level":20}