{"gold_per_floor":[117,137,153,153,153,153,183,183,183,183,211,229,36,56,56,155,155,165,165,240,255,269,269,279,279],"floor_reached":25,"playtime":2752,"items_purged":[],"score":289,"play_id":"8849267c-b661-45f5-bd1a-6e99277ea292","local_time":"20180714014236","is_ascension_mode":true,"campfire_choices":[{"data":"1","floor":6,"key":"LIFT"},{"floor":8,"key":"REST"},{"data":"2","floor":10,"key":"LIFT"},{"floor":15,"key":"REST"},{"data":"3","floor":23,"key":"LIFT"}],"neow_cost":"TEN_PERCENT_HP_LOSS","seed_source_timestamp":1869224574040994,"circlet_count":0,"master_deck":["Strike_R+1","Strike_R+1","Strike_R+1","Strike_R+1","Strike_R+1","Defend_R+1","Defend_R+1","Defend_R+1","Defend_R+1","Bash","Headbutt","Armaments","Heavy Blade","Swift Strike","Dark Embrace","Offering","Seeing Red","Flame Barrier","Sever Soul","Apotheosis","Heavy Blade","Limit Break","Bloodletting","True Grit","Perfected Strike","Sword Boomerang","Power Through","Fiend Fire","Ghostly Armor","Feel No Pain","Impervious"],"relics":["Burning Blood","Girya","The Courier","Regal Pillow","Smiling Mask","Self Forming Clay","Orrery","Bottled Tornado"],"potions_floor_usage":[24,25],"damage_taken":[{"damage":10,"enemies":"Cultist","floor":1,"turns":4},{"damage":4,"enemies":"Jaw Worm","floor":2,"turns":4},{"damage":0,"enemies":"Small Slimes","floor":3,"turns":3},{"damage":25,"enemies":"3 Sentries","floor":7,"turns":8},{"damage":22,"enemies":"Lagavulin","floor":11,"turns":6},{"damage":15,"enemies":"3 Louse","floor":12,"turns":3},{"damage":3,"enemies":"Red Slaver","floor":14,"turns":4},{"damage":4,"enemies":"Slime Boss","floor":16,"turns":3},{"damage":9,"enemies":"Spheric Guardian","floor":18,"turns":4},{"damage":4,"enemies":"Shell Parasite","floor":21,"turns":1},{"damage":25,"enemies":"Centurion and Healer","floor":22,"turns":4},{"damage":48,"enemies":"Slaver and Parasite","floor":24,"turns":6},{"damage":17,"enemies":"Gremlin Leader","floor":25,"turns":3}],"seed_played":"-9107816826095123105","potions_obtained":[{"floor":1,"key":"Strength Potion"},{"floor":11,"key":"FearPotion"},{"floor":12,"key":"Ancient Potion"}],"is_trial":false,"path_per_floor":["M","M","M","?","?","R","E","R","T","R","E","M","$","M","R","B",null,"M","?","T","M","M","R","M"],"character_chosen":"IRONCLAD","items_purchased":["Sever Soul","Apotheosis"],"campfire_rested":2,"item_purchase_floors":[13,13],"current_hp_per_floor":[68,70,72,54,54,54,35,71,71,71,55,46,46,49,72,72,72,69,69,69,71,52,52,10,0],"gold":279,"neow_bonus":"ONE_RARE_RELIC","is_prod":false,"is_daily":false,"chose_seed":false,"campfire_upgraded":0,"win_rate":0,"timestamp":1531546956,"path_taken":["M","M","?","?","?","R","E","R","T","R","E","?","?","?","R","BOSS","M","?","?","M","M","R","M","E"],"build_version":"2018-06-21v2","purchased_purges":0,"victory":false,"max_hp_per_floor":[72,72,72,72,72,72,72,72,72,72,72,72,72,72,72,72,72,72,72,72,72,72,72,72,72],"card_choices":[{"not_picked":["Intimidate","Wild Strike"],"picked":"Headbutt","floor":1},{"not_picked":["Clash","Pommel Strike"],"picked":"Armaments","floor":2},{"not_picked":["Armaments","Reckless Charge"],"picked":"Heavy Blade","floor":3},{"not_picked":["Cleave","Impervious"],"picked":"Offering","floor":7},{"not_picked":["Body Slam","Anger"],"picked":"Seeing Red","floor":11},{"not_picked":["Pommel Strike","Carnage"],"picked":"Flame Barrier","floor":12},{"not_picked":["Searing Blow","Fire Breathing"],"picked":"Heavy Blade","floor":14},{"not_picked":["Brutality","Impervious"],"picked":"Limit Break","floor":16},{"not_picked":["Armaments","Clash"],"picked":"Bloodletting","floor":17},{"not_picked":["Twin Strike","Thunderclap"],"picked":"True Grit","floor":17},{"not_picked":["Carnage","Dropkick"],"picked":"Perfected Strike","floor":17},{"not_picked":["Iron Wave","Cleave"],"picked":"Sword Boomerang","floor":17},{"not_picked":["Dropkick","Cleave"],"picked":"Power Through","floor":17},{"not_picked":["Ghostly Armor","Sword Boomerang"],"picked":"Fiend Fire","floor":18},{"not_picked":["Cleave+1","Sword Boomerang"],"picked":"Ghostly Armor","floor":21},{"not_picked":["Ghostly Armor","Hemokinesis"],"picked":"Feel No Pain","floor":22},{"not_picked":["Sword Boomerang","Entrench+1"],"picked":"Impervious","floor":24}],"player_experience":1280185,"relics_obtained":[{"floor":7,"key":"Regal Pillow"},{"floor":9,"key":"Smiling Mask"},{"floor":11,"key":"Self Forming Clay"},{"floor":20,"key":"Bottled Tornado"}],"event_choices":[{"event_name":"Scrap Ooze","player_choice":"success","floor":4,"damage_taken":18},{"event_name":"Match and Keep!","player_choice":"2 cards matched","floor":5,"damage_taken":0},{"event_name":"Back to Basics","player_choice":"Simplicity","floor":19,"damage_taken":0}],"boss_relics":[{"not_picked":["Runic Pyramid","Black Blood"],"picked":"Orrery"}],"items_purged_floors":[],"is_endless":false,"potions_floor_spawned":[1,11,12,16,21,22],"killed_by":"Gremlin Leader","ascension_level":2}