{"gold_per_floor":[116,128,142,142,142,142,142,173,173,185],"floor_reached":10,"playtime":754,"items_purged":[],"score":132,"play_id":"6ca4cce5-d301-422a-93e4-322d672f501a","local_time":"20191028142014","is_ascension_mode":true,"campfire_choices":[{"data":"Neutralize","floor":6.0,"key":"SMITH"}],"neow_cost":"NONE","seed_source_timestamp":2200140505383244,"circlet_count":0,"master_deck":["AscendersBane","Defend_G","Defend_G","Defend_G","Defend_G","Defend_G","Strike_G","Strike_G","Strike_G","Strike_G","Strike_G","Survivor","Neutralize+1","Deadly Poison","Masterful Stab","Sucker Punch","Deadly Poison"],"special_seed":0,"relics":["Ring of the Snake","Pear","Lantern","MawBank"],"potions_floor_usage":[],"damage_taken":[{"damage":0.0,"enemies":"2 Louse","floor":1.0,"turns":4.0},{"damage":0.0,"enemies":"Small Slimes","floor":2.0,"turns":4.0},{"damage":0.0,"enemies":"Jaw Worm","floor":3.0,"turns":4.0},{"damage":42.0,"enemies":"3 Sentries","floor":8.0,"turns":10.0},{"damage":22,"enemies":"Large Slime","floor":10,"turns":5}],"seed_played":"2809384944960513360","potions_obtained":[{"floor":0.0,"key":"Weak Potion"},{"floor":0.0,"key":"Weak Potion"},{"floor":1.0,"key":"Energy Potion"}],"is_trial":false,"path_per_floor":["M","M","M","?","?","R","?","E","T","M"],"character_chosen":"THE_SILENT","items_purchased":[],"campfire_rested":0,"item_purchase_floors":[],"current_hp_per_floor":[59,59,59,58,58,58,63,21,21,0],"gold":185,"neow_bonus":"THREE_SMALL_POTIONS","is_prod":false,"is_daily":false,"chose_seed":false,"campfire_upgraded":1,"win_rate":0,"timestamp":1572286814,"path_taken":["M","M","M","?","?","R","?","E","T","M"],"build_version":"2019-01-23","purchased_purges":0,"victory":false,"max_hp_per_floor":[66,66,66,76,76,76,81,81,81,81],"card_choices":[{"not_picked":["Catalyst","Prepared"],"picked":"Deadly Poison","floor":1.0},{"not_picked":["Quick Slash","Flying Knee"],"picked":"Masterful Stab","floor":2.0},{"not_picked":["Cloak And Dagger","Flying Knee"],"picked":"Sucker Punch","floor":3.0},{"not_picked":["Expertise","Concentrate"],"picked":"Deadly Poison","floor":8.0}],"player_experience":3084174,"relics_obtained":[{"floor":8.0,"key":"Lantern"},{"floor":9.0,"key":"MawBank"}],"event_choices":[{"damage_healed":0.0,"max_hp_gain":0.0,"max_hp_loss":0.0,"gold_gain":0.0,"event_name":"Scrap Ooze","player_choice":"Success","floor":4.0,"gold_loss":0.0,"damage_taken":11.0,"relics_obtained":["Pear"]},{"damage_healed":0.0,"max_hp_gain":0.0,"max_hp_loss":0.0,"gold_gain":0.0,"event_name":"Liars Game","player_choice":"Ignored","floor":5.0,"gold_loss":0.0,"damage_taken":0.0},{"damage_healed":0.0,"max_hp_gain":5.0,"max_hp_loss":0.0,"gold_gain":0.0,"event_name":"Big Fish","player_choice":"Donut","floor":7.0,"gold_loss":0.0,"damage_taken":0.0}],"is_beta":false,"boss_relics":[],"items_purged_floors":[],"is_endless":false,"potions_floor_spawned":[1,2,3],"killed_by":"Large Slime","ascension_level":20}