{"gold_per_floor":[110,0,18,30,50,79,79,112,112,125,125,157,157,157,157,229,229,244,262,262,273,283,311,38,70,70,83,83,8,42,53,53,129,129,147,147,72,172,7,7,39,59,59,77,77,94,16,27,27,27],"floor_reached":51,"playtime":5194,"items_purged":["Strike_R"],"score":1368,"play_id":"01b92ef4-f9e0-40ef-b287-2f422d1f7da7","local_time":"20190412000530","is_ascension_mode":true,"campfire_choices":[{"data":"Shockwave","floor":7.0,"key":"SMITH"},{"data":"Power Through","floor":11.0,"key":"SMITH"},{"data":"Armaments","floor":13.0,"key":"SMITH"},{"floor":15.0,"key":"REST"},{"data":"Pommel Strike","floor":28.0,"key":"SMITH"},{"data":"Rage","floor":32.0,"key":"SMITH"},{"data":"Limit Break","floor":40.0,"key":"SMITH"},{"data":"Combust","floor":45.0,"key":"SMITH"},{"floor":49,"key":"REST"}],"neow_cost":"NONE","seed_source_timestamp":2151060165601539,"circlet_count":0,"master_deck":["AscendersBane","Strike_R","Strike_R","Strike_R","Strike_R","Defend_R","Defend_R","Defend_R","Defend_R","Bash","Shockwave+1","Cleave","Flex","Clothesline","Reaper","Pommel Strike+1","Power Through+1","Combust+1","Armaments+1","Rage+1","Bludgeon","Spot Weakness","J.A.X.","Sword Boomerang","Rupture","Headbutt","Metallicize","Metallicize","Immolate","Limit Break+1","Blind","Finesse","Flame Barrier","Offering","Cleave+1","Dark Shackles","Pummel","Disarm"],"special_seed":0,"relics":["Burning Blood","Vajra","Dream Catcher","Singing Bowl","Pear","Letter Opener","Velvet Choker","FossilizedHelix","Self Forming Clay","Shuriken","Kunai","Blood Vial","White Beast Statue","Du-Vu Doll","Potion Belt","Frozen Egg 2","The Courier"],"potions_floor_usage":[48,50,50],"damage_taken":[{"damage":0.0,"enemies":"Small Slimes","floor":1.0,"turns":3.0},{"damage":0.0,"enemies":"2 Louse","floor":3.0,"turns":1.0},{"damage":8.0,"enemies":"Jaw Worm","floor":4.0,"turns":4.0},{"damage":9.0,"enemies":"Blue Slaver","floor":5.0,"turns":5.0},{"damage":25.0,"enemies":"Lagavulin","floor":6.0,"turns":6.0},{"damage":35.0,"enemies":"3 Sentries","floor":8.0,"turns":7.0},{"damage":1.0,"enemies":"Exordium Wildlife","floor":10.0,"turns":3.0},{"damage":36.0,"enemies":"Lagavulin","floor":12.0,"turns":7.0},{"damage":35.0,"enemies":"The Guardian","floor":16.0,"turns":13.0},{"damage":18.0,"enemies":"Shell Parasite","floor":18.0,"turns":4.0},{"damage":9.0,"enemies":"3 Byrds","floor":19.0,"turns":5.0},{"damage":28.0,"enemies":"Snecko","floor":21.0,"turns":6.0},{"damage":10.0,"enemies":"3 Cultists","floor":22.0,"turns":5.0},{"damage":28.0,"enemies":"Gremlin Leader","floor":23.0,"turns":5.0},{"damage":35.0,"enemies":"Slavers","floor":25.0,"turns":4.0},{"damage":10.0,"enemies":"Centurion and Healer","floor":27.0,"turns":6.0},{"damage":24.0,"enemies":"Book of Stabbing","floor":30.0,"turns":6.0},{"damage":15.0,"enemies":"Sentry and Sphere","floor":31.0,"turns":4.0},{"damage":78.0,"enemies":"Automaton","floor":33.0,"turns":10.0},{"damage":16.0,"enemies":"Orb Walker","floor":35.0,"turns":5.0},{"damage":37.0,"enemies":"Mind Bloom Boss Battle","floor":38.0,"turns":8.0},{"damage":42.0,"enemies":"Reptomancer","floor":41.0,"turns":6.0},{"damage":19.0,"enemies":"3 Darklings","floor":42.0,"turns":5.0},{"damage":16.0,"enemies":"Sphere and 2 Shapes","floor":44.0,"turns":4.0},{"damage":33.0,"enemies":"Maw","floor":46.0,"turns":7.0},{"damage":31,"enemies":"Writhing Mass","floor":48,"turns":6},{"damage":84,"enemies":"Awakened One","floor":50,"turns":14}],"seed_played":"4289786711378876345","potions_obtained":[{"floor":4.0,"key":"Dexterity Potion"},{"floor":6.0,"key":"Poison Potion"},{"floor":10.0,"key":"FearPotion"},{"floor":22.0,"key":"PowerPotion"},{"floor":23.0,"key":"Strength Potion"},{"floor":30.0,"key":"PowerPotion"},{"floor":33.0,"key":"SpeedPotion"},{"floor":35.0,"key":"LiquidBronze"},{"floor":38.0,"key":"Fire Potion"},{"floor":41.0,"key":"PowerPotion"},{"floor":42.0,"key":"BloodPotion"},{"floor":44.0,"key":"Block Potion"},{"floor":48,"key":"Explosive Potion"}],"is_trial":false,"path_per_floor":["M","$","M","M","M","E","R","E","T","M","R","E","R","?","R","B",null,"M","M","?","M","M","E","$","E","T","M","R","$","E","M","R","B",null,"M","?","$","?","$","R","E","M","T","M","R","M","$","M","R","B",null],"character_chosen":"IRONCLAD","items_purchased":["Cleave","Flex","Self Forming Clay","Metallicize","Potion Belt","Dark Shackles"],"campfire_rested":2,"item_purchase_floors":[2,2,24,29,39,47],"current_hp_per_floor":[74,74,75,73,70,51,51,36,46,51,51,30,30,30,55,33,72,62,69,69,56,73,72,72,71,71,81,81,81,81,74,74,19,73,76,71,71,52,52,52,18,29,29,43,43,38,38,28,57,22],"gold":27,"neow_bonus":"RANDOM_COMMON_RELIC","is_prod":false,"is_daily":false,"chose_seed":false,"campfire_upgraded":7,"win_rate":0,"timestamp":1555041930,"path_taken":["M","$","M","M","M","E","R","E","T","M","R","E","R","?","R","BOSS","M","M","?","M","M","E","$","E","T","M","R","$","E","M","R","BOSS","M","?","$","?","?","R","E","?","T","M","R","M","$","M","R","BOSS"],"build_version":"2019-01-23","purchased_purges":1,"victory":true,"max_hp_per_floor":[75,75,75,75,75,75,75,75,85,85,85,85,85,85,85,85,85,87,87,87,89,89,91,91,91,91,91,91,91,91,91,91,91,91,93,93,93,93,93,93,93,95,95,95,95,97,97,97,97,97],"card_choices":[{"not_picked":["Wild Strike","Pommel Strike"],"picked":"Shockwave","floor":1.0},{"not_picked":["Wild Strike","Headbutt"],"picked":"Clothesline","floor":3.0},{"not_picked":["Wild Strike","Body Slam","Clothesline"],"picked":"SKIP","floor":4.0},{"not_picked":["Clash","Flex"],"picked":"Reaper","floor":5.0},{"not_picked":["Cleave","Feel No Pain"],"picked":"Pommel Strike","floor":6.0},{"not_picked":["Iron Wave","Perfected Strike"],"picked":"Power Through","floor":8.0},{"not_picked":["Ghostly Armor","Clash"],"picked":"Combust","floor":10.0},{"not_picked":["Brutality","Fiend Fire"],"picked":"Armaments","floor":12.0},{"not_picked":["Thunderclap","Headbutt"],"picked":"Rage","floor":15.0},{"not_picked":["Double Tap","Dark Embrace"],"picked":"Bludgeon","floor":16.0},{"not_picked":["Clothesline","Iron Wave","Twin Strike"],"picked":"Singing Bowl","floor":18.0},{"not_picked":["Feel No Pain","Perfected Strike"],"picked":"Spot Weakness","floor":19.0},{"not_picked":["Warcry","Flex","Sentinel"],"picked":"Singing Bowl","floor":21.0},{"not_picked":["Berserk","Headbutt"],"picked":"Sword Boomerang","floor":22.0},{"not_picked":["Hemokinesis","Clash","Dark Embrace"],"picked":"Singing Bowl","floor":23.0},{"not_picked":["Pommel Strike","Shrug It Off"],"picked":"Rupture","floor":25.0},{"not_picked":["Ghostly Armor","Havoc"],"picked":"Headbutt","floor":27.0},{"not_picked":["Hemokinesis","Anger+1"],"picked":"Metallicize","floor":30.0},{"not_picked":["Second Wind","Clash"],"picked":"Immolate","floor":31.0},{"not_picked":["Double Tap","Immolate"],"picked":"Limit Break","floor":33.0},{"not_picked":["Warcry","Armaments","Clothesline"],"picked":"Singing Bowl","floor":35.0},{"not_picked":["Deep Breath","Trip"],"picked":"Blind","floor":36.0},{"not_picked":["Good Instincts","Impatience"],"picked":"Finesse","floor":36.0},{"not_picked":["Rupture","Inflame"],"picked":"Flame Barrier","floor":38.0},{"not_picked":["Reckless Charge+1","Evolve"],"picked":"Offering","floor":41.0},{"not_picked":["Reckless Charge","Metallicize+1","Warcry"],"picked":"Singing Bowl","floor":42.0},{"not_picked":["Clothesline","Infernal Blade"],"picked":"Cleave+1","floor":44.0},{"not_picked":["Flame Barrier","Shrug It Off","Flex"],"picked":"Singing Bowl","floor":46.0},{"not_picked":["Metallicize+1","Dual Wield"],"picked":"Pummel","floor":48},{"not_picked":["Pommel Strike+1","Thunderclap"],"picked":"Disarm","floor":49}],"player_experience":2478697,"relics_obtained":[{"floor":6.0,"key":"Dream Catcher"},{"floor":8.0,"key":"Singing Bowl"},{"floor":9.0,"key":"Pear"},{"floor":12.0,"key":"Letter Opener"},{"floor":23.0,"key":"FossilizedHelix"},{"floor":25.0,"key":"Shuriken"},{"floor":26.0,"key":"Kunai"},{"floor":30.0,"key":"Blood Vial"},{"floor":38.0,"key":"Du-Vu Doll"},{"floor":41.0,"key":"Frozen Egg 2"},{"floor":43.0,"key":"The Courier"}],"event_choices":[{"damage_healed":0.0,"max_hp_gain":0.0,"max_hp_loss":0.0,"gold_gain":0.0,"event_name":"Dead Adventurer","player_choice":"Searched \u00271\u0027 times","floor":14.0,"gold_loss":0.0,"damage_taken":0.0},{"damage_healed":0.0,"max_hp_gain":0.0,"max_hp_loss":0.0,"gold_gain":0.0,"event_name":"Drug Dealer","player_choice":"Obtain J.A.X.","floor":20.0,"gold_loss":0.0,"damage_taken":0.0,"cards_obtained":["J.A.X."]},{"damage_healed":0.0,"max_hp_gain":0.0,"max_hp_loss":0.0,"gold_gain":0.0,"event_name":"SensoryStone","player_choice":"Memory 2","floor":36.0,"gold_loss":0.0,"damage_taken":5.0},{"damage_healed":0.0,"max_hp_gain":0.0,"max_hp_loss":0.0,"gold_gain":0.0,"event_name":"MindBloom","player_choice":"Fight","floor":38.0,"gold_loss":0.0,"damage_taken":0.0}],"is_beta":false,"boss_relics":[{"not_picked":["Philosopher\u0027s Stone","Black Blood"],"picked":"Velvet Choker"},{"not_picked":["Pandora\u0027s Box","Runic Pyramid"],"picked":"White Beast Statue"}],"items_purged_floors":[37],"is_endless":false,"potions_floor_spawned":[4,6,10,22,23,30,33,35,38,41,42,44,46,48],"ascension_level":16}