{"gold_per_floor":[14,14,28,46,46,46,81,95,95,122,122,122],"floor_reached":12,"playtime":631,"items_purged":[],"score":132,"play_id":"d2c96d77-7b75-4613-b158-1f6f81528d5e","local_time":"20180926213839","is_ascension_mode":true,"campfire_choices":[{"data":"Neutralize","floor":6,"key":"SMITH"}],"neow_cost":"NO_GOLD","seed_source_timestamp":286715387865610,"circlet_count":0,"master_deck":["Defend_G","Defend_G","Defend_G","Defend_G","Strike_G","Strike_G","Strike_G","Strike_G","Survivor","Neutralize+1","AscendersBane","Poisoned Stab","Poisoned Stab","Flying Knee","Skewer","Bane","Venomology"],"relics":["Ring of the Snake","Smiling Mask","Gremlin Horn","Bottled Lightning","Golden Idol"],"potions_floor_usage":[4,10,12],"damage_taken":[{"damage":1,"enemies":"Jaw Worm","floor":1,"turns":5},{"damage":6,"enemies":"2 Louse","floor":3,"turns":3},{"damage":1,"enemies":"Small Slimes","floor":4,"turns":4},{"damage":18,"enemies":"Gremlin Nob","floor":7,"turns":4},{"damage":10,"enemies":"Gremlin Gang","floor":8,"turns":5},{"damage":25,"enemies":"Lagavulin","floor":10,"turns":7},{"damage":15,"enemies":"Blue Slaver","floor":12,"turns":3}],"seed_played":"2738670144537249248","potions_obtained":[{"floor":4,"key":"Fruit Juice"},{"floor":8,"key":"SkillPotion"}],"is_trial":false,"path_per_floor":["M","?","M","M","$","R","E","M","T","E","?"],"character_chosen":"THE_SILENT","items_purchased":[],"campfire_rested":0,"item_purchase_floors":[],"current_hp_per_floor":[62,62,56,60,60,60,42,32,32,7,7,0],"gold":122,"neow_bonus":"REMOVE_TWO","is_prod":false,"is_daily":false,"chose_seed":false,"campfire_upgraded":1,"win_rate":0,"timestamp":1538012319,"path_taken":["M","?","M","?","$","R","E","?","T","E","?","M"],"build_version":"2018-08-23v2","purchased_purges":0,"victory":false,"max_hp_per_floor":[70,70,70,75,75,75,75,75,75,75,69,69],"card_choices":[{"not_picked":["Dagger Throw","Masterful Stab"],"picked":"Poisoned Stab","floor":1},{"not_picked":["Dagger Throw","Endless Agony"],"picked":"Poisoned Stab","floor":3},{"not_picked":["Eviscerate","Dodge and Roll"],"picked":"Flying Knee","floor":4},{"not_picked":["Choke","Dodge and Roll"],"picked":"Skewer","floor":7},{"not_picked":["Underhanded Strike","Sucker Punch"],"picked":"Bane","floor":8},{"not_picked":["Outmaneuver","Noxious Fumes"],"picked":"Venomology","floor":10}],"player_experience":1773072,"relics_obtained":[{"floor":7,"key":"Smiling Mask"},{"floor":9,"key":"Gremlin Horn"},{"floor":10,"key":"Bottled Lightning"}],"event_choices":[{"event_name":"Shining Light","player_choice":"Ignored","floor":2,"damage_taken":0},{"event_name":"Golden Idol","player_choice":"Lose Max HP","floor":11,"damage_taken":0}],"is_beta":false,"boss_relics":[],"items_purged_floors":[],"is_endless":false,"potions_floor_spawned":[4,8],"killed_by":"Blue Slaver","ascension_level":10}