{"gold_per_floor":[13,13,13,88,18,18,36,80,80,95,120,133,133,149,149,278,278,302,315,349,349],"floor_reached":21,"playtime":1952,"items_purged":[],"score":233,"play_id":"6fa185d9-2275-4365-9202-dafe6a5ace51","local_time":"20180722222355","is_ascension_mode":true,"campfire_choices":[{"floor":6,"key":"REST"},{"floor":13,"key":"REST"},{"floor":15,"key":"REST"}],"neow_cost":"NO_GOLD","seed_source_timestamp":1995697146239594,"circlet_count":0,"master_deck":["Defend_G","Defend_G","Defend_G","Defend_G","Defend_G","Strike_G","Strike_G","Strike_G","Strike_G","Strike_G","Survivor+1","Neutralize","Deadly Poison+1","Poisoned Stab","Deadly Poison","PiercingWail","Bane","Prepared","Outmaneuver","Infinite Blades","Bullet Time","Sucker Punch","Sucker Punch+1"],"relics":["Ring of the Snake","Golden Idol","War Paint","Strawberry","Busted Crown","Red Mask"],"potions_floor_usage":[16,16,20,20,21],"damage_taken":[{"damage":9,"enemies":"Jaw Worm","floor":1,"turns":8},{"damage":2,"enemies":"2 Louse","floor":7,"turns":3},{"damage":32,"enemies":"Lagavulin","floor":8,"turns":6},{"damage":0,"enemies":"Cultist","floor":10,"turns":2},{"damage":2,"enemies":"Blue Slaver","floor":11,"turns":3},{"damage":8,"enemies":"Gremlin Gang","floor":12,"turns":5},{"damage":0,"enemies":"2 Fungi Beasts","floor":14,"turns":3},{"damage":42,"enemies":"Slime Boss","floor":16,"turns":14},{"damage":20,"enemies":"Shell Parasite","floor":18,"turns":5},{"damage":27,"enemies":"2 Thieves","floor":19,"turns":5},{"damage":36,"floor":20,"turns":5},{"damage":13,"enemies":"Centurion and Healer","floor":21,"turns":3}],"seed_played":"8465116405626268199","potions_obtained":[{"floor":8,"key":"FearPotion"},{"floor":10,"key":"Energy Potion"},{"floor":14,"key":"Weak Potion"},{"floor":16,"key":"SneckoOil"},{"floor":18,"key":"Explosive Potion"}],"is_trial":false,"path_per_floor":["M","?","?","?","$","R","M","E","T","M","M","M","R","M","R","B",null,"M","M","?"],"character_chosen":"THE_SILENT","items_purchased":["Poisoned Stab","Deadly Poison"],"campfire_rested":3,"item_purchase_floors":[5,5],"current_hp_per_floor":[75,54,46,35,35,60,58,26,33,33,31,23,50,50,77,35,91,71,44,8,0],"gold":349,"neow_bonus":"TWENTY_PERCENT_HP_BONUS","is_prod":false,"is_daily":false,"chose_seed":false,"campfire_upgraded":0,"win_rate":0,"timestamp":1532312635,"path_taken":["M","?","?","?","$","R","M","E","T","?","M","M","R","M","R","BOSS","M","?","?","M"],"build_version":"2018-06-21v2","purchased_purges":0,"victory":false,"max_hp_per_floor":[84,84,84,84,84,84,84,84,91,91,91,91,91,91,91,91,91,91,91,91,91],"card_choices":[{"not_picked":["Dagger Spray","Deflect"],"picked":"Deadly Poison","floor":1},{"not_picked":["Acrobatics","Flying Knee"],"picked":"PiercingWail","floor":7},{"not_picked":["Heel Hook","Underhanded Strike"],"picked":"Bane","floor":8},{"not_picked":["Malaise","Choke"],"picked":"Prepared","floor":10},{"not_picked":["Dagger Throw","Unload"],"picked":"Outmaneuver","floor":11},{"not_picked":["Slice","Concentrate","Sucker Punch"],"picked":"SKIP","floor":12},{"not_picked":["Escape Plan","Heel Hook"],"picked":"Infinite Blades","floor":14},{"not_picked":["Wraith Form v2","Venomology"],"picked":"Bullet Time","floor":16},{"not_picked":["Finisher"],"picked":"SKIP","floor":18},{"not_picked":[],"picked":"Sucker Punch","floor":19},{"not_picked":[],"picked":"Sucker Punch+1","floor":20}],"player_experience":1320828,"relics_obtained":[{"floor":8,"key":"War Paint"},{"floor":9,"key":"Strawberry"},{"floor":20,"key":"Red Mask"}],"event_choices":[{"event_name":"Golden Idol","player_choice":"Take Damage","floor":2,"damage_taken":0},{"event_name":"Wheel of Change","player_choice":"Damage","floor":3,"damage_taken":0},{"event_name":"World of Goop","player_choice":"Gather Gold","floor":4,"damage_taken":0},{"event_name":"Masked Bandits","player_choice":"Fought over 315 gold","floor":20,"damage_taken":0}],"boss_relics":[{"not_picked":["Ectoplasm","Pandora\u0027s Box"],"picked":"Busted Crown"}],"items_purged_floors":[],"is_endless":false,"potions_floor_spawned":[8,10,14,16,18],"killed_by":"Centurion and Healer","ascension_level":3}