{"gold_per_floor":[109,109,89,108,108,138,138,203,254,265,44,63,91,108,108,184,184,198,198,215,265,280,280,315,331,331,32,32],"floor_reached":28,"playtime":2059,"items_purged":[],"score":546,"play_id":"686fd26a-dd20-48fc-bbbf-4731bf753536","local_time":"20190804230401","is_ascension_mode":true,"campfire_choices":[{"data":"Armaments","floor":7.0,"key":"SMITH"},{"data":"Perfected Strike","floor":15.0,"key":"SMITH"},{"floor":23.0,"key":"REST"}],"neow_cost":"NONE","seed_source_timestamp":0,"circlet_count":0,"master_deck":["AscendersBane","Strike_R","Strike_R","Strike_R","Strike_R","Strike_R","Defend_R","Defend_R","Defend_R","Bash","Twin Strike","Perfected Strike+1","Armaments+1","Clothesline","Impervious","Hemokinesis","Metallicize","Shrug It Off","Limit Break","Disarm","RitualDagger","Rupture","Wild Strike","Bloodletting","Rage+1","Reaper","Flex","Evolve"],"special_seed":0,"relics":["Burning Blood","NeowsBlessing","Orichalcum","Happy Flower","Tiny Chest","Ancient Tea Set","OrangePellets","Odd Mushroom","Mark of Pain","Gremlin Horn","Dodecahedron"],"potions_floor_usage":[28],"damage_taken":[{"damage":0.0,"enemies":"Jaw Worm","floor":1.0,"turns":1.0},{"damage":0.0,"enemies":"Small Slimes","floor":4.0,"turns":1.0},{"damage":0.0,"enemies":"Lagavulin","floor":6.0,"turns":1.0},{"damage":14.0,"enemies":"3 Sentries","floor":8.0,"turns":6.0},{"damage":0.0,"enemies":"Cultist","floor":10.0,"turns":3.0},{"damage":11.0,"enemies":"3 Louse","floor":12.0,"turns":4.0},{"damage":9.0,"enemies":"The Mushroom Lair","floor":13.0,"turns":4.0},{"damage":2.0,"enemies":"2 Fungi Beasts","floor":14.0,"turns":3.0},{"damage":12.0,"enemies":"Slime Boss","floor":16.0,"turns":9.0},{"damage":3.0,"enemies":"Chosen","floor":18.0,"turns":3.0},{"damage":12.0,"enemies":"Shell Parasite","floor":20.0,"turns":5.0},{"damage":38.0,"enemies":"Chosen and Byrds","floor":22.0,"turns":8.0},{"damage":26.0,"enemies":"Book of Stabbing","floor":24.0,"turns":5.0},{"damage":27.0,"enemies":"Cultist and Chosen","floor":25.0,"turns":8.0},{"damage":29,"enemies":"Sentry and Sphere","floor":28,"turns":3}],"seed_played":"-487991593087700545","potions_obtained":[{"floor":1.0,"key":"Energy Potion"},{"floor":3.0,"key":"Explosive Potion"},{"floor":12.0,"key":"Weak Potion"},{"floor":14.0,"key":"SpeedPotion"},{"floor":20.0,"key":"LiquidBronze"},{"floor":22.0,"key":"PowerPotion"}],"is_trial":false,"path_per_floor":["M","?","?","M","?","E","R","E","T","M","$","M","?","M","R","B",null,"M","?","M","?","M","R","E","M","T","$","M"],"character_chosen":"IRONCLAD","items_purchased":["OrangePellets","Reaper","Regen Potion","Flex","Evolve"],"campfire_rested":1,"item_purchase_floors":[11,27,27,27,27],"current_hp_per_floor":[74,56,56,62,55,61,61,53,53,59,59,54,51,55,55,49,69,72,66,60,60,28,50,30,9,9,9,0],"gold":32,"neow_bonus":"THREE_ENEMY_KILL","is_prod":false,"is_daily":false,"chose_seed":false,"campfire_upgraded":2,"win_rate":0,"timestamp":1564974241,"path_taken":["M","?","?","?","?","E","R","E","T","M","$","M","?","M","R","BOSS","M","?","M","?","?","R","E","M","T","$","M"],"build_version":"2019-01-23","purchased_purges":0,"victory":false,"max_hp_per_floor":[75,75,75,75,75,75,75,75,75,75,75,75,75,75,75,75,75,75,75,75,75,75,75,75,75,75,75,75],"card_choices":[{"not_picked":["Second Wind","Burning Pact"],"picked":"Twin Strike","floor":1.0},{"not_picked":["Thunderclap","Iron Wave"],"picked":"Perfected Strike","floor":4.0},{"not_picked":["Dual Wield","Inflame"],"picked":"Armaments","floor":6.0},{"not_picked":["Pummel","Headbutt"],"picked":"Clothesline","floor":8.0},{"not_picked":["Bloodletting","Body Slam"],"picked":"Impervious","floor":10.0},{"not_picked":["Heavy Blade","Flex"],"picked":"Hemokinesis","floor":12.0},{"not_picked":["Wild Strike","Seeing Red"],"picked":"Metallicize","floor":13.0},{"not_picked":["Infernal Blade","Sword Boomerang"],"picked":"Shrug It Off","floor":14.0},{"not_picked":["Dark Embrace","Brutality"],"picked":"Limit Break","floor":16.0},{"not_picked":["Evolve","Sword Boomerang"],"picked":"Disarm","floor":18.0},{"not_picked":["Spot Weakness","Dropkick"],"picked":"Rupture","floor":20.0},{"not_picked":["Thunderclap","Heavy Blade"],"picked":"Wild Strike","floor":22.0},{"not_picked":["Sword Boomerang","Intimidate"],"picked":"Bloodletting","floor":24.0},{"not_picked":["Corruption","Ghostly Armor"],"picked":"Rage+1","floor":25.0}],"player_experience":2763708,"relics_obtained":[{"floor":6.0,"key":"Happy Flower"},{"floor":8.0,"key":"Tiny Chest"},{"floor":9.0,"key":"Ancient Tea Set"},{"floor":13.0,"key":"Odd Mushroom"},{"floor":24.0,"key":"Gremlin Horn"},{"floor":26,"key":"Dodecahedron"}],"event_choices":[{"damage_healed":0.0,"max_hp_gain":0.0,"max_hp_loss":0.0,"gold_gain":0.0,"event_name":"Scrap Ooze","player_choice":"Success","floor":2.0,"gold_loss":0.0,"damage_taken":18.0,"relics_obtained":["Orichalcum"]},{"damage_healed":0.0,"max_hp_gain":0.0,"max_hp_loss":0.0,"gold_gain":0.0,"event_name":"The Woman in Blue","player_choice":"Bought 1 Potion","floor":3.0,"gold_loss":0.0,"damage_taken":0.0},{"cards_removed":["Defend_R"],"damage_healed":0.0,"max_hp_gain":0.0,"max_hp_loss":0.0,"gold_gain":0.0,"event_name":"Golden Wing","player_choice":"Card Removal","floor":5.0,"gold_loss":0.0,"damage_taken":7.0},{"damage_healed":0.0,"max_hp_gain":0.0,"max_hp_loss":0.0,"gold_gain":0.0,"event_name":"Mushrooms","player_choice":"Fought Mushrooms","floor":13.0,"gold_loss":0.0,"damage_taken":0.0},{"damage_healed":0.0,"max_hp_gain":0.0,"max_hp_loss":0.0,"gold_gain":0.0,"event_name":"Nest","player_choice":"Joined the Cult","floor":19.0,"gold_loss":0.0,"damage_taken":6.0,"cards_obtained":["RitualDagger"]},{"damage_healed":0.0,"max_hp_gain":0.0,"max_hp_loss":0.0,"gold_gain":50.0,"event_name":"Golden Shrine","player_choice":"Pray","floor":21.0,"gold_loss":0.0,"damage_taken":0.0}],"is_beta":false,"boss_relics":[{"not_picked":["Astrolabe","Lizard Tail"],"picked":"Mark of Pain"}],"items_purged_floors":[],"is_endless":false,"potions_floor_spawned":[1,6,12,14,20,22],"killed_by":"Sentry and Sphere","ascension_level":20}