{"gold_per_floor":[110,123,123,123,136,176,192,192,273,297,8,24,24,39,39,162,162,177,15,15,29,48,48,83,83,157,157,157],"floor_reached":28,"playtime":1676,"items_purged":["Injury"],"score":301,"play_id":"ab0d4ff2-63bb-4eb0-998a-a2ce8dffc44e","local_time":"20190907193212","is_ascension_mode":true,"campfire_choices":[{"floor":13,"key":"REST"},{"floor":15,"key":"REST"},{"floor":23,"key":"REST"}],"neow_cost":"NONE","seed_source_timestamp":39878198758533,"circlet_count":0,"master_deck":["Strike_B","Strike_B","Strike_B","Strike_B","Defend_B","Defend_B","Defend_B","Defend_B","Zap+1","Dualcast","Rebound","Rip and Tear","Leap","Seek","Defragment","Self Repair","Force Field","Jack Of All Trades","Tempest","Sweeping Beam","Self Repair","Steam","Redo","White Noise","Reinforced Body","Conserve Battery","Darkness","Fission","Tempest","Sunder+1","Static Discharge","Conserve Battery","Double Energy+1","Storm","Rebound+1","Cold Snap","Echo Form","J.A.X."],"relics":["FrozenCore","Prayer Wheel","Bottled Flame","Happy Flower","Nloth\u0027s Gift","Potion Belt","Sundial"],"potions_floor_usage":[7,7,10,10,10,22,24,24],"damage_taken":[{"damage":4,"enemies":"Cultist","floor":1,"turns":5},{"damage":5,"enemies":"2 Louse","floor":2,"turns":3},{"damage":2,"enemies":"Jaw Worm","floor":5,"turns":2},{"damage":58,"enemies":"Lagavulin","floor":6,"turns":7},{"damage":0,"enemies":"Looter","floor":7,"turns":1},{"damage":0,"enemies":"Red Slaver","floor":10,"turns":3},{"damage":6,"enemies":"Exordium Wildlife","floor":12,"turns":5},{"damage":25,"enemies":"Lots of Slimes","floor":14,"turns":3},{"damage":10,"enemies":"The Guardian","floor":16,"turns":10},{"damage":14,"enemies":"Spheric Guardian","floor":18,"turns":7},{"damage":0,"enemies":"3 Byrds","floor":21,"turns":2},{"damage":61,"enemies":"Centurion and Healer","floor":22,"turns":8},{"damage":46,"enemies":"Book of Stabbing","floor":24,"turns":8},{"damage":28,"enemies":"Snecko","floor":28,"turns":4}],"seed_played":"-4053693441127683905","potions_obtained":[{"floor":0,"key":"Explosive Potion"},{"floor":0,"key":"EntropicBrew"},{"floor":0,"key":"Explosive Potion"},{"floor":6,"key":"Fire Potion"},{"floor":10,"key":"Weak Potion"},{"floor":12,"key":"EssenceOfSteel"},{"floor":21,"key":"Regen Potion"}],"is_trial":false,"path_per_floor":["M","M","?","?","M","E","M","?","T","M","$","M","R","M","R","B",null,"M","$","?","M","M","R","E","?","T","?","M"],"character_chosen":"DEFECT","items_purchased":["Happy Flower","Self Repair","Steam","Redo","Static Discharge","Conserve Battery"],"campfire_rested":3,"item_purchase_floors":[11,11,11,11,19,19],"current_hp_per_floor":[71,66,66,66,64,6,6,6,6,13,13,21,43,32,54,58,75,75,75,75,75,42,64,25,25,25,25,0],"gold":157,"neow_bonus":"THREE_SMALL_POTIONS","is_prod":false,"is_daily":false,"chose_seed":false,"campfire_upgraded":0,"win_rate":0,"timestamp":1567895532,"path_taken":["M","?","?","?","M","E","M","?","T","M","$","M","R","?","R","BOSS","M","$","?","?","M","R","E","?","T","?","M"],"build_version":"2019-07-17","purchased_purges":1,"victory":false,"max_hp_per_floor":[75,75,75,75,75,75,75,75,75,75,75,75,75,75,75,75,75,75,75,75,75,75,75,75,75,75,75,75],"card_choices":[{"not_picked":["Barrage","Steam Power"],"picked":"Rebound","floor":1},{"not_picked":["Sweeping Beam","Steam Power"],"picked":"Rip and Tear","floor":2},{"not_picked":["Sweeping Beam","Rebound"],"picked":"Leap","floor":5},{"not_picked":["Stack","Compile Driver"],"picked":"Seek","floor":6},{"not_picked":["Double Energy","Beam Cell"],"picked":"Defragment","floor":7},{"not_picked":["Streamline","Force Field"],"picked":"Self Repair","floor":7},{"not_picked":["Gash","Genetic Algorithm"],"picked":"Tempest","floor":10},{"not_picked":["Ball Lightning","Hologram"],"picked":"Sweeping Beam","floor":10},{"not_picked":["Capacitor","Ball Lightning"],"picked":"White Noise","floor":12},{"not_picked":["Beam Cell","Steam"],"picked":"Reinforced Body","floor":12},{"not_picked":["Compile Driver","Cold Snap"],"picked":"Conserve Battery","floor":14},{"not_picked":["Force Field","Go for the Eyes"],"picked":"Darkness","floor":14},{"not_picked":["All For One","Creative AI"],"picked":"Fission","floor":16},{"not_picked":["Darkness+1","Barrage+1"],"picked":"Tempest","floor":18},{"not_picked":["Reprogram","Steam"],"picked":"Sunder+1","floor":18},{"not_picked":["Biased Cognition","Barrage"],"picked":"Double Energy+1","floor":21},{"not_picked":["Skim","Lockon"],"picked":"Storm","floor":21},{"not_picked":["Conserve Battery","Beam Cell+1"],"picked":"Rebound+1","floor":22},{"not_picked":["Reinforced Body+1","Sweeping Beam"],"picked":"Cold Snap","floor":22},{"not_picked":["Rebound+1","Coolheaded"],"picked":"Echo Form","floor":24}],"player_experience":396864,"relics_obtained":[{"floor":6,"key":"Prayer Wheel"},{"floor":9,"key":"Bottled Flame"},{"floor":24,"key":"Potion Belt"},{"floor":26,"key":"Sundial"}],"event_choices":[{"damage_healed":0,"gold_gain":0,"player_choice":"Grow","damage_taken":0,"max_hp_gain":0,"max_hp_loss":0,"event_name":"Living Wall","floor":3,"gold_loss":0,"cards_upgraded":["Zap"]},{"damage_healed":0,"gold_gain":0,"player_choice":"Take Wound","damage_taken":0,"relics_obtained":["Golden Idol"],"max_hp_gain":0,"max_hp_loss":0,"event_name":"Golden Idol","floor":4,"gold_loss":0,"cards_obtained":["Injury"]},{"damage_healed":0,"gold_gain":0,"player_choice":"2 cards matched","damage_taken":0,"max_hp_gain":0,"max_hp_loss":0,"event_name":"Match and Keep!","floor":8,"gold_loss":0,"cards_obtained":["Force Field","Jack Of All Trades"]},{"damage_healed":0,"gold_gain":0,"player_choice":"Traded Relic","damage_taken":0,"relics_obtained":["Nloth\u0027s Gift"],"max_hp_gain":0,"max_hp_loss":0,"event_name":"N\u0027loth","floor":20,"relics_lost":["Golden Idol"],"gold_loss":0},{"damage_healed":0,"gold_gain":0,"player_choice":"Ignored","damage_taken":0,"max_hp_gain":0,"max_hp_loss":0,"event_name":"Ghosts","floor":25,"gold_loss":0},{"damage_healed":0,"gold_gain":0,"player_choice":"Obtain J.A.X.","damage_taken":0,"max_hp_gain":0,"max_hp_loss":0,"event_name":"Drug Dealer","floor":27,"gold_loss":0,"cards_obtained":["J.A.X."]}],"is_beta":false,"boss_relics":[{"not_picked":["White Beast Statue","Runic Dome"],"picked":"FrozenCore"}],"items_purged_floors":[19],"is_endless":false,"potions_floor_spawned":[6,10,12,14,16,18,21],"killed_by":"Snecko","ascension_level":3}