{"gold_per_floor":[114,132,151,151,21,21,34,48,72,72,72,89,105,137,137,233,233,251,261,10,30,41,75,75,85,136,136,136,136,136,53,53,157,207,227,245,262,272,26,26,26,26,26,26,45,45,45],"floor_reached":47,"playtime":6817,"items_purged":[],"score":551,"play_id":"6b9ff4d2-80e5-4d04-9067-83214ff7a4a5","local_time":"20190703113152","is_ascension_mode":false,"campfire_choices":[{"floor":6.0,"key":"REST"},{"data":"Buffer","floor":11,"key":"SMITH"},{"floor":15,"key":"REST"},{"floor":24,"key":"REST"},{"floor":27,"key":"REST"},{"floor":29,"key":"REST"},{"floor":32,"key":"REST"},{"floor":40,"key":"REST"},{"floor":44,"key":"REST"}],"neow_cost":"NONE","seed_source_timestamp":0,"circlet_count":0,"master_deck":["Strike_B","Strike_B","Strike_B","Defend_B","Defend_B","Defend_B","Defend_B","Zap","Dualcast","Trip","Streamline","Sweeping Beam","Streamline","Defragment","Coolheaded","Buffer+1","Gash","Leap","Darkness","Conserve Battery","Echo Form","Rebound+1","BootSequence","BootSequence","Leap","Streamline+1","Force Field","Static Discharge","Turbo","Rip and Tear","Seek","Lockon","Capacitor","Sweeping Beam","Conserve Battery+1","Conserve Battery","Capacitor","Chaos","Turbo","Genetic Algorithm","Strike_B"],"special_seed":0,"relics":["Cracked Core","Anchor","Juzu Bracelet","Bronze Scales","Runic Pyramid","Bottled Flame","Dodecahedron","Boot","Tiny House","Letter Opener"],"potions_floor_usage":[19,23,23,23,38,38,42,42],"damage_taken":[{"damage":12.0,"enemies":"2 Louse","floor":1.0,"turns":2.0},{"damage":5.0,"enemies":"Small Slimes","floor":2.0,"turns":3.0},{"damage":11.0,"enemies":"Jaw Worm","floor":3.0,"turns":2.0},{"damage":5.0,"enemies":"Blue Slaver","floor":7.0,"turns":3.0},{"damage":6,"enemies":"2 Fungi Beasts","floor":8,"turns":3},{"damage":7,"enemies":"Looter","floor":12,"turns":3},{"damage":3,"enemies":"Lots of Slimes","floor":13,"turns":3},{"damage":24,"enemies":"3 Sentries","floor":14,"turns":6},{"damage":0,"enemies":"Slime Boss","floor":16,"turns":9},{"damage":30,"enemies":"Spheric Guardian","floor":18,"turns":4},{"damage":9,"enemies":"3 Byrds","floor":19,"turns":4},{"damage":16,"enemies":"3 Cultists","floor":21,"turns":7},{"damage":0,"enemies":"Snecko","floor":22,"turns":5},{"damage":0,"enemies":"Book of Stabbing","floor":23,"turns":6},{"damage":28,"enemies":"Sentry and Sphere","floor":25,"turns":8},{"damage":2,"enemies":"Champ","floor":33,"turns":13},{"damage":38,"enemies":"3 Darklings","floor":35,"turns":11},{"damage":0,"enemies":"Orb Walker","floor":36,"turns":3},{"damage":23,"enemies":"Spire Growth","floor":37,"turns":8},{"damage":10,"enemies":"3 Darklings","floor":38,"turns":8},{"damage":11,"enemies":"Transient","floor":42,"turns":4},{"damage":47,"enemies":"Maw","floor":45,"turns":11},{"damage":10,"enemies":"Sphere and 2 Shapes","floor":47,"turns":3}],"seed_played":"-717251275347312237","potions_obtained":[{"floor":1.0,"key":"Poison Potion"},{"floor":7,"key":"Ancient Potion"},{"floor":12,"key":"AttackPotion"},{"floor":21,"key":"Weak Potion"},{"floor":33,"key":"Ancient Potion"},{"floor":34,"key":"EssenceOfSteel"},{"floor":35,"key":"SmokeBomb"},{"floor":38,"key":"Poison Potion"}],"is_trial":false,"path_per_floor":["M","M","M","?","$","R","M","M","T","?","R","M","M","E","R","B",null,"M","M","$","M","M","E","R","M","T","R","?","R","?","$","R","B",null,"M","M","M","M","$","R","?","M","T","R","M","?","M"],"character_chosen":"DEFECT","items_purchased":["Defragment","Coolheaded","Bottled Flame","Turbo","Rip and Tear","Capacitor","Sunder","Chaos","Turbo"],"campfire_rested":8,"item_purchase_floors":[5,5,20,31,31,39,39,39,39],"current_hp_per_floor":[63,58,47,44,44,66,61,55,55,55,55,48,45,21,43,43,75,45,36,36,20,20,20,42,14,14,36,36,58,44,44,68,66,85,47,47,24,14,14,39,39,28,28,53,6,6,0],"gold":45,"neow_bonus":"RANDOM_COLORLESS","is_prod":false,"is_daily":false,"chose_seed":false,"campfire_upgraded":1,"win_rate":0.0,"timestamp":1562164312,"path_taken":["M","M","M","?","$","R","M","M","T","?","R","M","M","E","R","BOSS","M","M","$","M","M","E","R","M","T","R","?","R","?","$","R","BOSS","M","M","M","M","$","R","?","M","T","R","M","?","M"],"build_version":"2019-07-01","purchased_purges":0,"victory":false,"max_hp_per_floor":[75,75,75,75,75,75,75,75,75,75,75,75,75,75,75,75,75,75,75,75,75,75,75,75,75,75,75,75,75,80,80,80,80,85,85,85,85,85,85,85,85,85,85,85,85,85,85],"card_choices":[{"not_picked":["Cold Snap","Ball Lightning"],"picked":"Streamline","floor":1.0},{"not_picked":["Recycle","Leap"],"picked":"Sweeping Beam","floor":2.0},{"not_picked":["Undo","Sweeping Beam"],"picked":"Streamline","floor":3.0},{"not_picked":["Coolheaded","Genetic Algorithm"],"picked":"Buffer","floor":7},{"not_picked":["Blizzard","Compile Driver"],"picked":"Gash","floor":8},{"not_picked":["Steam","Cold Snap"],"picked":"Leap","floor":12},{"not_picked":["Cold Snap","Consume"],"picked":"Darkness","floor":13},{"not_picked":["Aggregate","Ball Lightning"],"picked":"Conserve Battery","floor":14},{"not_picked":["All For One","Creative AI"],"picked":"Echo Form","floor":16},{"not_picked":["Steam","Ball Lightning"],"picked":"Rebound+1","floor":18},{"not_picked":["Skim","Turbo"],"picked":"BootSequence","floor":19},{"not_picked":["Turbo+1","Undo"],"picked":"BootSequence","floor":21},{"not_picked":["Steam","Loop"],"picked":"Leap","floor":22},{"not_picked":["Barrage","Cold Snap"],"picked":"Double Energy","floor":23},{"not_picked":["Steam Power","Sweeping Beam+1"],"picked":"Streamline","floor":25},{"not_picked":["All For One","Creative AI"],"picked":"Seek","floor":33},{"not_picked":["Steam+1","Go for the Eyes+1"],"picked":"Lockon","floor":34},{"not_picked":["Compile Driver+1","Ball Lightning+1"],"picked":"Capacitor","floor":35},{"not_picked":["Skim+1","Beam Cell"],"picked":"Sweeping Beam","floor":36},{"not_picked":["Sweeping Beam","Compile Driver+1"],"picked":"Conserve Battery+1","floor":37},{"not_picked":["Hologram","Steam Power"],"picked":"Conserve Battery","floor":38},{"not_picked":["Heatsinks","Scrape"],"picked":"Genetic Algorithm","floor":45}],"player_experience":61881,"relics_obtained":[{"floor":9,"key":"Juzu Bracelet"},{"floor":14,"key":"Bronze Scales"},{"floor":23,"key":"Dodecahedron"},{"floor":26,"key":"Boot"},{"floor":43,"key":"Letter Opener"}],"event_choices":[{"damage_healed":0.0,"max_hp_gain":0.0,"max_hp_loss":0.0,"gold_gain":0.0,"event_name":"Scrap Ooze","player_choice":"Success","floor":4.0,"gold_loss":0.0,"damage_taken":3.0,"relics_obtained":["Anchor"]},{"damage_healed":0,"gold_gain":0,"player_choice":"Ignored","damage_taken":0,"max_hp_gain":0,"max_hp_loss":0,"event_name":"Liars Game","floor":10,"gold_loss":0},{"damage_healed":0,"gold_gain":0,"cards_transformed":["Double Energy","Strike_B"],"player_choice":"Became Test Subject","damage_taken":0,"max_hp_gain":0,"max_hp_loss":0,"event_name":"Drug Dealer","floor":28,"gold_loss":0,"cards_obtained":["Force Field","Static Discharge"]},{"damage_healed":0,"gold_gain":0,"player_choice":"Shed Blood","damage_taken":19,"max_hp_gain":5,"max_hp_loss":0,"event_name":"Forgotten Altar","floor":30,"gold_loss":0},{"damage_healed":0,"gold_gain":0,"player_choice":"Ignored","damage_taken":0,"max_hp_gain":0,"max_hp_loss":0,"event_name":"Mysterious Sphere","floor":41,"gold_loss":0},{"cards_removed":["Sunder"],"damage_healed":0,"gold_gain":0,"player_choice":"Took Card","damage_taken":0,"max_hp_gain":0,"max_hp_loss":0,"event_name":"NoteForYourself","floor":46,"gold_loss":0,"cards_obtained":["Strike_B"]}],"is_beta":false,"boss_relics":[{"not_picked":["Velvet Choker","Fusion Hammer"],"picked":"Runic Pyramid"},{"not_picked":["Eternal Feather","Astrolabe"],"picked":"Tiny House"}],"items_purged_floors":[],"is_endless":false,"potions_floor_spawned":[1,7,12,14,18,21,33,35,38],"killed_by":"Sphere and 2 Shapes","ascension_level":0}