{"gold_per_floor":[113,125,7,20,35,68,68,84,84,84,84,100,143,159,159,159],"floor_reached":16,"playtime":1191,"items_purged":["Strike_R"],"score":228,"play_id":"9cec03e4-8240-4e3e-bfbb-3b1c208fefdd","local_time":"20190818211035","is_ascension_mode":true,"campfire_choices":[{"data":"Uppercut","floor":7.0,"key":"SMITH"},{"data":"Sword Boomerang","floor":10,"key":"SMITH"},{"floor":15,"key":"REST"}],"neow_cost":"NONE","seed_source_timestamp":677616484242171,"circlet_count":0,"master_deck":["AscendersBane","Strike_R","Strike_R","Strike_R","Defend_R","Defend_R","Defend_R","Defend_R","Bash","Offering","Disarm","Thunderclap","Blood for Blood","Anger","Uppercut+1","Power Through","Sword Boomerang+1","Flame Barrier","Pommel Strike","Twin Strike"],"special_seed":0,"relics":["Burning Blood","Art of War","Vajra","Golden Idol","Omamori"],"potions_floor_usage":[13],"damage_taken":[{"damage":11.0,"enemies":"2 Louse","floor":1.0,"turns":3.0},{"damage":4.0,"enemies":"Small Slimes","floor":2.0,"turns":6.0},{"damage":15.0,"enemies":"Jaw Worm","floor":4.0,"turns":4.0},{"damage":13.0,"enemies":"Exordium Thugs","floor":5.0,"turns":3.0},{"damage":4.0,"enemies":"Gremlin Nob","floor":6.0,"turns":3.0},{"damage":6.0,"enemies":"Exordium Wildlife","floor":8.0,"turns":4.0},{"damage":7,"enemies":"Lots of Slimes","floor":12,"turns":2},{"damage":28,"enemies":"3 Sentries","floor":13,"turns":6},{"damage":13,"enemies":"Blue Slaver","floor":14,"turns":2},{"damage":43,"enemies":"Slime Boss","floor":16,"turns":8}],"seed_played":"8182692172977804787","potions_obtained":[{"floor":1.0,"key":"Energy Potion"},{"floor":2.0,"key":"Strength Potion"},{"floor":6.0,"key":"Swift Potion"}],"is_trial":false,"path_per_floor":["M","M","$","M","M","E","R","M","T","R","?","M","E","M","R","B"],"character_chosen":"IRONCLAD","items_purchased":["Blood for Blood"],"campfire_rested":1,"item_purchase_floors":[3],"current_hp_per_floor":[63,65,65,56,49,51,51,51,51,51,51,50,28,21,41,0],"gold":159,"neow_bonus":"TRANSFORM_CARD","is_prod":false,"is_daily":false,"chose_seed":false,"campfire_upgraded":2,"win_rate":0,"timestamp":1566177035,"path_taken":["M","M","$","M","M","E","R","M","T","R","?","M","E","M","R","BOSS"],"build_version":"2019-01-23","purchased_purges":1,"victory":false,"max_hp_per_floor":[75,75,75,75,75,75,75,75,75,75,68,68,68,68,68,68],"card_choices":[{"not_picked":["Evolve","Uppercut"],"picked":"Disarm","floor":1.0},{"not_picked":["Cleave","Perfected Strike"],"picked":"Thunderclap","floor":2.0},{"not_picked":["Twin Strike","Bloodletting"],"picked":"Anger","floor":4.0},{"not_picked":["Anger","Infernal Blade"],"picked":"Uppercut","floor":5.0},{"not_picked":["Anger","Fiend Fire"],"picked":"Power Through","floor":6.0},{"not_picked":["Second Wind","Burning Pact"],"picked":"Sword Boomerang","floor":8.0},{"not_picked":["Iron Wave","Wild Strike"],"picked":"Flame Barrier","floor":12},{"not_picked":["Searing Blow","Clash"],"picked":"Pommel Strike","floor":13},{"not_picked":["Thunderclap","Headbutt"],"picked":"Twin Strike","floor":14}],"player_experience":2824996,"relics_obtained":[{"floor":6.0,"key":"Art of War"},{"floor":9.0,"key":"Vajra"},{"floor":13,"key":"Omamori"}],"event_choices":[{"damage_healed":0,"gold_gain":0,"player_choice":"Lose Max HP","damage_taken":0,"relics_obtained":["Golden Idol"],"max_hp_gain":0,"max_hp_loss":7,"event_name":"Golden Idol","floor":11,"gold_loss":0}],"is_beta":false,"boss_relics":[],"items_purged_floors":[3],"is_endless":false,"potions_floor_spawned":[1,2,6],"killed_by":"Slime Boss","ascension_level":20}