{"gold_per_floor":[119,130,55,67,67,67,93,103,103,103,103,130,130,130,130,227,227,246,246,170,110,130,130,148,158,158,158,168,1,35,51,51,156,156,175,175,191,43,56,87,87,114,114,148,148,167,199,212,212,212,212,212,22,57,57],"floor_reached":56,"playtime":7115,"items_purged":["Shame"],"score":1763,"play_id":"3179d14e-b6da-45eb-819c-445ce3a35272","local_time":"20190915154648","is_ascension_mode":true,"campfire_choices":[{"data":"Crescendo","floor":6,"key":"SMITH"},{"floor":10,"key":"REST"},{"data":"Ragnarok","floor":13,"key":"SMITH"},{"floor":15,"key":"DIG"},{"floor":23,"key":"DIG"},{"floor":27,"key":"DIG"},{"floor":32,"key":"DIG"},{"floor":41,"key":"DIG"},{"floor":45,"key":"DIG"},{"floor":49,"key":"RECALL"},{"floor":52,"key":"DIG"}],"neow_cost":"CURSE","seed_source_timestamp":4211413162293,"circlet_count":0,"master_deck":["AscendersBane","Defend_P+1","Defend_P+1","Defend_P+1","Eruption+1","Vigilance+1","Crescendo+1","FlyingSleeves+1","Protect+1","EmptyBody+1","Adaptation+1","Ragnarok+1","LessonLearned+1","Bite+1","Bite+1","Bite+1","Bite+1","Bite+1","SandsOfTime+1","CutThroughFate+1","Collect+1","Discovery+1","MentalFortress+1","SandsOfTime+1","Devotion+1","Protect+1","MentalFortress+1","Doubt","FearNoEvil+1","EmptyBody+1","Worship+1","SandsOfTime+1","Adaptation+1","SpiritShield"],"relics":["PureWater","Mango","Odd Mushroom","Singing Bowl","Shovel","Pantograph","Molten Egg 2","Snecko Eye","Art of War","Du-Vu Doll","Frozen Egg 2","CaptainsWheel","TungstenRod","Cursed Key","Lantern","PreservedInsect","Question Card","StrikeDummy","Girya","Blue Candle","Blood Vial","White Beast Statue","TeardropLocket"],"potions_floor_usage":[4,16,39,50,55],"damage_taken":[{"damage":26,"enemies":"Cultist","floor":1,"turns":7},{"damage":6,"enemies":"2 Louse","floor":2,"turns":2},{"damage":7,"enemies":"Jaw Worm","floor":4,"turns":3},{"damage":1,"enemies":"The Mushroom Lair","floor":7,"turns":4},{"damage":0,"enemies":"3 Louse","floor":8,"turns":3},{"damage":32,"enemies":"3 Sentries","floor":12,"turns":9},{"damage":38,"enemies":"Hexaghost","floor":16,"turns":9},{"damage":7,"enemies":"Shell Parasite","floor":18,"turns":8},{"damage":10,"enemies":"3 Byrds","floor":22,"turns":3},{"damage":14,"enemies":"Centurion and Healer","floor":24,"turns":5},{"damage":0,"enemies":"Snecko","floor":25,"turns":3},{"damage":0,"enemies":"3 Cultists","floor":28,"turns":2},{"damage":4,"enemies":"Book of Stabbing","floor":30,"turns":3},{"damage":0,"enemies":"Centurion and Healer","floor":31,"turns":7},{"damage":17,"enemies":"Champ","floor":33,"turns":11},{"damage":31,"enemies":"3 Darklings","floor":35,"turns":11},{"damage":5,"enemies":"3 Shapes","floor":37,"turns":3},{"damage":3,"enemies":"Transient","floor":39,"turns":5},{"damage":11,"enemies":"Nemesis","floor":40,"turns":5},{"damage":5,"enemies":"Giant Head","floor":42,"turns":4},{"damage":17,"enemies":"Reptomancer","floor":44,"turns":6},{"damage":0,"enemies":"4 Shapes","floor":46,"turns":2},{"damage":12,"enemies":"Giant Head","floor":47,"turns":5},{"damage":0,"enemies":"Sphere and 2 Shapes","floor":48,"turns":3},{"damage":40,"enemies":"Time Eater","floor":50,"turns":4},{"damage":2,"enemies":"Shield and Spear","floor":54,"turns":5},{"damage":47,"enemies":"The Heart","floor":55,"turns":8}],"seed_played":"3151697829942517621","potions_obtained":[{"floor":1,"key":"Strength Potion"},{"floor":2,"key":"Fruit Juice"},{"floor":4,"key":"Fire Potion"},{"floor":24,"key":"Poison Potion"},{"floor":28,"key":"FearPotion"},{"floor":31,"key":"AttackPotion"},{"floor":40,"key":"GamblersBrew"},{"floor":54,"key":"SpeedPotion"}],"is_trial":false,"path_per_floor":["M","M","$","M","?","R","?","M","T","R","$","E","R","T","R","B",null,"M","?","$","?","M","R","M","M","T","R","M","$","E","M","R","B",null,"M","?","M","$","M","E","R","E","T","E","R","M","E","M","R","B",null,"R","$","E","B",null],"character_chosen":"WATCHER","items_purchased":["SandsOfTime+1","Discovery","MentalFortress+1","Lantern","SandsOfTime+1","Adaptation+1","SpiritShield"],"campfire_rested":1,"item_purchase_floors":[20,29,29,38,53,53,53],"current_hp_per_floor":[47,41,41,39,22,22,21,21,21,46,46,14,14,14,14,1,63,58,58,58,58,50,50,53,64,64,64,64,64,65,66,66,68,68,68,68,68,68,70,68,68,70,70,69,69,70,70,72,72,38,64,64,64,74,36],"gold":57,"neow_bonus":"ONE_RARE_RELIC","is_prod":false,"is_daily":false,"chose_seed":false,"campfire_upgraded":2,"win_rate":0,"timestamp":1568519208,"path_taken":["M","M","$","M","?","R","?","M","T","R","$","E","R","?","R","BOSS","M","?","$","?","?","R","M","M","T","R","M","$","E","M","R","BOSS","M","?","M","$","?","E","R","E","T","E","R","M","E","M","R","BOSS","R","$","E","BOSS"],"build_version":"2019-09-12","purchased_purges":1,"victory":true,"max_hp_per_floor":[79,79,79,84,84,84,84,84,84,84,84,84,84,84,84,84,84,86,60,60,60,60,60,62,64,64,64,64,64,66,66,66,68,68,68,68,68,68,70,70,70,70,70,70,70,70,70,72,72,72,72,72,72,74,74],"card_choices":[{"not_picked":["Vengeance","JustLucky"],"picked":"Crescendo","floor":1},{"not_picked":["EmptyBody","Prostrate"],"picked":"FlyingSleeves","floor":2},{"not_picked":["ClearTheMind","CarveReality"],"picked":"Protect","floor":4},{"not_picked":["Crescendo","FlyingSleeves"],"picked":"EmptyBody","floor":7},{"not_picked":["JustLucky","Sanctity"],"picked":"Adaptation","floor":8},{"not_picked":["Omniscience","Judgement"],"picked":"Ragnarok","floor":12},{"not_picked":["Wallop+1","ReachHeaven+1"],"picked":"LessonLearned+1","floor":16},{"not_picked":["Fasting","FlurryOfBlows+1","Halt"],"picked":"Singing Bowl","floor":18},{"not_picked":["CleanseEvil","Halt+1"],"picked":"CutThroughFate+1","floor":22},{"not_picked":["CutThroughFate+1","Halt","CleanseEvil+1"],"picked":"Singing Bowl","floor":24},{"not_picked":["ClearTheMind+1","WindmillStrike+1","EmptyMind+1"],"picked":"Singing Bowl","floor":25},{"not_picked":["ClearTheMind","EmptyMind"],"picked":"Collect","floor":28},{"not_picked":["Weave+1","Halt","Omniscience"],"picked":"Singing Bowl","floor":30},{"not_picked":["Clarity","CrushJoints+1"],"picked":"SandsOfTime+1","floor":31},{"not_picked":["Unraveling","Pray","Brilliance"],"picked":"Singing Bowl","floor":33},{"not_picked":["Consecrate+1","MentalFortress+1"],"picked":"Devotion+1","floor":35},{"not_picked":["JustLucky+1","CutThroughFate+1","WaveOfTheHand+1"],"picked":"SKIP","floor":37},{"not_picked":["FollowUp+1","Collect","Weave+1"],"picked":"Singing Bowl","floor":39},{"not_picked":["Evaluate","Tantrum+1"],"picked":"Protect+1","floor":40},{"not_picked":["Halt","Crescendo","Consecrate+1"],"picked":"MentalFortress+1","floor":42},{"not_picked":["Blasphemy","EmptyFist+1","EmptyBody"],"picked":"FearNoEvil+1","floor":44},{"not_picked":["CutThroughFate+1","ForeignInfluence","EmptyFist+1"],"picked":"EmptyBody","floor":46},{"not_picked":["FollowUp+1","CarveReality+1","FearNoEvil+1"],"picked":"Worship","floor":47},{"not_picked":["EmptyBody+1","Conclude+1","EmptyFist+1","Collect"],"picked":"Singing Bowl","floor":48},{"not_picked":["Nirvana+1","Evaluate+1","StepAndStrike+1","Consecrate+1"],"picked":"Singing Bowl","floor":54}],"player_experience":1076037,"relics_obtained":[{"floor":7,"key":"Odd Mushroom"},{"floor":9,"key":"Singing Bowl"},{"floor":12,"key":"Shovel"},{"floor":14,"key":"Pantograph"},{"floor":15,"key":"Molten Egg 2"},{"floor":23,"key":"Art of War"},{"floor":26,"key":"Du-Vu Doll"},{"floor":27,"key":"Frozen Egg 2"},{"floor":30,"key":"CaptainsWheel"},{"floor":32,"key":"TungstenRod"},{"floor":40,"key":"PreservedInsect"},{"floor":41,"key":"Question Card"},{"floor":42,"key":"StrikeDummy"},{"floor":44,"key":"Girya"},{"floor":45,"key":"Blue Candle"},{"floor":47,"key":"Blood Vial"},{"floor":52,"key":"White Beast Statue"},{"floor":54,"key":"TeardropLocket"}],"event_choices":[{"damage_healed":0,"gold_gain":0,"player_choice":"Entered Light","damage_taken":17,"max_hp_gain":0,"max_hp_loss":0,"event_name":"Shining Light","floor":5,"gold_loss":0,"cards_upgraded":["Defend_P","Defend_P"]},{"damage_healed":0,"gold_gain":0,"player_choice":"Fought Mushrooms","damage_taken":0,"max_hp_gain":0,"max_hp_loss":0,"event_name":"Mushrooms","floor":7,"gold_loss":0},{"damage_healed":0,"gold_gain":0,"player_choice":"Became a vampire","damage_taken":0,"max_hp_gain":0,"max_hp_loss":26,"event_name":"Vampires","floor":19,"gold_loss":0,"cards_obtained":["Bite","Bite","Bite","Bite","Bite"]},{"cards_removed":["Defend_P"],"damage_healed":0,"gold_gain":0,"player_choice":"Single Remove","damage_taken":0,"max_hp_gain":0,"max_hp_loss":0,"event_name":"Designer","floor":21,"gold_loss":60},{"damage_healed":0,"gold_gain":0,"player_choice":"Ignored","damage_taken":0,"max_hp_gain":0,"max_hp_loss":0,"event_name":"SecretPortal","floor":36,"gold_loss":0}],"is_beta":true,"boss_relics":[{"not_picked":["Pandora\u0027s Box","SlaversCollar"],"picked":"Snecko Eye"},{"not_picked":["Philosopher\u0027s Stone","Runic Dome"],"picked":"Cursed Key"}],"items_purged_floors":[3],"is_endless":false,"potions_floor_spawned":[1,2,4,24,28,30,31,33,37,40,44,47,54],"ascension_level":11}