{"gold_per_floor":[114,129,144,159,174,174,174,189,264,279,294,309,324,339,339,469,469,484,499,514,529,544,544,544,47,47,62,87,117,132,147,147,247,247,262,277,292,15,30,30,45,60,60,75,75,90,90,105,105,105],"floor_reached":51,"playtime":5534,"items_purged":[],"score":781,"play_id":"8f4a6f12-8a51-44fc-bd8e-93e200c87e0d","local_time":"20181022001050","daily_mods":["Insanity","Vintage","Binary"],"is_ascension_mode":false,"campfire_choices":[{"floor":6,"key":"REST"},{"data":"Calculated Gamble","floor":15,"key":"SMITH"},{"data":"After Image","floor":23,"key":"SMITH"},{"data":"A Thousand Cuts","floor":32,"key":"SMITH"},{"data":"Infinite Blades","floor":40,"key":"SMITH"},{"data":"1","floor":45,"key":"LIFT"},{"data":"2","floor":47,"key":"LIFT"},{"data":"3","floor":49,"key":"LIFT"}],"neow_cost":"","seed_source_timestamp":0,"circlet_count":0,"master_deck":["Quick Slash","Caltrops","Deadly Poison","Deflect","Eviscerate","Deflect","Calculated Gamble+1","Footwork","Catalyst","Underhanded Strike","Cloak And Dagger","Calculated Gamble","Poisoned Stab","Burst","Heel Hook","Bane","Riddle With Holes+1","Terror+1","Noxious Fumes","Venomology+1","Concentrate","Dagger Spray","PiercingWail","Prepared","Dagger Throw","Caltrops","Outmaneuver","Deflect","Bullet Time","Deadly Poison","Escape Plan","Sucker Punch+1","Catalyst","Slice","Concentrate","Dagger Spray","Well Laid Plans","Malaise","A Thousand Cuts+1","Tactician","Dagger Throw","Flechettes","Outmaneuver","Storm of Steel","Endless Agony","A Thousand Cuts","Reflex","Bane","Dagger Throw","Bullet Time","After Image+1","Choke","Magnetism","Leg Sweep","Adrenaline","Crippling Poison","Accuracy","Accuracy","Infinite Blades+1","Panacea"],"special_seed":17826,"relics":["Ring of the Snake","Oddly Smooth Stone","Whetstone","Matryoshka","Centennial Puzzle","Omamori","Mercury Hourglass","Anchor","Ninja Scroll","Turnip","Bottled Lightning","Strawberry","Snake Skull","Question Card","Tiny Chest","White Beast Statue","Blue Candle","Paper Crane","Regal Pillow","Bottled Tornado","Letter Opener","Pear","Dream Catcher","The Courier","War Paint","Blood Vial","Kunai","Pantograph","Gremlin Horn","Singing Bowl","HoveringKite","Shuriken","Girya","Mummified Hand","Potion Belt","Toxic Egg 2","Bottled Flame","Happy Flower","Boot","Ancient Tea Set","Bag of Preparation"],"potions_floor_usage":[2,3,4,8,12,13,16,18,21,27,29,30,31,33,35,36,39,41,41,44,44,46,50,50,50,50,50],"damage_taken":[{"damage":0,"enemies":"2 Louse","floor":1,"turns":1},{"damage":0,"enemies":"Small Slimes","floor":2,"turns":3},{"damage":0,"enemies":"Jaw Worm","floor":3,"turns":2},{"damage":17,"enemies":"Exordium Thugs","floor":4,"turns":3},{"damage":1,"enemies":"Lots of Slimes","floor":5,"turns":4},{"damage":1,"enemies":"Gremlin Gang","floor":8,"turns":3},{"damage":0,"enemies":"3 Louse","floor":10,"turns":2},{"damage":0,"enemies":"Red Slaver","floor":11,"turns":2},{"damage":0,"enemies":"Lots of Slimes","floor":12,"turns":1},{"damage":0,"enemies":"Large Slime","floor":13,"turns":2},{"damage":0,"enemies":"2 Fungi Beasts","floor":14,"turns":2},{"damage":36,"enemies":"Hexaghost","floor":16,"turns":8},{"damage":0,"enemies":"Shell Parasite","floor":18,"turns":2},{"damage":0,"enemies":"3 Byrds","floor":19,"turns":3},{"damage":11,"enemies":"Snecko","floor":20,"turns":5},{"damage":5,"enemies":"Chosen and Byrds","floor":21,"turns":5},{"damage":9,"enemies":"Snake Plant","floor":22,"turns":4},{"damage":0,"enemies":"Cultist and Chosen","floor":27,"turns":3},{"damage":10,"enemies":"Slavers","floor":29,"turns":3},{"damage":18,"enemies":"Snecko","floor":30,"turns":4},{"damage":0,"enemies":"Sentry and Sphere","floor":31,"turns":3},{"damage":5,"enemies":"Collector","floor":33,"turns":7},{"damage":2,"enemies":"3 Darklings","floor":35,"turns":3},{"damage":8,"enemies":"Orb Walker","floor":36,"turns":4},{"damage":12,"enemies":"Sphere and 2 Shapes","floor":37,"turns":4},{"damage":4,"enemies":"Transient","floor":39,"turns":5},{"damage":12,"enemies":"Writhing Mass","floor":41,"turns":6},{"damage":1,"enemies":"4 Shapes","floor":42,"turns":3},{"damage":0,"enemies":"Jaw Worm Horde","floor":44,"turns":2},{"damage":12,"enemies":"Writhing Mass","floor":46,"turns":5},{"damage":8,"enemies":"Sphere and 2 Shapes","floor":48,"turns":3},{"damage":38,"enemies":"Donu and Deca","floor":50,"turns":5}],"seed_played":"4924547904289982387","potions_obtained":[{"floor":2,"key":"Weak Potion"},{"floor":5,"key":"Block Potion"},{"floor":8,"key":"Poison Potion"},{"floor":12,"key":"Regen Potion"},{"floor":14,"key":"Fire Potion"},{"floor":18,"key":"Regen Potion"},{"floor":21,"key":"Fire Potion"},{"floor":22,"key":"Explosive Potion"},{"floor":27,"key":"Regen Potion"},{"floor":29,"key":"Fruit Juice"},{"floor":30,"key":"Dexterity Potion"},{"floor":31,"key":"SteroidPotion"},{"floor":33,"key":"Dexterity Potion"},{"floor":35,"key":"PowerPotion"},{"floor":36,"key":"Regen Potion"},{"floor":37,"key":"GhostInAJar"},{"floor":39,"key":"Weak Potion"},{"floor":41,"key":"Fire Potion"},{"floor":42,"key":"AttackPotion"},{"floor":44,"key":"Ancient Potion"},{"floor":46,"key":"GamblersBrew"},{"floor":48,"key":"SkillPotion"}],"is_trial":false,"path_per_floor":["M","M","M","M","M","R","$","M","T","M","M","M","M","M","R","B",null,"M","M","M","M","M","R","?","$","T","M","T","E","M","M","R","B",null,"M","M","M","$","M","R","M","M","T","M","R","M","R","M","R","B"],"character_chosen":"THE_SILENT","items_purchased":["Choke","Pear","Magnetism","Crippling Poison","Accuracy","Accuracy","Infinite Blades","Panacea"],"campfire_rested":1,"item_purchase_floors":[25,25,25,38,38,38,38,38],"current_hp_per_floor":[70,70,70,53,52,70,70,69,69,69,69,76,76,76,76,45,77,77,77,66,74,65,65,65,75,75,75,75,72,68,70,70,87,92,90,84,74,74,72,72,71,72,72,74,74,64,64,58,58,59],"gold":105,"neow_bonus":"","is_prod":false,"is_daily":true,"chose_seed":false,"campfire_upgraded":4,"win_rate":0,"timestamp":1540181450,"path_taken":["M","M","M","M","M","R","$","M","T","M","M","M","M","M","R","BOSS","M","M","M","M","M","R","?","$","T","M","?","E","M","M","R","BOSS","M","M","M","$","?","R","M","M","T","M","R","M","R","M","R","BOSS"],"build_version":"2018-10-18","purchased_purges":0,"victory":true,"max_hp_per_floor":[70,70,70,70,70,70,70,70,70,70,70,77,77,77,77,77,77,77,77,77,77,77,77,77,87,87,87,87,92,92,92,92,92,92,92,92,92,92,92,92,92,92,92,92,92,92,92,92,92,92],"card_choices":[{"not_picked":["Malaise","Phantasmal Killer"],"picked":"After Image","floor":16},{"not_picked":["Choke","Backflip"],"picked":"Leg Sweep","floor":29},{"not_picked":["Malaise","Glass Knife"],"picked":"Adrenaline","floor":33}],"player_experience":1886924,"relics_obtained":[{"floor":1,"key":"Oddly Smooth Stone"},{"floor":2,"key":"Whetstone"},{"floor":3,"key":"Matryoshka"},{"floor":4,"key":"Centennial Puzzle"},{"floor":5,"key":"Omamori"},{"floor":8,"key":"Mercury Hourglass"},{"floor":9,"key":"Anchor"},{"floor":9,"key":"Ninja Scroll"},{"floor":10,"key":"Turnip"},{"floor":11,"key":"Bottled Lightning"},{"floor":12,"key":"Strawberry"},{"floor":13,"key":"Snake Skull"},{"floor":14,"key":"Question Card"},{"floor":16,"key":"Tiny Chest"},{"floor":18,"key":"Blue Candle"},{"floor":19,"key":"Paper Crane"},{"floor":20,"key":"Regal Pillow"},{"floor":21,"key":"Bottled Tornado"},{"floor":22,"key":"Letter Opener"},{"floor":26,"key":"Dream Catcher"},{"floor":26,"key":"The Courier"},{"floor":27,"key":"War Paint"},{"floor":28,"key":"Blood Vial"},{"floor":29,"key":"Kunai"},{"floor":30,"key":"Pantograph"},{"floor":31,"key":"Gremlin Horn"},{"floor":33,"key":"Singing Bowl"},{"floor":35,"key":"Shuriken"},{"floor":36,"key":"Girya"},{"floor":37,"key":"Mummified Hand"},{"floor":39,"key":"Potion Belt"},{"floor":41,"key":"Toxic Egg 2"},{"floor":42,"key":"Bottled Flame"},{"floor":43,"key":"Happy Flower"},{"floor":44,"key":"Boot"},{"floor":46,"key":"Ancient Tea Set"},{"floor":48,"key":"Bag of Preparation"}],"event_choices":[{"damage_healed":0,"gold_gain":0,"player_choice":"Ignored","damage_taken":0,"max_hp_gain":0,"max_hp_loss":0,"event_name":"Vampires","floor":24,"gold_loss":0}],"is_beta":false,"boss_relics":[{"not_picked":["Coffee Dripper","Pandora\u0027s Box"],"picked":"White Beast Statue"},{"not_picked":["Tiny House","Runic Dome"],"picked":"HoveringKite"}],"items_purged_floors":[],"is_endless":false,"potions_floor_spawned":[2,5,8,12,14,16,18,19,20,21,22,27,29,30,31,33,35,36,37,39,41,42,44,46,48],"ascension_level":0}