{"gold_per_floor":[114,129,129,129,144,174,174,204,254,281,323,350,392,419,431,543,555,582,594,621,197,212,242,242,272,322,352,367,382,397,427,427,527,527,542,217,217,17,32,62,62,77,102,132,147,147,177,192,192,192],"floor_reached":51,"playtime":4935,"items_purged":["Doubt","Decay"],"score":1024,"play_id":"c24d6e0e-5baf-4971-9b65-8b64942161bb","local_time":"20181014174018","daily_mods":["Draft","Green Cards","Elite Swarm"],"is_ascension_mode":false,"campfire_choices":[{"data":"Sunder","floor":7,"key":"SMITH"},{"data":"Fusion","floor":15,"key":"SMITH"},{"floor":24,"key":"REST"},{"floor":32,"key":"REST"},{"data":"Injury","floor":41,"key":"PURGE"},{"floor":46,"key":"REST"},{"data":"Adrenaline","floor":49,"key":"SMITH"}],"neow_cost":"","seed_source_timestamp":0,"circlet_count":0,"master_deck":["Scrape","Sunder+1","Rebound","Blade Dance","PiercingWail","Cold Snap","Slice","Blur","Blade Dance","Compile Driver","Ball Lightning","Self Repair","Turbo","Leap","Genetic Algorithm","Footwork","Fusion+1","Slice","Envenom","Adrenaline+1","Electrodynamics","Noxious Fumes","Glass Knife","Skewer","Echo Form","Beam Cell+1","Outmaneuver+1","Apotheosis","Sweeping Beam","PiercingWail+1","Malaise","Die Die Die","Corpse Explosion","Doom and Gloom","Hologram","Turbo","Doppelganger","Burst","Clumsy","Outmaneuver+1","Transmutation","Sadistic Nature","The Bomb","Madness","Fission","Sucker Punch+1","Regret","Corpse Explosion","Expertise+1","Bullet Time","Turbo+1"],"special_seed":17818,"relics":["Cracked Core","Ancient Tea Set","Singing Bowl","Regal Pillow","MawBank","DataDisk","Bottled Lightning","Cursed Key","Chemical X","Pen Nib","Blue Candle","Boot","Question Card","Strawberry","Calling Bell","PreservedInsect","Matryoshka","Peace Pipe","Cables","Dodecahedron","Bag of Preparation","Potion Belt","The Courier","Mummified Hand"],"potions_floor_usage":[12,13,16,16,18,20,27,33,40,40,48,50,50,50,50],"damage_taken":[{"damage":0,"enemies":"2 Louse","floor":1,"turns":2},{"damage":9,"enemies":"Jaw Worm","floor":2,"turns":2},{"damage":0,"enemies":"Small Slimes","floor":5,"turns":2},{"damage":7,"enemies":"3 Sentries","floor":6,"turns":5},{"damage":0,"enemies":"Lagavulin","floor":8,"turns":5},{"damage":0,"enemies":"2 Fungi Beasts","floor":10,"turns":3},{"damage":7,"enemies":"3 Sentries","floor":11,"turns":4},{"damage":0,"enemies":"Looter","floor":12,"turns":1},{"damage":2,"enemies":"Lagavulin","floor":13,"turns":5},{"damage":0,"enemies":"Exordium Thugs","floor":14,"turns":3},{"damage":0,"enemies":"Slime Boss","floor":16,"turns":5},{"damage":8,"enemies":"3 Byrds","floor":18,"turns":3},{"damage":0,"enemies":"Chosen","floor":20,"turns":4},{"damage":0,"enemies":"3 Cultists","floor":22,"turns":3},{"damage":23,"enemies":"Book of Stabbing","floor":23,"turns":4},{"damage":0,"enemies":"Gremlin Leader","floor":25,"turns":6},{"damage":18,"enemies":"Book of Stabbing","floor":27,"turns":5},{"damage":2,"enemies":"Snake Plant","floor":28,"turns":4},{"damage":19,"enemies":"Cultist and Chosen","floor":29,"turns":5},{"damage":4,"enemies":"Sentry and Sphere","floor":30,"turns":3},{"damage":14,"enemies":"Slavers","floor":31,"turns":2},{"damage":15,"enemies":"Collector","floor":33,"turns":6},{"damage":0,"enemies":"3 Shapes","floor":35,"turns":2},{"damage":0,"enemies":"Orb Walker","floor":39,"turns":2},{"damage":20,"enemies":"2 Orb Walkers","floor":40,"turns":3},{"damage":13,"enemies":"3 Darklings","floor":42,"turns":4},{"damage":7,"enemies":"Giant Head","floor":44,"turns":7},{"damage":26,"enemies":"Reptomancer","floor":45,"turns":4},{"damage":5,"enemies":"2 Orb Walkers","floor":47,"turns":2},{"damage":14,"enemies":"Maw","floor":48,"turns":7},{"damage":66,"enemies":"Donu and Deca","floor":50,"turns":6}],"seed_played":"8003308014887678719","potions_obtained":[{"floor":2,"key":"Explosive Potion"},{"floor":6,"key":"Strength Potion"},{"floor":11,"key":"Weak Potion"},{"floor":14,"key":"SpeedPotion"},{"floor":16,"key":"GamblersBrew"},{"floor":18,"key":"Block Potion"},{"floor":20,"key":"Ancient Potion"},{"floor":25,"key":"EssenceOfSteel"},{"floor":30,"key":"Swift Potion"},{"floor":31,"key":"SkillPotion"},{"floor":35,"key":"AttackPotion"},{"floor":44,"key":"Energy Potion"},{"floor":45,"key":"Dexterity Potion"},{"floor":47,"key":"Dexterity Potion"},{"floor":48,"key":"Fruit Juice"}],"is_trial":false,"path_per_floor":["M","M","?","?","M","E","R","E","T","M","E","M","E","M","R","B",null,"M","?","M","$","M","E","R","E","T","E","M","M","M","E","R","B",null,"M","$","?","$","M","E","R","M","T","E","M","R","E","M","R","B"],"character_chosen":"DEFECT","items_purchased":["Apotheosis","Chemical X","Sweeping Beam","Cables","Madness"],"campfire_rested":3,"item_purchase_floors":[21,21,21,36,38],"current_hp_per_floor":[75,73,61,66,66,66,66,66,66,66,59,59,64,71,71,71,80,72,72,80,80,80,57,80,80,80,62,74,62,58,51,87,72,87,87,87,77,77,79,69,69,56,56,63,44,85,80,78,78,12],"gold":192,"neow_bonus":"","is_prod":false,"is_daily":true,"chose_seed":false,"campfire_upgraded":3,"win_rate":0,"timestamp":1539553218,"path_taken":["M","M","?","?","M","E","R","E","T","M","E","M","E","M","R","BOSS","M","?","M","$","M","E","R","E","T","E","M","M","M","E","R","BOSS","M","$","?","$","M","E","R","M","T","E","M","R","E","M","R","BOSS"],"build_version":"2018-10-11","purchased_purges":2,"victory":true,"max_hp_per_floor":[75,75,75,80,80,80,80,80,80,80,80,80,80,80,80,80,80,80,80,80,80,80,80,80,80,80,80,80,80,80,87,87,87,87,87,87,87,87,89,89,89,89,89,89,89,89,89,94,94,94],"card_choices":[{"not_picked":["Dagger Throw","Slice"],"picked":"Scrape","floor":0},{"not_picked":["Quick Slash","White Noise"],"picked":"Sunder","floor":0},{"not_picked":["Blizzard","Caltrops"],"picked":"Rebound","floor":0},{"not_picked":["Outmaneuver","Loop"],"picked":"Blade Dance","floor":0},{"not_picked":["Redo","Reprogram"],"picked":"PiercingWail","floor":0},{"not_picked":["Compile Driver","Quick Slash"],"picked":"Cold Snap","floor":0},{"not_picked":["Steam","Barrage"],"picked":"Slice","floor":0},{"not_picked":["PiercingWail","Ball Lightning"],"picked":"Blur","floor":0},{"not_picked":["Bane","Heatsinks"],"picked":"Blade Dance","floor":0},{"not_picked":["Concentrate","White Noise"],"picked":"Compile Driver","floor":0},{"not_picked":["Aggregate","Outmaneuver"],"picked":"Ball Lightning","floor":0},{"not_picked":["Fusion","Streamline"],"picked":"Self Repair","floor":0},{"not_picked":["Coolheaded","Endless Agony"],"picked":"Turbo","floor":0},{"not_picked":["Backstab","Flying Knee"],"picked":"Leap","floor":0},{"not_picked":["Bane","Quick Slash"],"picked":"Genetic Algorithm","floor":0},{"not_picked":["Streamline","Outmaneuver"],"picked":"Footwork","floor":1},{"not_picked":["Dodge and Roll","Capacitor"],"picked":"Fusion","floor":2},{"not_picked":["Poisoned Stab","BootSequence"],"picked":"Slice","floor":5},{"not_picked":["Wraith Form v2","Burst"],"picked":"Envenom","floor":6},{"not_picked":["Creative AI","Doppelganger"],"picked":"Adrenaline","floor":8},{"not_picked":["Leap","Bane"],"picked":"Beam Cell","floor":10},{"not_picked":["Burst","Echo Form"],"picked":"Electrodynamics","floor":11},{"not_picked":["Slice","Dodge and Roll"],"picked":"Noxious Fumes","floor":12},{"not_picked":["Wraith Form v2","Meteor Strike"],"picked":"Glass Knife","floor":13},{"not_picked":["Slice","Outmaneuver"],"picked":"Skewer","floor":14},{"not_picked":["Amplify","A Thousand Cuts"],"picked":"Echo Form","floor":16},{"not_picked":["Streamline","Flying Knee"],"picked":"Beam Cell+1","floor":18},{"not_picked":["Caltrops","Chill"],"picked":"Outmaneuver+1","floor":20},{"not_picked":["BootSequence","Flying Knee"],"picked":"PiercingWail+1","floor":22},{"not_picked":["Venomology","Corpse Explosion"],"picked":"Malaise","floor":23},{"not_picked":["Burst","Glass Knife"],"picked":"Die Die Die","floor":25},{"not_picked":["Thunder Strike","Seek"],"picked":"Corpse Explosion","floor":27},{"not_picked":["Streamline","Redo","Backflip"],"picked":"Doom and Gloom","floor":28},{"not_picked":["Slice","Underhanded Strike","Blade Dance"],"picked":"Hologram","floor":29},{"not_picked":["Scrape","Backflip","Riddle With Holes+1"],"picked":"Turbo","floor":30},{"not_picked":["Phantasmal Killer","Echo Form","Night Terror"],"picked":"Doppelganger","floor":31},{"not_picked":["Night Terror","Grand Finale","Electrodynamics"],"picked":"Burst","floor":33},{"not_picked":["Hologram+1","Hello World","Glass Knife"],"picked":"Outmaneuver+1","floor":35},{"not_picked":["HandOfGreed","Thinking Ahead","Madness"],"picked":"Transmutation","floor":37},{"not_picked":["Secret Technique","Forethought","Blind"],"picked":"Sadistic Nature","floor":37},{"not_picked":["Violence","Mayhem","Panacea"],"picked":"The Bomb","floor":37},{"not_picked":["Bane","Dagger Throw+1","Barrage","Streamline"],"picked":"Singing Bowl","floor":39},{"not_picked":["Buffer","Thunder Strike","Burst"],"picked":"Fission","floor":40},{"not_picked":["Stack","Dagger Spray+1","Gash"],"picked":"Sucker Punch+1","floor":42},{"not_picked":["Echo Form","Tools of the Trade","Night Terror"],"picked":"Corpse Explosion","floor":44},{"not_picked":["Slice+1","Sweeping Beam+1","Gash+1"],"picked":"Expertise+1","floor":45},{"not_picked":["Rainbow","All For One","Biased Cognition"],"picked":"Bullet Time","floor":47},{"not_picked":["Steam","Coolheaded+1","Ball Lightning+1"],"picked":"Turbo+1","floor":48}],"player_experience":1862656,"relics_obtained":[{"floor":6,"key":"Singing Bowl"},{"floor":8,"key":"Regal Pillow"},{"floor":9,"key":"MawBank"},{"floor":11,"key":"DataDisk"},{"floor":13,"key":"Bottled Lightning"},{"floor":23,"key":"Pen Nib"},{"floor":25,"key":"Blue Candle"},{"floor":26,"key":"Boot"},{"floor":27,"key":"Question Card"},{"floor":31,"key":"Strawberry"},{"floor":34,"key":"PreservedInsect"},{"floor":34,"key":"Matryoshka"},{"floor":34,"key":"Peace Pipe"},{"floor":40,"key":"Dodecahedron"},{"floor":43,"key":"Bag of Preparation"},{"floor":43,"key":"Potion Belt"},{"floor":44,"key":"The Courier"},{"floor":47,"key":"Mummified Hand"}],"event_choices":[{"event_name":"Scrap Ooze","player_choice":"success","floor":3,"damage_taken":12},{"event_name":"Big Fish","player_choice":"Donut","floor":4,"damage_taken":0},{"event_name":"Back to Basics","player_choice":"Elegance","floor":19,"damage_taken":0},{"event_name":"SensoryStone","player_choice":"Memory 3","floor":37,"damage_taken":0}],"is_beta":false,"boss_relics":[{"not_picked":["Eternal Feather","Fusion Hammer"],"picked":"Cursed Key"},{"not_picked":["White Beast Statue","Lizard Tail"],"picked":"Calling Bell"}],"items_purged_floors":[36,38],"is_endless":false,"potions_floor_spawned":[2,6,11,14,16,18,20,25,30,31,35,44,45,47,48],"ascension_level":0}