{"gold_per_floor":[112,123,142,160,160,160,175,193,193,223,223,256,275,275,275,378,378,388,142,157,170,134,134,147,147,147,147,159,190,90,109,109,212,212,230,330,341,353,371,371],"floor_reached":40,"playtime":4713,"items_purged":["Strike_G","Strike_G"],"score":439,"play_id":"bcbdccb4-27a2-4237-869a-c61367ee9a79","local_time":"20181225001907","is_ascension_mode":false,"campfire_choices":[{"data":"Neutralize","floor":6.0,"key":"SMITH"},{"floor":11.0,"key":"REST"},{"data":"Accuracy","floor":15.0,"key":"SMITH"},{"floor":23.0,"key":"REST"},{"floor":27.0,"key":"RECALL"},{"floor":32.0,"key":"REST"}],"neow_cost":"NONE","seed_source_timestamp":1137843452394639,"circlet_count":0,"master_deck":["Defend_G","Defend_G","Defend_G","Defend_G","Defend_G","Strike_G+1","Strike_G","Strike_G","Survivor","Neutralize+1","Storm of Steel","Infinite Blades","Dagger Spray","Blade Dance","Masterful Stab+1","Predator","Accuracy+1","Backflip","Choke","Wraith Form v2","Bouncing Flask+1","Blur+1","Blade Dance+1","Bane","Infinite Blades","Bullet Time+1","Prepared+1","Cloak And Dagger+1","Expertise+1","Deflect+1","Bouncing Flask+1","Doppelganger+1","Leg Sweep+1","Accuracy","Finisher","Envenom","PiercingWail+1","Acrobatics+1"],"special_seed":0,"relics":["Ring of the Snake","Pear","Tiny Chest","Whetstone","Toxic Egg 2","Orrery","The Specimen","Philosopher\u0027s Stone","Du-Vu Doll"],"potions_floor_usage":[33,33,40],"damage_taken":[{"damage":0.0,"enemies":"2 Louse","floor":1.0,"turns":3.0},{"damage":10.0,"enemies":"Jaw Worm","floor":2.0,"turns":5.0},{"damage":0.0,"enemies":"Small Slimes","floor":3.0,"turns":4.0},{"damage":8.0,"enemies":"Red Slaver","floor":4.0,"turns":4.0},{"damage":1.0,"enemies":"3 Louse","floor":7.0,"turns":3.0},{"damage":7.0,"enemies":"Looter","floor":8.0,"turns":3.0},{"damage":21.0,"enemies":"Lagavulin","floor":12.0,"turns":7.0},{"damage":1.0,"enemies":"2 Fungi Beasts","floor":13.0,"turns":4.0},{"damage":12.0,"enemies":"Slime Boss","floor":16.0,"turns":7.0},{"damage":13.0,"enemies":"Chosen","floor":18.0,"turns":6.0},{"damage":0.0,"enemies":"3 Byrds","floor":20.0,"turns":2.0},{"damage":42.0,"enemies":"Shelled Parasite and Fungi","floor":21.0,"turns":5.0},{"damage":0.0,"enemies":"Chosen and Byrds","floor":24.0,"turns":3.0},{"damage":9.0,"enemies":"3 Cultists","floor":28.0,"turns":4.0},{"damage":17.0,"enemies":"Slavers","floor":29.0,"turns":5.0},{"damage":0.0,"enemies":"Snecko","floor":31.0,"turns":3.0},{"damage":52,"enemies":"Collector","floor":33,"turns":11},{"damage":27,"enemies":"3 Darklings","floor":35,"turns":7},{"damage":0,"enemies":"Mind Bloom Boss Battle","floor":36,"turns":6},{"damage":5,"enemies":"3 Shapes","floor":37,"turns":6},{"damage":3,"enemies":"Maw","floor":38,"turns":7},{"damage":0,"enemies":"Transient","floor":39,"turns":5},{"damage":55,"enemies":"Nemesis","floor":40,"turns":6}],"seed_played":"-5326131600510348221","potions_obtained":[{"floor":3.0,"key":"Poison Potion"},{"floor":4.0,"key":"Fire Potion"},{"floor":7.0,"key":"GhostInAJar"},{"floor":16.0,"key":"Energy Potion"},{"floor":20.0,"key":"Fire Potion"},{"floor":24.0,"key":"Dexterity Potion"},{"floor":31.0,"key":"FearPotion"},{"floor":38,"key":"Weak Potion"}],"is_trial":false,"path_per_floor":["M","M","M","M","?","R","M","M","T","?","R","E","M","T","R","B",null,"M","$","M","M","$","R","M","?","T","R","M","E","$","M","R","B",null,"M","?","M","M","M","E"],"character_chosen":"THE_SILENT","items_purchased":["Impatience+1","Prepared+1","Cloak And Dagger+1","Bouncing Flask+1"],"campfire_rested":3,"item_purchase_floors":[19,19,19,22],"current_hp_per_floor":[70,60,60,52,52,52,51,44,54,42,66,45,44,44,44,32,80,67,67,67,25,25,49,49,80,80,80,71,54,54,54,78,26,80,53,53,48,45,45,0],"gold":371,"neow_bonus":"ONE_RANDOM_RARE_CARD","is_prod":false,"is_daily":false,"chose_seed":false,"campfire_upgraded":2,"win_rate":0,"timestamp":1545715147,"path_taken":["M","M","M","M","?","R","M","M","T","?","R","E","M","?","R","BOSS","M","$","M","M","$","R","M","?","T","R","?","E","$","M","R","BOSS","M","?","M","M","M","E"],"build_version":"2018-12-20","purchased_purges":2,"victory":false,"max_hp_per_floor":[70,70,70,70,70,70,70,70,80,80,80,80,80,80,80,80,80,80,80,80,80,80,80,80,80,80,80,80,80,80,80,80,80,80,80,80,80,80,80,80],"card_choices":[{"not_picked":["Acrobatics","Sucker Punch"],"picked":"Infinite Blades","floor":1.0},{"not_picked":["Backstab","Tactician"],"picked":"Dagger Spray","floor":2.0},{"not_picked":["Deflect","Escape Plan"],"picked":"Blade Dance","floor":3.0},{"not_picked":["Blade Dance","Outmaneuver"],"picked":"Masterful Stab","floor":4.0},{"not_picked":["Storm of Steel","Caltrops"],"picked":"Predator","floor":7.0},{"not_picked":["Blade Dance","Deadly Poison"],"picked":"Accuracy","floor":8.0},{"not_picked":["All Out Attack","Sucker Punch"],"picked":"Backflip","floor":12.0},{"not_picked":["Eviscerate","Footwork"],"picked":"Choke","floor":13.0},{"not_picked":["Grand Finale","Burst+1"],"picked":"Wraith Form v2","floor":16.0},{"not_picked":["Cloak And Dagger+1","Deflect+1"],"picked":"Bouncing Flask+1","floor":17.0},{"not_picked":["Acrobatics+1","Deadly Poison+1"],"picked":"Blur+1","floor":17.0},{"not_picked":["Underhanded Strike","Deadly Poison+1"],"picked":"Blade Dance+1","floor":17.0},{"not_picked":["Footwork","Endless Agony"],"picked":"Bane","floor":17.0},{"not_picked":["Expertise+1","Heel Hook"],"picked":"Infinite Blades","floor":17.0},{"not_picked":["Dodge and Roll+1","Acrobatics+1"],"picked":"Bullet Time+1","floor":18.0},{"not_picked":["Quick Slash+1","Flying Knee"],"picked":"Expertise+1","floor":20.0},{"not_picked":["Setup+1","Dagger Spray"],"picked":"Deflect+1","floor":21.0},{"not_picked":["Sucker Punch","Cloak And Dagger+1"],"picked":"Doppelganger+1","floor":24.0},{"not_picked":["Quick Slash","Flying Knee"],"picked":"Leg Sweep+1","floor":28.0},{"not_picked":["Crippling Poison+1","Concentrate+1"],"picked":"Accuracy","floor":29.0},{"not_picked":["Deadly Poison+1","Outmaneuver+1"],"picked":"Finisher","floor":31.0},{"not_picked":["Storm of Steel+1","Malaise+1"],"picked":"Envenom","floor":33},{"not_picked":["Dagger Throw","Deflect+1"],"picked":"PiercingWail+1","floor":35},{"not_picked":["Deflect+1","Deadly Poison+1"],"picked":"Acrobatics+1","floor":36},{"not_picked":["Sucker Punch","Outmaneuver+1","Slice"],"picked":"SKIP","floor":37},{"not_picked":["Masterful Stab","Flying Knee+1","Dash"],"picked":"SKIP","floor":38},{"not_picked":["Crippling Poison+1","Quick Slash","Dodge and Roll+1"],"picked":"SKIP","floor":39}],"player_experience":2115801,"relics_obtained":[{"floor":9.0,"key":"Pear"},{"floor":12.0,"key":"Whetstone"},{"floor":14.0,"key":"Toxic Egg 2"},{"floor":29.0,"key":"The Specimen"},{"floor":36,"key":"Du-Vu Doll"}],"event_choices":[{"damage_healed":0.0,"max_hp_gain":0.0,"max_hp_loss":0.0,"gold_gain":0.0,"event_name":"Liars Game","player_choice":"Ignored","floor":5.0,"gold_loss":0.0,"damage_taken":0.0},{"damage_healed":0.0,"max_hp_gain":0.0,"max_hp_loss":0.0,"gold_gain":0.0,"event_name":"Scrap Ooze","player_choice":"Success","floor":10.0,"gold_loss":0.0,"damage_taken":12.0,"relics_obtained":["Tiny Chest"]},{"cards_removed":["Impatience"],"damage_healed":31.0,"max_hp_gain":0.0,"max_hp_loss":0.0,"gold_gain":0.0,"event_name":"Bonfire Elementals","player_choice":"Offered Uncommon","floor":25.0,"gold_loss":0.0,"damage_taken":0.0},{"damage_healed":0,"gold_gain":0,"player_choice":"Fight","damage_taken":0,"max_hp_gain":0,"max_hp_loss":0,"event_name":"MindBloom","floor":36,"gold_loss":0}],"is_beta":false,"boss_relics":[{"not_picked":["Empty Cage","Lizard Tail"],"picked":"Orrery"},{"not_picked":["Tiny House","HoveringKite"],"picked":"Philosopher\u0027s Stone"}],"items_purged_floors":[19,30],"is_endless":false,"potions_floor_spawned":[3,4,7,16,20,24,31,38],"killed_by":"Nemesis","ascension_level":0}