{"gold_per_floor":[209,220,234,159,159,159,185,197,244,244,244,269,287,300,300,379,379,390,390,10,20,32,32,60,60,60,60,74,90,90,120,120,199,199,212,262,262,274,290,290,301,311,311,324,324,57,57,77,77,77],"floor_reached":50,"playtime":5269,"items_purged":[],"score":1017,"play_id":"7be0807d-1f8e-4a09-8bdc-0ba15ae9839b","local_time":"20190825221845","is_ascension_mode":true,"campfire_choices":[{"data":"Clothesline","floor":6.0,"key":"SMITH"},{"floor":11.0,"key":"REST"},{"floor":15.0,"key":"REST"},{"data":"Shockwave","floor":23.0,"key":"SMITH"},{"floor":25.0,"key":"REST"},{"floor":30.0,"key":"REST"},{"floor":32.0,"key":"REST"},{"floor":40.0,"key":"DIG"},{"floor":45.0,"key":"DIG"},{"floor":49.0,"key":"REST"}],"neow_cost":"NONE","seed_source_timestamp":773258480661054,"circlet_count":0,"master_deck":["AscendersBane","Strike_R+1","Defend_R+1","Defend_R+1","Defend_R+1","Defend_R+1","Bash","Cleave","Twin Strike","Clothesline+1","Shockwave+1","Pommel Strike+1","Ghostly Armor","Anger","Thunderclap","Reaper+1","Twin Strike","Panache","Spot Weakness","Dark Shackles","Pommel Strike+1","Ghostly Armor","Iron Wave+1","Battle Trance","Dropkick","Limit Break","Body Slam+1","Dual Wield+1","Seeing Red","Body Slam+1","Armaments+1","Madness","Madness","Parasite","Limit Break"],"special_seed":0,"relics":["Burning Blood","Shuriken","Bronze Scales","Bag of Preparation","Sozu","Paper Frog","Self Forming Clay","Art of War","Lizard Tail","Shovel","Letter Opener","Dodecahedron","Whetstone","Kunai"],"potions_floor_usage":[],"damage_taken":[{"damage":1.0,"enemies":"2 Louse","floor":1.0,"turns":3.0},{"damage":7.0,"enemies":"Small Slimes","floor":2.0,"turns":4.0},{"damage":7.0,"enemies":"Jaw Worm","floor":3.0,"turns":3.0},{"damage":45.0,"enemies":"3 Sentries","floor":7.0,"turns":9.0},{"damage":4.0,"enemies":"Exordium Wildlife","floor":8.0,"turns":4.0},{"damage":30.0,"enemies":"Lagavulin","floor":12.0,"turns":8.0},{"damage":8.0,"enemies":"Large Slime","floor":13.0,"turns":7.0},{"damage":0.0,"enemies":"Red Slaver","floor":14.0,"turns":4.0},{"damage":24.0,"enemies":"Slime Boss","floor":16.0,"turns":11.0},{"damage":24.0,"enemies":"2 Thieves","floor":18.0,"turns":4.0},{"damage":9.0,"enemies":"Chosen","floor":21.0,"turns":3.0},{"damage":2.0,"enemies":"Snake Plant","floor":22.0,"turns":4.0},{"damage":34.0,"enemies":"Slavers","floor":24.0,"turns":6.0},{"damage":18.0,"enemies":"Snecko","floor":28.0,"turns":4.0},{"damage":11.0,"enemies":"Sentry and Sphere","floor":29.0,"turns":6.0},{"damage":20.0,"enemies":"Book of Stabbing","floor":31.0,"turns":6.0},{"damage":54.0,"enemies":"Collector","floor":33.0,"turns":6.0},{"damage":13.0,"enemies":"3 Shapes","floor":35.0,"turns":15.0},{"damage":37.0,"enemies":"2 Orb Walkers","floor":36.0,"turns":4.0},{"damage":11.0,"enemies":"3 Darklings","floor":38.0,"turns":5.0},{"damage":36.0,"enemies":"Jaw Worm Horde","floor":39.0,"turns":4.0},{"damage":40.0,"enemies":"Spire Growth","floor":41.0,"turns":5.0},{"damage":15.0,"enemies":"Maw","floor":42.0,"turns":8.0},{"damage":20.0,"enemies":"4 Shapes","floor":44.0,"turns":4.0},{"damage":9.0,"enemies":"Writhing Mass","floor":48.0,"turns":5.0},{"damage":73,"enemies":"Donu and Deca","floor":50,"turns":5}],"seed_played":"-5522333584273536893","potions_obtained":[{"floor":3.0,"key":"GamblersBrew"},{"floor":8.0,"key":"Explosive Potion"},{"floor":13.0,"key":"Regen Potion"}],"is_trial":false,"path_per_floor":["M","M","M","?","?","R","E","M","T","?","R","E","M","M","R","B",null,"M","?","$","M","M","R","E","R","T","?","M","M","R","E","R","B",null,"M","?","?","M","M","R","M","M","T","M","R","$","?","M","R","B"],"character_chosen":"IRONCLAD","items_purchased":["Panache","Spot Weakness","Dark Shackles","Kunai"],"campfire_rested":6,"item_purchase_floors":[20,20,20,46],"current_hp_per_floor":[73,72,71,71,71,71,32,34,34,27,49,25,23,29,51,48,68,57,57,57,54,64,64,36,58,58,37,32,27,51,44,68,34,69,62,45,45,68,52,52,18,9,9,40,40,40,26,34,58,0],"gold":77,"neow_bonus":"HUNDRED_GOLD","is_prod":false,"is_daily":false,"chose_seed":false,"campfire_upgraded":2,"win_rate":0,"timestamp":1566785925,"path_taken":["M","M","M","?","?","R","E","M","T","?","R","E","M","M","R","BOSS","M","?","$","M","M","R","E","R","T","?","M","M","R","E","R","BOSS","M","?","?","?","M","R","M","M","T","?","R","$","?","M","R","BOSS"],"build_version":"2019-01-23","purchased_purges":0,"victory":false,"max_hp_per_floor":[75,75,75,75,75,75,75,75,75,75,75,75,75,75,75,75,75,75,75,75,75,75,75,75,75,75,80,80,80,80,80,80,80,80,80,80,80,80,80,80,80,80,80,80,80,80,80,80,80,80],"card_choices":[{"not_picked":["Sword Boomerang","Battle Trance"],"picked":"Cleave","floor":1.0},{"not_picked":["Havoc","Clash"],"picked":"Twin Strike","floor":2.0},{"not_picked":["Heavy Blade","Perfected Strike"],"picked":"Clothesline","floor":3.0},{"not_picked":["Clothesline","Offering"],"picked":"Shockwave","floor":7.0},{"not_picked":["Cleave","Sword Boomerang"],"picked":"Pommel Strike","floor":8.0},{"not_picked":["Cleave","Perfected Strike"],"picked":"Ghostly Armor","floor":12.0},{"not_picked":["Rage","Feel No Pain"],"picked":"Anger","floor":13.0},{"not_picked":["Shrug It Off","Headbutt"],"picked":"Thunderclap","floor":14.0},{"not_picked":["Brutality","Immolate"],"picked":"Reaper","floor":16.0},{"not_picked":["Uppercut","Clothesline"],"picked":"Twin Strike","floor":18.0},{"not_picked":["Iron Wave","Wild Strike"],"picked":"Pommel Strike+1","floor":21.0},{"not_picked":["Warcry","Evolve"],"picked":"Ghostly Armor","floor":22.0},{"not_picked":["Searing Blow","Headbutt","Juggernaut"],"picked":"SKIP","floor":24.0},{"not_picked":["Flame Barrier","Ghostly Armor"],"picked":"Iron Wave+1","floor":28.0},{"not_picked":["Armaments","Iron Wave"],"picked":"Battle Trance","floor":29.0},{"not_picked":["Sever Soul","Bloodletting"],"picked":"Dropkick","floor":31.0},{"not_picked":["Exhume","Barricade"],"picked":"Limit Break","floor":33.0},{"not_picked":["Searing Blow+1","Iron Wave"],"picked":"Body Slam+1","floor":35.0},{"not_picked":["Heavy Blade","Warcry"],"picked":"Dual Wield+1","floor":36.0},{"not_picked":["Metallicize+1","Shrug It Off"],"picked":"Body Slam+1","floor":38.0},{"not_picked":["Clothesline","Dual Wield","True Grit"],"picked":"SKIP","floor":39.0},{"not_picked":["Feel No Pain","Immolate"],"picked":"Armaments+1","floor":41.0},{"not_picked":["Cleave","Combust","Sentinel+1"],"picked":"SKIP","floor":42.0},{"not_picked":["Sword Boomerang","Clothesline+1","Havoc+1"],"picked":"SKIP","floor":44.0},{"not_picked":["Dropkick+1","Hemokinesis"],"picked":"Limit Break","floor":48.0}],"player_experience":2849263,"relics_obtained":[{"floor":7.0,"key":"Shuriken"},{"floor":9.0,"key":"Bronze Scales"},{"floor":12.0,"key":"Bag of Preparation"},{"floor":24.0,"key":"Paper Frog"},{"floor":26.0,"key":"Self Forming Clay"},{"floor":31.0,"key":"Art of War"},{"floor":36.0,"key":"Shovel"},{"floor":40.0,"key":"Letter Opener"},{"floor":43.0,"key":"Dodecahedron"},{"floor":45.0,"key":"Whetstone"}],"event_choices":[{"cards_removed":["Strike_R"],"damage_healed":0.0,"max_hp_gain":0.0,"max_hp_loss":0.0,"gold_gain":0.0,"event_name":"The Cleric","player_choice":"Card Removal","floor":4.0,"gold_loss":75.0,"damage_taken":0.0},{"cards_removed":["Strike_R"],"damage_healed":0.0,"max_hp_gain":0.0,"max_hp_loss":0.0,"gold_gain":0.0,"event_name":"Living Wall","player_choice":"Forget","floor":5.0,"gold_loss":0.0,"damage_taken":0.0},{"cards_removed":["Strike_R"],"damage_healed":0.0,"max_hp_gain":0.0,"max_hp_loss":0.0,"gold_gain":0.0,"event_name":"Golden Wing","player_choice":"Card Removal","floor":10.0,"gold_loss":0.0,"damage_taken":7.0},{"damage_healed":0.0,"max_hp_gain":0.0,"max_hp_loss":0.0,"gold_gain":0.0,"event_name":"Back to Basics","player_choice":"Simplicity","floor":19.0,"gold_loss":0.0,"damage_taken":0.0,"cards_upgraded":["Strike_R","Strike_R","Defend_R","Defend_R","Defend_R","Defend_R"]},{"damage_healed":0.0,"max_hp_gain":5.0,"max_hp_loss":0.0,"gold_gain":0.0,"event_name":"Forgotten Altar","player_choice":"Shed Blood","floor":27.0,"gold_loss":0.0,"damage_taken":26.0},{"damage_healed":0.0,"max_hp_gain":0.0,"max_hp_loss":0.0,"gold_gain":0.0,"event_name":"Mysterious Sphere","player_choice":"Fight","floor":36.0,"gold_loss":0.0,"damage_taken":0.0},{"damage_healed":0.0,"max_hp_gain":0.0,"max_hp_loss":0.0,"gold_gain":0.0,"cards_transformed":["Strike_R"],"event_name":"Transmorgrifier","player_choice":"Transformed","floor":37.0,"gold_loss":0.0,"damage_taken":0.0,"cards_obtained":["Seeing Red"]},{"damage_healed":0.0,"max_hp_gain":0.0,"max_hp_loss":0.0,"gold_gain":0.0,"event_name":"Winding Halls","player_choice":"Embrace Madness","floor":47.0,"gold_loss":0.0,"damage_taken":14.0,"cards_obtained":["Madness","Madness"]}],"is_beta":false,"boss_relics":[{"not_picked":["Eternal Feather","Busted Crown"],"picked":"Sozu"},{"not_picked":["Philosopher\u0027s Stone","Empty Cage"],"picked":"Lizard Tail"}],"items_purged_floors":[],"is_endless":false,"potions_floor_spawned":[3,8,13,22,24,36,42,44],"killed_by":"Donu and Deca","ascension_level":20}