{"gold_per_floor":[117,117,132,132,16,16,16,16,16,36,68,68,68,99,99,99],"floor_reached":16,"playtime":1190,"items_purged":[],"score":138,"play_id":"57d5ca3e-8581-4df8-8cc7-2d46d5b508c7","local_time":"20180824190614","is_ascension_mode":true,"campfire_choices":[{"floor":6,"key":"REST"},{"floor":8,"key":"REST"},{"floor":12,"key":"REST"},{"floor":15,"key":"REST"}],"neow_cost":"NONE","seed_source_timestamp":206063742578188,"circlet_count":0,"master_deck":["Defend_G","Defend_G","Defend_G","Defend_G+1","Strike_G","Strike_G","Strike_G","Strike_G","Survivor","Neutralize","Grand Finale","Sucker Punch+1","All Out Attack","Well Laid Plans","Riddle With Holes","Poisoned Stab","Blur","Backflip"],"relics":["Ring of the Snake","Singing Bowl","Ornamental Fan","Happy Flower","Blood Vial"],"potions_floor_usage":[16,16],"damage_taken":[{"damage":0,"enemies":"2 Louse","floor":1,"turns":3},{"damage":0,"enemies":"Small Slimes","floor":3,"turns":4},{"damage":0,"enemies":"Cultist","floor":10,"turns":4},{"damage":24,"enemies":"Gremlin Nob","floor":11,"turns":4},{"damage":7,"enemies":"Lagavulin","floor":14,"turns":6},{"damage":71,"enemies":"Hexaghost","floor":16,"turns":17}],"seed_played":"3682499971416463592","potions_obtained":[{"floor":3,"key":"GamblersBrew"},{"floor":14,"key":"SpeedPotion"}],"is_trial":false,"path_per_floor":["M","?","M","?","$","R","?","R","T","M","E","R","?","E","R"],"character_chosen":"THE_SILENT","items_purchased":["Well Laid Plans","Riddle With Holes"],"campfire_rested":4,"item_purchase_floors":[5,5],"current_hp_per_floor":[63,49,49,37,37,58,58,70,70,70,46,67,60,53,70,0],"gold":99,"neow_bonus":"TRANSFORM_CARD","is_prod":false,"is_daily":false,"chose_seed":false,"campfire_upgraded":0,"win_rate":0,"timestamp":1535130374,"path_taken":["M","?","M","?","$","R","?","R","T","M","E","R","?","E","R","BOSS"],"build_version":"2018-08-16","purchased_purges":0,"victory":false,"max_hp_per_floor":[70,70,70,70,70,70,70,70,70,70,70,70,70,70,70,70],"card_choices":[{"not_picked":["Blade Dance","Slice"],"picked":"Sucker Punch","floor":1},{"not_picked":["Setup","Cloak And Dagger"],"picked":"All Out Attack","floor":3},{"not_picked":["Acrobatics","Quick Slash"],"picked":"Poisoned Stab","floor":10},{"not_picked":["Endless Agony","Flying Knee"],"picked":"Blur","floor":11},{"not_picked":["Prepared","Dagger Spray"],"picked":"Backflip","floor":14}],"player_experience":1564044,"relics_obtained":[{"floor":9,"key":"Ornamental Fan"},{"floor":11,"key":"Happy Flower"},{"floor":14,"key":"Blood Vial"}],"event_choices":[{"event_name":"Shining Light","player_choice":"Entered Light","floor":2,"damage_taken":0},{"event_name":"Scrap Ooze","player_choice":"success","floor":4,"damage_taken":12},{"event_name":"The Cleric","player_choice":"Leave","floor":7,"damage_taken":0},{"event_name":"Golden Wing","player_choice":"Card Removal","floor":13,"damage_taken":0}],"is_beta":false,"boss_relics":[],"items_purged_floors":[],"is_endless":false,"potions_floor_spawned":[3,14],"killed_by":"Hexaghost","ascension_level":6}