{"gold_per_floor":[361,125,180,66,98,124,124,174,174,174,124,124,211,211,211,312,312,349,388,388,388,80,80,115,115,190,242,309,364,427,149,149,253,253,313,313,20,20,65,65,118,118,186,246,246,90,90,160,160,160,185,185,185,0,76,76],"floor_reached":57,"playtime":7637,"items_purged":["Strike_P","Strike_P","Strike_P","Strike_P","Defend_P"],"score":2765,"play_id":"941c687f-dbb3-4fd5-9e9b-ebdfed2a10b6","local_time":"20190927210546","is_ascension_mode":true,"campfire_choices":[{"floor":7.0,"key":"REST"},{"data":"HandOfGreed","floor":10.0,"key":"SMITH"},{"data":"WindmillStrike","floor":12.0,"key":"SMITH"},{"data":"Eruption","floor":15.0,"key":"SMITH"},{"data":"Meditate","floor":23.0,"key":"SMITH"},{"floor":25.0,"key":"REST"},{"data":"SpiritShield","floor":32.0,"key":"SMITH"},{"data":"Devotion","floor":40.0,"key":"SMITH"},{"data":"MentalFortress","floor":42.0,"key":"SMITH"},{"floor":47.0,"key":"RECALL"},{"floor":49.0,"key":"REST"},{"floor":53,"key":"REST"}],"neow_cost":"PERCENT_DAMAGE","seed_source_timestamp":0,"circlet_count":0,"master_deck":["AscendersBane","Defend_P","Defend_P","Eruption+1","Vigilance+1","WindmillStrike+1","HandOfGreed+1","EmptyFist","FearNoEvil","EmptyBody","CutThroughFate","Protect","ClearTheMind+1","EmptyFist+1","Vault+1","JustLucky+1","SashWhip+1","Meditate+1","Conclude+1","CrushJoints+1","Crescendo","FlowState","ThirdEye","MentalFortress","SpiritShield+1","Ragnarok+1","FearNoEvil+1","Devotion+1","WreathOfFlame","MentalFortress+1","Crescendo","Devotion","ThirdEye","Sanctity+1"],"special_seed":0,"relics":["PureWater","Happy Flower","Molten Egg 2","Smiling Mask","Lantern","Runic Pyramid","Membership Card","PreservedInsect","Singing Bowl","War Paint","Unceasing Top","Bronze Scales","Bag of Marbles","VioletLotus","Potion Belt","Art of War","Gremlin Horn","Pen Nib","Centennial Puzzle","Boot"],"potions_floor_usage":[51,56,56,56,56],"damage_taken":[{"damage":12.0,"enemies":"Small Slimes","floor":1.0,"turns":5.0},{"damage":1.0,"enemies":"2 Louse","floor":3.0,"turns":3.0},{"damage":7.0,"enemies":"Jaw Worm","floor":5.0,"turns":2.0},{"damage":18.0,"enemies":"Lagavulin","floor":6.0,"turns":6.0},{"damage":12.0,"enemies":"3 Sentries","floor":8.0,"turns":4.0},{"damage":3.0,"enemies":"3 Sentries","floor":13.0,"turns":4.0},{"damage":5.0,"enemies":"Hexaghost","floor":16.0,"turns":8.0},{"damage":0.0,"enemies":"Spheric Guardian","floor":18.0,"turns":4.0},{"damage":1.0,"enemies":"Chosen","floor":19.0,"turns":3.0},{"damage":3.0,"enemies":"Book of Stabbing","floor":24.0,"turns":5.0},{"damage":4.0,"enemies":"Slavers","floor":27.0,"turns":6.0},{"damage":10.0,"enemies":"Centurion and Healer","floor":28.0,"turns":6.0},{"damage":0.0,"enemies":"Gremlin Leader","floor":29.0,"turns":3.0},{"damage":0.0,"enemies":"Cultist and Chosen","floor":30.0,"turns":2.0},{"damage":5.0,"enemies":"Champ","floor":33.0,"turns":17.0},{"damage":0.0,"enemies":"3 Shapes","floor":35.0,"turns":4.0},{"damage":1.0,"enemies":"Orb Walker","floor":39.0,"turns":3.0},{"damage":25.0,"enemies":"Reptomancer","floor":41.0,"turns":5.0},{"damage":1.0,"enemies":"Giant Head","floor":44.0,"turns":6.0},{"damage":16.0,"enemies":"4 Shapes","floor":48.0,"turns":7.0},{"damage":29,"enemies":"Awakened One","floor":50,"turns":10},{"damage":32,"enemies":"Time Eater","floor":51,"turns":11},{"damage":41,"enemies":"Shield and Spear","floor":55,"turns":8},{"damage":35,"enemies":"The Heart","floor":56,"turns":8}],"seed_played":"5617042904258464221","potions_obtained":[{"floor":3.0,"key":"EssenceOfSteel"},{"floor":13.0,"key":"PowerPotion"},{"floor":27.0,"key":"SteroidPotion"},{"floor":28.0,"key":"Explosive Potion"},{"floor":29.0,"key":"FearPotion"},{"floor":33.0,"key":"Regen Potion"},{"floor":41.0,"key":"Weak Potion"}],"is_trial":false,"path_per_floor":["M","$","M","$","M","E","R","E","T","R","$","R","?","?","R","B",null,"M","M","?","?","$","R","E","R","T","E","M","E","M","$","R","B",null,"M","?","$","?","M","R","E","R","T","E","?","$","R","M","R","B","B",null,"R","$","E","B",null],"character_chosen":"WATCHER","items_purchased":["HandOfGreed","AttackPotion","FearNoEvil","EmptyBody","Membership Card","Block Potion","PowerPotion","Meditate","MentalFortress","Bronze Scales","Bag of Marbles","SpiritShield","FearNoEvil+1","Devotion","Potion Belt","DuplicationPotion","Ancient Potion","Pen Nib","Crescendo","Devotion","Centennial Puzzle","LiquidBronze","ThirdEye"],"campfire_rested":4,"item_purchase_floors":[2,2,4,4,22,22,22,22,31,31,31,31,37,37,37,37,37,46,46,54,54,54,54],"current_hp_per_floor":[31,31,30,30,23,5,25,13,13,13,13,13,10,10,10,5,52,52,51,32,32,32,32,29,50,50,46,36,36,36,36,36,31,63,65,65,65,65,66,66,55,55,55,56,56,56,56,42,65,36,4,59,77,77,36,1],"gold":76,"neow_bonus":"TWO_FIFTY_GOLD","is_prod":false,"is_daily":false,"chose_seed":false,"campfire_upgraded":7,"win_rate":0,"timestamp":1569575146,"path_taken":["M","$","M","$","M","E","R","E","T","R","$","R","?","?","R","BOSS","M","M","?","?","$","R","E","R","T","E","M","E","M","$","R","BOSS","M","?","$","?","?","R","E","R","T","E","?","$","R","M","R","BOSS","BOSS","R","$","E","BOSS"],"build_version":"2019-09-26","purchased_purges":5,"victory":true,"max_hp_per_floor":[68,68,68,68,68,68,68,68,68,68,68,68,68,68,68,68,68,68,68,73,73,73,73,73,73,73,73,73,73,73,73,73,73,73,75,75,75,75,77,77,77,77,77,79,75,75,75,77,77,77,77,77,77,77,77,77],"card_choices":[{"not_picked":["EmptyBody","JustLucky"],"picked":"WindmillStrike","floor":1.0},{"not_picked":["Crescendo","Devotion"],"picked":"EmptyFist","floor":3.0},{"not_picked":["Sanctity","EmptyBody"],"picked":"CutThroughFate","floor":5.0},{"not_picked":["Scrawl","EmptyFist"],"picked":"Protect","floor":6.0},{"not_picked":["Fasting","Prostrate"],"picked":"ClearTheMind","floor":8.0},{"not_picked":["Prostrate","Collect"],"picked":"EmptyFist+1","floor":13.0},{"not_picked":["Ragnarok+1","Omniscience"],"picked":"Vault+1","floor":16.0},{"not_picked":["CutThroughFate+1","FlyingSleeves+1"],"picked":"JustLucky+1","floor":18.0},{"not_picked":["MasterReality","Weave+1"],"picked":"SashWhip+1","floor":19.0},{"not_picked":["Unraveling","Protect"],"picked":"Conclude+1","floor":24.0},{"not_picked":["FollowUp+1","CutThroughFate+1"],"picked":"CrushJoints+1","floor":27.0},{"not_picked":["CrushJoints+1","FollowUp+1"],"picked":"Crescendo","floor":28.0},{"not_picked":["Weave+1","CrushJoints+1"],"picked":"FlowState","floor":29.0},{"not_picked":["CutThroughFate+1","EmptyBody"],"picked":"ThirdEye","floor":30.0},{"not_picked":["DeusExMachina","Judgement"],"picked":"Ragnarok+1","floor":33.0},{"not_picked":["Weave+1","FlowState","ClearTheMind+1"],"picked":"Singing Bowl","floor":35.0},{"not_picked":["FlyingSleeves+1","Prostrate","MasterReality"],"picked":"Singing Bowl","floor":39.0},{"not_picked":["EmptyBody","PathToVictory"],"picked":"MentalFortress","floor":41.0},{"not_picked":["SashWhip+1","WindmillStrike+1","Tantrum+1"],"picked":"Singing Bowl","floor":44.0},{"not_picked":["WreathOfFlame","BowlingBash+1","Protect"],"picked":"Singing Bowl","floor":48.0},{"not_picked":["CarveReality+1","FlowState+1"],"picked":"Sanctity+1","floor":55}],"player_experience":1265829,"relics_obtained":[{"floor":6.0,"key":"Happy Flower"},{"floor":8.0,"key":"Molten Egg 2"},{"floor":9.0,"key":"Smiling Mask"},{"floor":13.0,"key":"Lantern"},{"floor":24.0,"key":"PreservedInsect"},{"floor":26.0,"key":"Singing Bowl"},{"floor":27.0,"key":"War Paint"},{"floor":29.0,"key":"Unceasing Top"},{"floor":41.0,"key":"Art of War"},{"floor":44.0,"key":"Gremlin Horn"},{"floor":55,"key":"Boot"}],"event_choices":[{"damage_healed":0.0,"max_hp_gain":0.0,"max_hp_loss":0.0,"gold_gain":0.0,"event_name":"Dead Adventurer","player_choice":"Searched \u00272\u0027 times","floor":13.0,"gold_loss":0.0,"damage_taken":0.0},{"damage_healed":0.0,"max_hp_gain":0.0,"max_hp_loss":0.0,"gold_gain":0.0,"event_name":"Scrap Ooze","player_choice":"Fled","floor":14.0,"gold_loss":0.0,"damage_taken":0.0},{"damage_healed":0.0,"max_hp_gain":5.0,"max_hp_loss":0.0,"gold_gain":0.0,"event_name":"Forgotten Altar","player_choice":"Shed Blood","floor":20.0,"gold_loss":0.0,"damage_taken":24.0},{"damage_healed":0.0,"max_hp_gain":0.0,"max_hp_loss":0.0,"gold_gain":0.0,"event_name":"Vampires","player_choice":"Ignored","floor":21.0,"gold_loss":0.0,"damage_taken":0.0},{"damage_healed":0.0,"max_hp_gain":0.0,"max_hp_loss":0.0,"gold_gain":0.0,"event_name":"Tomb of Lord Red Mask","player_choice":"Ignored","floor":36.0,"gold_loss":0.0,"damage_taken":0.0},{"damage_healed":0.0,"max_hp_gain":0.0,"max_hp_loss":0.0,"gold_gain":0.0,"cards_transformed":["Defend_P"],"event_name":"Transmorgrifier","player_choice":"Transformed","floor":38.0,"gold_loss":0.0,"damage_taken":0.0,"cards_obtained":["WreathOfFlame"]},{"damage_healed":0.0,"max_hp_gain":0.0,"max_hp_loss":4.0,"gold_gain":0.0,"event_name":"Winding Halls","player_choice":"Max HP","floor":45.0,"gold_loss":0.0,"damage_taken":0.0}],"is_beta":true,"boss_relics":[{"not_picked":["Philosopher\u0027s Stone","Pandora\u0027s Box"],"picked":"Runic Pyramid"},{"not_picked":["Tiny House","Coffee Dripper"],"picked":"VioletLotus"}],"items_purged_floors":[11,22,31,37,46],"is_endless":false,"potions_floor_spawned":[3,5,13,27,28,29,33,41,48,55],"ascension_level":20}