{"gold_per_floor":[109,119,62,80,92,117,117,148,148,148,163,198,213,213,213,287,287,298,298,194,194,194,212,212,212],"floor_reached":25,"playtime":1630,"items_purged":["Strike_P"],"score":442,"play_id":"3817a9c5-5035-4d3c-ac04-5cd6ffd4665a","local_time":"20191009101810","is_ascension_mode":true,"campfire_choices":[{"data":"WheelKick","floor":7.0,"key":"SMITH"},{"data":"CrushJoints","floor":15.0,"key":"SMITH"},{"floor":24,"key":"REST"}],"neow_cost":"NONE","seed_source_timestamp":0,"circlet_count":0,"master_deck":["AscendersBane","Strike_P","Strike_P","Defend_P","Defend_P","Defend_P","Defend_P","Eruption","Vigilance","Protect","BowlingBash","CrushJoints+1","ReachHeaven","WheelKick+1","EmptyFist","Wallop","Swivel","Crescendo","ThirdEye","Halt","Ragnarok","TalkToTheHand","Scrawl","FlurryOfBlows","RitualDagger","SandsOfTime"],"special_seed":0,"relics":["Sozu","Anchor","Boot","Pen Nib","The Courier","VioletLotus","Nilry\u0027s Codex"],"potions_floor_usage":[],"damage_taken":[{"damage":2.0,"enemies":"Cultist","floor":1.0,"turns":4.0},{"damage":0.0,"enemies":"Small Slimes","floor":2.0,"turns":4.0},{"damage":0.0,"enemies":"Jaw Worm","floor":4.0,"turns":3.0},{"damage":3.0,"enemies":"Blue Slaver","floor":5.0,"turns":4.0},{"damage":3.0,"enemies":"Gremlin Nob","floor":6.0,"turns":3.0},{"damage":5.0,"enemies":"3 Sentries","floor":8.0,"turns":7.0},{"damage":1.0,"enemies":"Large Slime","floor":11.0,"turns":4.0},{"damage":8.0,"enemies":"Gremlin Nob","floor":12.0,"turns":3.0},{"damage":0.0,"enemies":"Looter","floor":13.0,"turns":3.0},{"damage":33.0,"enemies":"Slime Boss","floor":16.0,"turns":4.0},{"damage":5,"enemies":"Spheric Guardian","floor":18,"turns":3},{"damage":3,"enemies":"2 Thieves","floor":23,"turns":3},{"damage":38,"enemies":"Book of Stabbing","floor":25,"turns":2}],"seed_played":"2527596017904693618","potions_obtained":[],"is_trial":false,"path_per_floor":["M","M","$","M","M","E","R","E","T","?","M","E","M","?","R","B",null,"M","?","$","?","?","M","R","E"],"character_chosen":"WATCHER","items_purchased":["CrushJoints","FlurryOfBlows"],"campfire_rested":1,"item_purchase_floors":[3,20],"current_hp_per_floor":[59,59,59,59,56,53,53,48,48,48,47,39,39,39,39,6,53,48,48,48,42,21,18,38,0],"gold":212,"neow_bonus":"BOSS_RELIC","is_prod":false,"is_daily":false,"chose_seed":false,"campfire_upgraded":2,"win_rate":0,"timestamp":1570569490,"path_taken":["M","?","$","M","M","E","R","E","T","?","M","E","?","?","R","BOSS","M","?","$","?","?","M","R","E"],"build_version":"2019-10-08","purchased_purges":1,"victory":false,"max_hp_per_floor":[68,68,68,68,68,68,68,68,68,68,68,68,68,68,68,68,68,68,68,68,68,68,68,68,68],"card_choices":[{"not_picked":["FlyingSleeves","JustLucky"],"picked":"Protect","floor":1.0},{"not_picked":["ClearTheMind","Brilliance"],"picked":"BowlingBash","floor":2.0},{"not_picked":["ClearTheMind","Prostrate"],"picked":"ReachHeaven","floor":4.0},{"not_picked":["InnerPeace","EmptyBody"],"picked":"WheelKick","floor":5.0},{"not_picked":["CutThroughFate","ClearTheMind"],"picked":"EmptyFist","floor":6.0},{"not_picked":["WreathOfFlame","Sanctity"],"picked":"Wallop","floor":8.0},{"not_picked":["Protect","BowlingBash"],"picked":"Crescendo","floor":11.0},{"not_picked":["WreathOfFlame","Alpha"],"picked":"ThirdEye","floor":12.0},{"not_picked":["Prostrate","PathToVictory"],"picked":"Halt","floor":13.0},{"not_picked":["Brilliance","DevaForm"],"picked":"Ragnarok","floor":16.0},{"not_picked":["Protect","Crescendo"],"picked":"TalkToTheHand","floor":18},{"not_picked":["Wallop+1","Crescendo"],"picked":"SandsOfTime","floor":23}],"player_experience":1462556,"relics_obtained":[{"floor":6.0,"key":"Anchor"},{"floor":8.0,"key":"Boot"},{"floor":9.0,"key":"Pen Nib"},{"floor":12.0,"key":"The Courier"},{"floor":22,"key":"Nilry\u0027s Codex"}],"event_choices":[{"damage_healed":0.0,"max_hp_gain":0.0,"max_hp_loss":0.0,"gold_gain":0.0,"cards_transformed":["Strike_P"],"event_name":"Transmorgrifier","player_choice":"Transformed","floor":10.0,"gold_loss":0.0,"damage_taken":0.0,"cards_obtained":["Swivel"]},{"damage_healed":0.0,"max_hp_gain":0.0,"max_hp_loss":0.0,"gold_gain":0.0,"event_name":"Liars Game","player_choice":"Ignored","floor":14.0,"gold_loss":0.0,"damage_taken":0.0},{"damage_healed":0,"gold_gain":0,"player_choice":"Read","damage_taken":0,"max_hp_gain":0,"max_hp_loss":0,"event_name":"The Library","floor":19,"gold_loss":0,"cards_obtained":["Scrawl"]},{"damage_healed":0,"gold_gain":0,"player_choice":"Joined the Cult","damage_taken":6,"max_hp_gain":0,"max_hp_loss":0,"event_name":"Nest","floor":21,"gold_loss":0,"cards_obtained":["RitualDagger"]},{"damage_healed":0,"gold_gain":0,"player_choice":"Obtained Book","damage_taken":21,"max_hp_gain":0,"max_hp_loss":0,"event_name":"Cursed Tome","floor":22,"gold_loss":0}],"is_beta":true,"boss_relics":[{"not_picked":["Ectoplasm","Philosopher\u0027s Stone"],"picked":"VioletLotus"}],"items_purged_floors":[20],"is_endless":false,"potions_floor_spawned":[2,4,8,12,13,18],"killed_by":"Book of Stabbing","ascension_level":20}