{"gold_per_floor":[366,380,393,413,43,43,74,84,84,96,96,116,116,129,129,233,233,253,180,191,122,222,222,241,241,321,351,366,384,384,417,417,519,519,539,539,558,577,81,116,116,143,143,143,157,168,188,204,204,204,204,204,0,35,35],"floor_reached":55,"playtime":5072,"items_purged":["Doubt","Strike_R"],"score":850,"play_id":"0bca5145-0e89-4c50-9b99-35cb3f1ae35b","local_time":"20190912204629","is_ascension_mode":false,"campfire_choices":[{"data":"Armaments","floor":6.0,"key":"SMITH"},{"data":"Havoc","floor":11.0,"key":"SMITH"},{"data":"Corruption","floor":13.0,"key":"SMITH"},{"data":"Combust","floor":15.0,"key":"SMITH"},{"floor":23.0,"key":"REST"},{"data":"Pommel Strike","floor":25.0,"key":"SMITH"},{"data":"Strike_R","floor":30.0,"key":"PURGE"},{"data":"Strike_R","floor":32.0,"key":"PURGE"},{"data":"Strike_R","floor":41.0,"key":"PURGE"},{"data":"Fiend Fire","floor":44.0,"key":"SMITH"},{"floor":49.0,"key":"RECALL"},{"data":"Feel No Pain","floor":52,"key":"SMITH"}],"neow_cost":"CURSE","seed_source_timestamp":1152523881394623,"circlet_count":0,"master_deck":["Strike_R","Defend_R","Defend_R","Defend_R","Defend_R+1","Bash","Carnage","Armaments+1","Shockwave+1","Cleave+1","Impervious","Juggernaut","Havoc+1","Corruption+1","Combust+1","Fiend Fire+1","Pommel Strike+1","Spot Weakness","Flame Barrier","Inflame","Offering","Burning Pact","Reaper+1","Dark Embrace","Bandage Up","Feel No Pain+1","Dark Shackles","Intimidate+1","Whirlwind+1","True Grit","Pommel Strike+1"],"special_seed":0,"relics":["Burning Blood","War Paint","Turnip","Charon\u0027s Ashes","Runic Pyramid","Peace Pipe","Mummified Hand","Mercury Hourglass","Gremlin Horn","Ginger","Runic Dome","Magic Flower","Ancient Tea Set","Whetstone","Medical Kit","Centennial Puzzle"],"potions_floor_usage":[50,54],"damage_taken":[{"damage":0.0,"enemies":"Small Slimes","floor":1.0,"turns":4.0},{"damage":16.0,"enemies":"Jaw Worm","floor":2.0,"turns":4.0},{"damage":0.0,"enemies":"2 Louse","floor":3.0,"turns":2.0},{"damage":7.0,"enemies":"Exordium Thugs","floor":4.0,"turns":4.0},{"damage":5.0,"enemies":"Lagavulin","floor":7.0,"turns":6.0},{"damage":6.0,"enemies":"Gremlin Gang","floor":8.0,"turns":4.0},{"damage":13.0,"enemies":"Large Slime","floor":10.0,"turns":6.0},{"damage":0.0,"enemies":"Red Slaver","floor":12.0,"turns":4.0},{"damage":5.0,"enemies":"Looter","floor":14.0,"turns":2.0},{"damage":5.0,"enemies":"Slime Boss","floor":16.0,"turns":6.0},{"damage":9.0,"enemies":"Shell Parasite","floor":18.0,"turns":3.0},{"damage":10.0,"enemies":"Chosen","floor":20.0,"turns":2.0},{"damage":32.0,"enemies":"Colosseum Slavers","floor":22.0,"turns":3.0},{"damage":20.0,"enemies":"Colosseum Nobs","floor":22.0,"turns":3.0},{"damage":0.0,"enemies":"Snecko","floor":24.0,"turns":3.0},{"damage":1.0,"enemies":"Gremlin Leader","floor":27.0,"turns":3.0},{"damage":6.0,"enemies":"Sentry and Sphere","floor":28.0,"turns":3.0},{"damage":2.0,"enemies":"3 Cultists","floor":29.0,"turns":4.0},{"damage":6.0,"enemies":"Slavers","floor":31.0,"turns":1.0},{"damage":40.0,"enemies":"Collector","floor":33.0,"turns":5.0},{"damage":16.0,"enemies":"Orb Walker","floor":35.0,"turns":2.0},{"damage":14.0,"enemies":"3 Shapes","floor":37.0,"turns":2.0},{"damage":11.0,"enemies":"Jaw Worm Horde","floor":38.0,"turns":2.0},{"damage":20.0,"enemies":"Giant Head","floor":40.0,"turns":6.0},{"damage":15.0,"enemies":"Reptomancer","floor":42.0,"turns":4.0},{"damage":6.0,"enemies":"Spire Growth","floor":45.0,"turns":4.0},{"damage":6.0,"enemies":"Transient","floor":46.0,"turns":5.0},{"damage":18.0,"enemies":"Jaw Worm Horde","floor":47.0,"turns":2.0},{"damage":20.0,"enemies":"Writhing Mass","floor":48.0,"turns":4.0},{"damage":48,"enemies":"Donu and Deca","floor":50,"turns":5},{"damage":76,"enemies":"Shield and Spear","floor":54,"turns":4},{"damage":52,"enemies":"The Heart","floor":55,"turns":2}],"seed_played":"5003038556970850623","potions_obtained":[{"floor":2.0,"key":"Fire Potion"},{"floor":3.0,"key":"SkillPotion"},{"floor":4.0,"key":"Poison Potion"},{"floor":10.0,"key":"FearPotion"},{"floor":12.0,"key":"Energy Potion"},{"floor":18.0,"key":"Energy Potion"},{"floor":20.0,"key":"PowerPotion"},{"floor":24.0,"key":"Block Potion"},{"floor":27.0,"key":"SpeedPotion"},{"floor":33.0,"key":"SteroidPotion"},{"floor":38.0,"key":"Weak Potion"},{"floor":40.0,"key":"EssenceOfSteel"},{"floor":45.0,"key":"SpeedPotion"}],"is_trial":false,"path_per_floor":["M","M","M","M","$","R","E","M","T","M","R","M","R","M","R","B",null,"M","$","M","$","?","R","M","R","T","E","M","M","R","E","R","B",null,"M","?","M","M","$","E","R","E","T","R","M","M","M","M","R","B",null,"R","$","E","B"],"character_chosen":"IRONCLAD","items_purchased":["War Paint","Impervious","Spot Weakness","Flame Barrier","Magic Flower","Dark Shackles","Medical Kit"],"campfire_rested":1,"item_purchase_floors":[5,5,19,21,39,39,53],"current_hp_per_floor":[80,70,76,75,75,75,76,76,76,69,69,75,75,76,76,77,80,77,77,73,73,33,57,63,63,63,68,68,72,72,72,72,68,80,70,70,66,65,65,75,75,74,74,74,80,80,80,80,80,56,80,80,80,19,0],"gold":35,"neow_bonus":"TWO_FIFTY_GOLD","is_prod":false,"is_daily":false,"chose_seed":false,"campfire_upgraded":7,"win_rate":0,"timestamp":1568335589,"path_taken":["M","M","M","M","$","R","E","M","T","M","R","M","R","M","R","BOSS","M","$","M","$","?","R","M","R","T","E","M","M","R","E","R","BOSS","M","?","M","M","$","E","R","E","T","R","M","M","M","M","R","BOSS","R","$","E","BOSS"],"build_version":"2019-01-23","purchased_purges":2,"victory":false,"max_hp_per_floor":[80,80,80,80,80,80,80,80,80,80,80,80,80,80,80,80,80,80,80,80,80,80,80,80,80,80,80,80,80,80,80,80,80,80,80,80,80,80,80,80,80,80,80,80,80,80,80,80,80,80,80,80,80,80,80],"card_choices":[{"not_picked":["Anger","Twin Strike"],"picked":"Carnage","floor":1.0},{"not_picked":["Whirlwind","Havoc"],"picked":"Armaments","floor":2.0},{"not_picked":["Cleave","Havoc"],"picked":"Shockwave","floor":3.0},{"not_picked":["Hemokinesis","Heavy Blade"],"picked":"Cleave","floor":4.0},{"not_picked":["Shockwave","Evolve","Iron Wave"],"picked":"SKIP","floor":7.0},{"not_picked":["Fire Breathing","Inflame"],"picked":"Juggernaut","floor":8.0},{"not_picked":["Sword Boomerang","Hemokinesis"],"picked":"Havoc","floor":10.0},{"not_picked":["Bloodletting","Inflame"],"picked":"Corruption","floor":12.0},{"not_picked":["Flex","Body Slam"],"picked":"Combust","floor":14.0},{"not_picked":["Feed","Juggernaut"],"picked":"Fiend Fire","floor":16.0},{"not_picked":["Dropkick","Armaments"],"picked":"Pommel Strike","floor":18.0},{"not_picked":["Infernal Blade","Armaments+1","Fire Breathing"],"picked":"SKIP","floor":20.0},{"not_picked":["Wild Strike+1","Heavy Blade"],"picked":"Inflame","floor":24.0},{"not_picked":["Searing Blow","Headbutt"],"picked":"Offering","floor":27.0},{"not_picked":["Armaments","Perfected Strike","Blood for Blood"],"picked":"SKIP","floor":28.0},{"not_picked":["Perfected Strike","Spot Weakness"],"picked":"Burning Pact","floor":29.0},{"not_picked":["Dropkick","Reckless Charge"],"picked":"Reaper","floor":31.0},{"not_picked":["Juggernaut","Brutality"],"picked":"Dark Embrace","floor":33.0},{"not_picked":["Blood for Blood","Wild Strike+1","Headbutt"],"picked":"SKIP","floor":35.0},{"not_picked":["PanicButton","Jack Of All Trades"],"picked":"Bandage Up","floor":36.0},{"not_picked":["Clash","Anger"],"picked":"Feel No Pain","floor":37.0},{"not_picked":["Clash+1","Anger","Dropkick+1"],"picked":"SKIP","floor":38.0},{"not_picked":["Havoc+1","Reckless Charge"],"picked":"Intimidate+1","floor":40.0},{"not_picked":["Anger","Spot Weakness+1"],"picked":"Whirlwind+1","floor":42.0},{"not_picked":["Feed","Searing Blow","Spot Weakness"],"picked":"SKIP","floor":45.0},{"not_picked":["Twin Strike","Clothesline","Cleave"],"picked":"SKIP","floor":46.0},{"not_picked":["Twin Strike","Hemokinesis"],"picked":"True Grit","floor":47.0},{"not_picked":["Burning Pact","Twin Strike+1"],"picked":"Pommel Strike+1","floor":48.0},{"not_picked":["Heavy Blade","Pommel Strike","Iron Wave+1"],"picked":"SKIP","floor":54}],"player_experience":2931254,"relics_obtained":[{"floor":7.0,"key":"Turnip"},{"floor":9.0,"key":"Charon\u0027s Ashes"},{"floor":22.0,"key":"Peace Pipe"},{"floor":22.0,"key":"Mummified Hand"},{"floor":26.0,"key":"Mercury Hourglass"},{"floor":27.0,"key":"Gremlin Horn"},{"floor":31.0,"key":"Ginger"},{"floor":40.0,"key":"Ancient Tea Set"},{"floor":42.0,"key":"Whetstone"},{"floor":54,"key":"Centennial Puzzle"}],"event_choices":[{"damage_healed":0.0,"max_hp_gain":0.0,"max_hp_loss":0.0,"gold_gain":0.0,"event_name":"Colosseum","player_choice":"Fight","floor":22.0,"gold_loss":0.0,"damage_taken":0.0},{"damage_healed":0.0,"max_hp_gain":0.0,"max_hp_loss":0.0,"gold_gain":0.0,"event_name":"Colosseum","player_choice":"Fought Nobs","floor":22.0,"gold_loss":0.0,"damage_taken":0.0},{"damage_healed":0.0,"max_hp_gain":0.0,"max_hp_loss":0.0,"gold_gain":0.0,"event_name":"SensoryStone","player_choice":"Memory 1","floor":36.0,"gold_loss":0.0,"damage_taken":0.0}],"is_beta":false,"boss_relics":[{"not_picked":["Velvet Choker","Pandora\u0027s Box"],"picked":"Runic Pyramid"},{"not_picked":["Empty Cage","Calling Bell"],"picked":"Runic Dome"}],"items_purged_floors":[5,39],"is_endless":false,"potions_floor_spawned":[2,3,4,10,12,18,20,24,27,33,37,38,40,45],"killed_by":"The Heart","ascension_level":0}