{"gold_per_floor":[113,126,144,144,159,159,169,169,221,221,221,221,241,266,266,266],"floor_reached":16,"playtime":700,"items_purged":[],"score":102,"play_id":"1367d4e6-69ad-4989-a6c6-a2d99f6fddd1","local_time":"20190912084537","is_ascension_mode":false,"campfire_choices":[{"floor":6,"key":"RECALL"},{"data":"Eruption","floor":8,"key":"SMITH"},{"data":"Vigilance","floor":12,"key":"SMITH"},{"data":"BowlingBash","floor":15,"key":"SMITH"}],"neow_cost":"NONE","seed_source_timestamp":150840930589991,"circlet_count":0,"master_deck":["Strike_P","Strike_P","Strike_P","Strike_P","Defend_P","Defend_P","Defend_P","Defend_P","Eruption+1","Vigilance+1","CarveReality+1","Protect+1","CrushJoints","BowlingBash+1","Devotion","Parasite","Evaluate","WindmillStrike"],"relics":["PureWater","NeowsBlessing","Anchor","Bottled Flame"],"potions_floor_usage":[7,14],"damage_taken":[{"damage":0,"enemies":"Jaw Worm","floor":1,"turns":1},{"damage":0,"enemies":"2 Louse","floor":2,"turns":1},{"damage":0,"enemies":"Cultist","floor":3,"turns":1},{"damage":3,"enemies":"Large Slime","floor":5,"turns":9},{"damage":6,"enemies":"Lots of Slimes","floor":7,"turns":5},{"damage":0,"enemies":"Blue Slaver","floor":13,"turns":4},{"damage":4,"enemies":"3 Sentries","floor":14,"turns":7},{"damage":60,"enemies":"Hexaghost","floor":16,"turns":2}],"seed_played":"1628332060371987027","potions_obtained":[{"floor":1,"key":"Energy Potion"},{"floor":7,"key":"PowerPotion"},{"floor":14,"key":"SpeedPotion"}],"is_trial":false,"path_per_floor":["M","M","M","?","M","R","M","R","T","?","?","R","M","E","R","B"],"character_chosen":"WATCHER","items_purchased":[],"campfire_rested":0,"item_purchase_floors":[],"current_hp_per_floor":[65,65,65,65,62,62,56,56,56,43,59,59,59,55,55,0],"gold":266,"neow_bonus":"THREE_ENEMY_KILL","is_prod":false,"is_daily":false,"chose_seed":false,"campfire_upgraded":3,"win_rate":0.0,"timestamp":1568288737,"path_taken":["M","M","M","?","M","R","M","R","T","?","?","R","?","E","R","BOSS"],"build_version":"2019-09-11v2","purchased_purges":0,"victory":false,"max_hp_per_floor":[65,65,65,65,65,65,65,65,65,65,65,65,65,65,65,65],"card_choices":[{"not_picked":["WindmillStrike","EmptyMind"],"picked":"CarveReality","floor":1},{"not_picked":["EmptyFist","Evaluate"],"picked":"Protect","floor":2},{"not_picked":["JustLucky","Sanctity"],"picked":"CrushJoints","floor":3},{"not_picked":["JustLucky","ThirdEye"],"picked":"BowlingBash","floor":5},{"not_picked":["CutThroughFate","FollowUp"],"picked":"Devotion","floor":7},{"not_picked":["JustLucky","Sanctity"],"picked":"Evaluate","floor":13},{"not_picked":["Meditate","FlyingSleeves"],"picked":"WindmillStrike","floor":14}],"player_experience":408119,"relics_obtained":[{"floor":9,"key":"Anchor"},{"floor":14,"key":"Bottled Flame"}],"event_choices":[{"damage_healed":0,"gold_gain":0,"player_choice":"Ignored","damage_taken":0,"max_hp_gain":0,"max_hp_loss":0,"event_name":"Golden Wing","floor":4,"gold_loss":0},{"damage_healed":0,"gold_gain":0,"player_choice":"Entered Light","damage_taken":13,"max_hp_gain":0,"max_hp_loss":0,"event_name":"Shining Light","floor":10,"gold_loss":0,"cards_upgraded":["Protect","CarveReality"]},{"damage_healed":16,"gold_gain":0,"player_choice":"Healed and dodged fight","damage_taken":0,"max_hp_gain":0,"max_hp_loss":0,"event_name":"Mushrooms","floor":11,"gold_loss":0,"cards_obtained":["Parasite"]}],"is_beta":true,"boss_relics":[],"items_purged_floors":[],"is_endless":false,"potions_floor_spawned":[1,7,14],"killed_by":"Hexaghost","ascension_level":0}