{"gold_per_floor":[110,126,126,143,143,176,176,188,211,278,278],"floor_reached":11,"playtime":350,"items_purged":[],"score":83,"play_id":"e3607f7a-8ceb-4918-9812-dda0ce57e56b","local_time":"20191004085007","is_ascension_mode":true,"campfire_choices":[],"neow_cost":"NONE","seed_source_timestamp":47248897567871,"circlet_count":0,"master_deck":["Strike_G","Strike_G","Strike_G","Strike_G","Strike_G","Defend_G","Defend_G","Defend_G","Defend_G","Defend_G","Survivor","Neutralize","Dramatic Entrance","Bouncing Flask","Catalyst+1","Catalyst","Regret","Backstab","Backflip","All Out Attack"],"relics":["Ring of the Snake","Potion Belt","Boot","SsserpentHead"],"potions_floor_usage":[6,11],"damage_taken":[{"damage":0,"enemies":"Small Slimes","floor":1,"turns":2},{"damage":0,"enemies":"2 Louse","floor":2,"turns":2},{"damage":0,"enemies":"Cultist","floor":4,"turns":2},{"damage":41,"enemies":"Gremlin Nob","floor":6,"turns":4},{"damage":6,"enemies":"Red Slaver","floor":8,"turns":3},{"damage":3,"enemies":"Blue Slaver","floor":10,"turns":2},{"damage":23,"enemies":"Lagavulin","floor":11,"turns":3}],"seed_played":"-6356937939939393653","potions_obtained":[{"floor":2,"key":"Poison Potion"},{"floor":4,"key":"SpeedPotion"},{"floor":10,"key":"LiquidBronze"}],"is_trial":false,"path_per_floor":["M","M","?","M","?","E","?","M","T","M","E"],"character_chosen":"THE_SILENT","items_purchased":[],"campfire_rested":0,"item_purchase_floors":[],"current_hp_per_floor":[70,70,70,70,70,29,29,23,23,20,0],"gold":278,"neow_bonus":"RANDOM_COLORLESS","is_prod":false,"is_daily":false,"chose_seed":false,"campfire_upgraded":0,"win_rate":0,"timestamp":1570189807,"path_taken":["M","M","?","M","?","E","?","M","T","?","E"],"build_version":"2019-10-03","purchased_purges":0,"victory":false,"max_hp_per_floor":[70,70,70,70,70,70,70,70,70,70,70],"card_choices":[{"not_picked":["Panacea","Dark Shackles"],"picked":"Dramatic Entrance","floor":0},{"not_picked":["Terror","PiercingWail"],"picked":"Bouncing Flask","floor":1},{"not_picked":["Concentrate","Leg Sweep"],"picked":"Catalyst","floor":2},{"not_picked":["Deadly Poison","Dodge and Roll"],"picked":"Catalyst","floor":4},{"not_picked":["All Out Attack","Quick Slash"],"picked":"Backstab","floor":6},{"not_picked":["Prepared","Slice"],"picked":"Backflip","floor":8},{"not_picked":["Quick Slash","Expertise"],"picked":"All Out Attack","floor":10}],"player_experience":434495,"relics_obtained":[{"floor":6,"key":"Boot"}],"event_choices":[{"damage_healed":0,"gold_gain":0,"player_choice":"Grow","damage_taken":0,"max_hp_gain":0,"max_hp_loss":0,"event_name":"Living Wall","floor":3,"gold_loss":0,"cards_upgraded":["Catalyst"]},{"damage_healed":0,"gold_gain":0,"player_choice":"Box","damage_taken":0,"relics_obtained":["Potion Belt"],"max_hp_gain":0,"max_hp_loss":0,"event_name":"Big Fish","floor":5,"gold_loss":0,"cards_obtained":["Regret"]},{"damage_healed":0,"gold_gain":0,"player_choice":"Trade","damage_taken":0,"relics_obtained":["SsserpentHead"],"max_hp_gain":0,"max_hp_loss":0,"event_name":"FaceTrader","floor":7,"gold_loss":0}],"is_beta":true,"boss_relics":[],"items_purged_floors":[],"is_endless":false,"potions_floor_spawned":[2,4,10],"killed_by":"Lagavulin","ascension_level":2}