{"gold_per_floor":[119,133,49,49,49,83,83,114,114,148,47,47,47,47,47,124,124,135,135,135,151,167,167,193,211,260,260,294,308,208,218,218,297,297,308,53,64,76,76,76],"floor_reached":40,"playtime":4347,"items_purged":["Defend_B","Defend_B"],"score":887,"play_id":"3e85d098-5e26-492a-8fed-f4526f1f55bb","local_time":"20190527042437","is_ascension_mode":true,"campfire_choices":[{"data":"Zap","floor":7.0,"key":"SMITH"},{"floor":12.0,"key":"REST"},{"data":"Dualcast","floor":15.0,"key":"SMITH"},{"floor":23.0,"key":"REST"},{"floor":27.0,"key":"REST"},{"floor":32.0,"key":"REST"}],"neow_cost":"NONE","seed_source_timestamp":210721376436014,"circlet_count":0,"master_deck":["AscendersBane","Strike_B+1","Strike_B","Strike_B","Strike_B","Defend_B","Defend_B","Zap+1","Dualcast+1","Chill","Compile Driver","Doom and Gloom","Go for the Eyes","Machine Learning","Reinforced Body","Cold Snap+1","Biased Cognition","Streamline","Defragment","Chill","Auto Shields","Redo","Hyperbeam","BootSequence+1","Self Repair","BootSequence","Biased Cognition"],"special_seed":0,"relics":["Cracked Core","NeowsBlessing","Symbiotic Virus","Gremlin Horn","Bottled Flame","Potion Belt","Velvet Choker","Anchor","PreservedInsect","Happy Flower","White Beast Statue","Chemical X"],"potions_floor_usage":[],"damage_taken":[{"damage":0.0,"enemies":"2 Louse","floor":1.0,"turns":1.0},{"damage":0.0,"enemies":"Small Slimes","floor":2.0,"turns":1.0},{"damage":0.0,"enemies":"Gremlin Nob","floor":6.0,"turns":1.0},{"damage":1.0,"enemies":"3 Sentries","floor":8.0,"turns":4.0},{"damage":13.0,"enemies":"Lagavulin","floor":10.0,"turns":6.0},{"damage":6.0,"enemies":"The Guardian","floor":16.0,"turns":14.0},{"damage":1.0,"enemies":"2 Thieves","floor":18.0,"turns":4.0},{"damage":0.0,"enemies":"Chosen","floor":21.0,"turns":3.0},{"damage":28.0,"enemies":"Snake Plant","floor":22.0,"turns":4.0},{"damage":1.0,"enemies":"Gremlin Leader","floor":24.0,"turns":8.0},{"damage":7.0,"enemies":"Snecko","floor":25.0,"turns":4.0},{"damage":25.0,"enemies":"Book of Stabbing","floor":28.0,"turns":3.0},{"damage":11.0,"enemies":"Cultist and Chosen","floor":29.0,"turns":8.0},{"damage":7.0,"enemies":"Snake Plant","floor":31.0,"turns":3.0},{"damage":43.0,"enemies":"Collector","floor":33.0,"turns":12.0},{"damage":19.0,"enemies":"3 Darklings","floor":35.0,"turns":5.0},{"damage":4.0,"enemies":"Orb Walker","floor":37.0,"turns":3.0},{"damage":0.0,"enemies":"3 Darklings","floor":38.0,"turns":5.0},{"damage":48,"enemies":"Giant Head","floor":40,"turns":7}],"seed_played":"-6502682757560948386","potions_obtained":[{"floor":2.0,"key":"SkillPotion"},{"floor":6.0,"key":"SkillPotion"},{"floor":21.0,"key":"Dexterity Potion"},{"floor":22.0,"key":"Energy Potion"},{"floor":28.0,"key":"SpeedPotion"},{"floor":31.0,"key":"Block Potion"},{"floor":35.0,"key":"Block Potion"},{"floor":37.0,"key":"SkillPotion"},{"floor":38.0,"key":"Strength Potion"}],"is_trial":false,"path_per_floor":["M","M","$","?","$","E","R","E","T","E","$","R","?","?","R","B",null,"M","?","?","M","M","R","E","M","T","R","E","M","$","M","R","B",null,"M","$","M","M","?","E"],"character_chosen":"DEFECT","items_purchased":["Doom and Gloom","Cold Snap","Self Repair","Chemical X"],"campfire_rested":4,"item_purchase_floors":[3,11,36,36],"current_hp_per_floor":[64,64,64,53,53,53,53,52,52,39,39,60,39,39,39,33,62,61,61,61,61,33,54,53,46,46,67,42,31,31,24,45,2,54,35,35,38,45,45,0],"gold":76,"neow_bonus":"THREE_ENEMY_KILL","is_prod":false,"is_daily":false,"chose_seed":false,"campfire_upgraded":2,"win_rate":0,"timestamp":1558945477,"path_taken":["M","M","$","?","$","E","R","E","T","E","$","R","?","?","R","BOSS","M","?","?","M","M","R","E","M","T","R","E","M","$","M","R","BOSS","M","$","M","M","?","E"],"build_version":"2019-01-23","purchased_purges":2,"victory":false,"max_hp_per_floor":[71,71,71,71,71,71,71,71,71,71,71,71,71,71,71,71,71,71,71,71,71,71,71,71,71,71,71,71,71,71,71,71,71,71,71,71,71,71,71,71],"card_choices":[{"not_picked":["Compile Driver","Rebound"],"picked":"Chill","floor":1.0},{"not_picked":["BootSequence","Chill"],"picked":"Compile Driver","floor":2.0},{"not_picked":["Stack","White Noise"],"picked":"Go for the Eyes","floor":6.0},{"not_picked":["Coolheaded","Hologram"],"picked":"Machine Learning","floor":8.0},{"not_picked":["Leap","Turbo"],"picked":"Reinforced Body","floor":10.0},{"not_picked":["Fission","Thunder Strike"],"picked":"Biased Cognition","floor":16.0},{"not_picked":["FTL","Blizzard"],"picked":"Streamline","floor":18.0},{"not_picked":["Sunder","Scrape"],"picked":"Chill","floor":21.0},{"not_picked":["Go for the Eyes","Rebound+1"],"picked":"Auto Shields","floor":22.0},{"not_picked":["Cold Snap","Beam Cell","Go for the Eyes"],"picked":"SKIP","floor":24.0},{"not_picked":["Ball Lightning","Rip and Tear","Steam Power"],"picked":"SKIP","floor":25.0},{"not_picked":["Steam Power","Heatsinks","Gash"],"picked":"SKIP","floor":28.0},{"not_picked":["Steam","Hologram","Cold Snap"],"picked":"SKIP","floor":29.0},{"not_picked":["Doom and Gloom","Cold Snap"],"picked":"Redo","floor":31.0},{"not_picked":["Amplify","Reboot"],"picked":"Hyperbeam","floor":33.0},{"not_picked":["Scrape+1","Sweeping Beam"],"picked":"BootSequence+1","floor":35.0},{"not_picked":["Redo","Barrage","Turbo"],"picked":"SKIP","floor":37.0},{"not_picked":["Darkness","Hologram+1","BootSequence"],"picked":"SKIP","floor":38.0},{"not_picked":["Darkness","Hologram+1"],"picked":"BootSequence","floor":38.0}],"player_experience":2612092,"relics_obtained":[{"floor":6.0,"key":"Symbiotic Virus"},{"floor":8.0,"key":"Gremlin Horn"},{"floor":9.0,"key":"Bottled Flame"},{"floor":10.0,"key":"Potion Belt"},{"floor":24.0,"key":"Anchor"},{"floor":26.0,"key":"PreservedInsect"},{"floor":28.0,"key":"Happy Flower"}],"event_choices":[{"damage_healed":0.0,"max_hp_gain":0.0,"max_hp_loss":0.0,"gold_gain":0.0,"event_name":"Scrap Ooze","player_choice":"Fled","floor":4.0,"gold_loss":0.0,"damage_taken":11.0},{"damage_healed":0.0,"max_hp_gain":0.0,"max_hp_loss":0.0,"gold_gain":0.0,"event_name":"Shining Light","player_choice":"Entered Light","floor":13.0,"gold_loss":0.0,"damage_taken":21.0,"cards_upgraded":["Strike_B","Cold Snap"]},{"damage_healed":0.0,"max_hp_gain":0.0,"max_hp_loss":0.0,"gold_gain":0.0,"event_name":"WeMeetAgain","player_choice":"Ignored","floor":14.0,"gold_loss":0.0,"damage_taken":0.0},{"damage_healed":0.0,"max_hp_gain":0.0,"max_hp_loss":0.0,"gold_gain":0.0,"event_name":"Ghosts","player_choice":"Ignored","floor":19.0,"gold_loss":0.0,"damage_taken":0.0},{"damage_healed":0.0,"max_hp_gain":0.0,"max_hp_loss":0.0,"gold_gain":0.0,"event_name":"The Library","player_choice":"Read","floor":20.0,"gold_loss":0.0,"damage_taken":0.0,"cards_obtained":["Defragment"]},{"damage_healed":0.0,"max_hp_gain":0.0,"max_hp_loss":0.0,"gold_gain":0.0,"event_name":"Duplicator","player_choice":"Copied","floor":39.0,"gold_loss":0.0,"damage_taken":0.0,"cards_obtained":["Biased Cognition"]}],"is_beta":false,"boss_relics":[{"not_picked":["Tiny House","Ectoplasm"],"picked":"Velvet Choker"},{"not_picked":["Lizard Tail","Runic Pyramid"],"picked":"White Beast Statue"}],"items_purged_floors":[11,30],"is_endless":false,"potions_floor_spawned":[2,6,21,22,28,31,35,37,38],"killed_by":"Giant Head","ascension_level":18}