{"gold_per_floor":[215,21,40,57,67,102,102,118,118,129,129,129,157,169,181,264,276,288],"floor_reached":18,"playtime":1383,"items_purged":[],"score":344,"play_id":"42b769ee-5836-4d3e-bea4-a7f50998d22f","local_time":"20190819233428","is_ascension_mode":true,"campfire_choices":[{"floor":7,"key":"REST"},{"floor":11,"key":"REST"},{"data":"True Grit","floor":15,"key":"SMITH"}],"neow_cost":"NONE","seed_source_timestamp":0,"circlet_count":0,"master_deck":["AscendersBane","Strike_R","Strike_R","Strike_R","Strike_R","Defend_R","Defend_R","Defend_R","Defend_R","Bash","Whirlwind","Dark Shackles","Shrug It Off","True Grit+1","Hemokinesis","Carnage","Blood for Blood","Thunderclap","Reaper","Sword Boomerang","Regret","Juggernaut"],"special_seed":0,"relics":["Burning Blood","Dream Catcher","The Courier","MawBank","Mercury Hourglass","Runic Cube"],"potions_floor_usage":[13,16],"damage_taken":[{"damage":10,"enemies":"2 Louse","floor":1,"turns":3},{"damage":9,"enemies":"Small Slimes","floor":3,"turns":3},{"damage":3,"enemies":"Jaw Worm","floor":4,"turns":5},{"damage":6,"enemies":"2 Fungi Beasts","floor":5,"turns":3},{"damage":57,"enemies":"Gremlin Nob","floor":6,"turns":5},{"damage":3,"enemies":"3 Louse","floor":8,"turns":5},{"damage":8,"enemies":"Large Slime","floor":10,"turns":4},{"damage":18,"enemies":"3 Sentries","floor":13,"turns":6},{"damage":43,"enemies":"The Guardian","floor":16,"turns":15},{"damage":67,"enemies":"Shell Parasite","floor":18,"turns":6}],"seed_played":"2410783821801287288","potions_obtained":[{"floor":1,"key":"Dexterity Potion"},{"floor":3,"key":"SpeedPotion"},{"floor":8,"key":"Explosive Potion"}],"is_trial":false,"path_per_floor":["M","$","M","M","M","E","R","M","T","M","R","?","E","?","R","B",null,"M"],"character_chosen":"IRONCLAD","items_purchased":["Dark Shackles","Shrug It Off","True Grit"],"campfire_rested":2,"item_purchase_floors":[2,2,2],"current_hp_per_floor":[64,64,61,64,64,13,35,38,38,36,58,58,50,50,50,13,60,0],"gold":288,"neow_bonus":"HUNDRED_GOLD","is_prod":false,"is_daily":false,"chose_seed":false,"campfire_upgraded":1,"win_rate":0,"timestamp":1566272068,"path_taken":["M","$","M","M","M","E","R","M","T","M","R","?","E","?","R","BOSS","M"],"build_version":"2019-01-23","purchased_purges":0,"victory":false,"max_hp_per_floor":[75,75,75,75,75,75,75,75,75,75,75,75,75,75,75,75,75,75],"card_choices":[{"not_picked":["Fire Breathing","Uppercut"],"picked":"Whirlwind","floor":1},{"not_picked":["Shrug It Off","Body Slam"],"picked":"Hemokinesis","floor":3},{"not_picked":["Perfected Strike","Clash","Havoc"],"picked":"SKIP","floor":4},{"not_picked":["Body Slam","Anger"],"picked":"Carnage","floor":5},{"not_picked":["Rampage","Rage"],"picked":"Blood for Blood","floor":6},{"not_picked":["Shrug It Off","Iron Wave","Pommel Strike"],"picked":"SKIP","floor":8},{"not_picked":["Anger","Warcry"],"picked":"Thunderclap","floor":10},{"not_picked":["Shrug It Off","Clothesline"],"picked":"Reaper","floor":11},{"not_picked":["Wild Strike","Barricade"],"picked":"Sword Boomerang","floor":13},{"not_picked":["Berserk","Offering"],"picked":"Juggernaut","floor":16}],"player_experience":2826187,"relics_obtained":[{"floor":6,"key":"Dream Catcher"},{"floor":9,"key":"The Courier"},{"floor":13,"key":"MawBank"}],"event_choices":[{"cards_removed":["Strike_R"],"damage_healed":0,"gold_gain":0,"player_choice":"Forget","damage_taken":0,"max_hp_gain":0,"max_hp_loss":0,"event_name":"Living Wall","floor":12,"gold_loss":0},{"damage_healed":0,"gold_gain":0,"player_choice":"Box","damage_taken":0,"relics_obtained":["Mercury Hourglass"],"max_hp_gain":0,"max_hp_loss":0,"event_name":"Big Fish","floor":14,"gold_loss":0,"cards_obtained":["Regret"]}],"is_beta":false,"boss_relics":[{"not_picked":["Runic Dome","Runic Pyramid"],"picked":"Runic Cube"}],"items_purged_floors":[],"is_endless":false,"potions_floor_spawned":[1,3,8],"killed_by":"Shell Parasite","ascension_level":20}