{"gold_per_floor":[110,110,122,197,209,237,237,247,247,247,272,289,299,318,318,416,416,429,446,474,474,487,487,487,487,512,512,523,534,534,550,550,654,654,668,687,687,757,246,246,271,282,282,299,299,310,323,340,340,340],"floor_reached":51,"playtime":6239,"items_purged":[],"score":913,"play_id":"b4ba3f7f-5a58-4955-ab7e-6197da74f9d0","local_time":"20180819085744","is_ascension_mode":true,"campfire_choices":[{"floor":7,"key":"REST"},{"floor":10,"key":"REST"},{"floor":15,"key":"REST"},{"floor":23,"key":"REST"},{"floor":25,"key":"REST"},{"data":"Zap","floor":27,"key":"SMITH"},{"floor":30,"key":"REST"},{"floor":32,"key":"REST"},{"floor":40,"key":"REST"},{"floor":45,"key":"REST"},{"floor":49,"key":"REST"}],"neow_cost":"NONE","seed_source_timestamp":135397409620724,"circlet_count":0,"master_deck":["Strike_B+1","Strike_B+1","Strike_B+1","Defend_B+1","Defend_B+1","Defend_B+1","Defend_B+1","Zap+1","Dualcast","Go for the Eyes","Beam Cell","Doom and Gloom","Ball Lightning","Streamline","Skim","Hologram","Skim","Double Energy","Steam","Steam Power","Reprogram","All For One","Go for the Eyes+1","Auto Shields","Rebound+1","Stack","Sweeping Beam","Go for the Eyes","Reinforced Body+1","Turbo","Reprogram","Turbo","Turbo","BootSequence+1","Core Surge","Stack+1","Beam Cell+1","Scrape","Tempest+1","Madness","Madness","Seek","Multi-Cast","Rebound+1","Reinforced Body+1","Go for the Eyes+1","Steam+1","Scrape","Static Discharge","Reboot","Conserve Battery+1","Go for the Eyes+1","Skim"],"relics":["Cracked Core","Whetstone","Vajra","Matryoshka","Prayer Wheel","Lizard Tail","Red Mask","Happy Flower","Centennial Puzzle","Fusion Hammer","Orichalcum","Darkstone Periapt","ClockworkSouvenir","DataDisk","Pen Nib","Oddly Smooth Stone"],"potions_floor_usage":[3,6,16,20,20,22,31,33,42,44,50,50],"damage_taken":[{"damage":5,"enemies":"Small Slimes","floor":1,"turns":2},{"damage":0,"enemies":"2 Louse","floor":3,"turns":1},{"damage":0,"enemies":"Cultist","floor":5,"turns":3},{"damage":28,"enemies":"Gremlin Nob","floor":6,"turns":5},{"damage":0,"enemies":"2 Fungi Beasts","floor":8,"turns":2},{"damage":20,"enemies":"Lagavulin","floor":11,"turns":4},{"damage":6,"enemies":"Large Slime","floor":12,"turns":4},{"damage":5,"enemies":"Gremlin Gang","floor":13,"turns":2},{"damage":0,"enemies":"2 Fungi Beasts","floor":14,"turns":2},{"damage":2,"enemies":"Slime Boss","floor":16,"turns":5},{"damage":7,"enemies":"Chosen","floor":18,"turns":4},{"damage":11,"enemies":"3 Byrds","floor":19,"turns":4},{"damage":30,"floor":20,"turns":5},{"damage":14,"enemies":"3 Cultists","floor":22,"turns":5},{"damage":25,"enemies":"Snake Plant","floor":28,"turns":5},{"damage":12,"enemies":"Chosen and Byrds","floor":29,"turns":5},{"damage":13,"enemies":"Centurion and Healer","floor":31,"turns":4},{"damage":77,"enemies":"Champ","floor":33,"turns":14},{"damage":21,"enemies":"3 Darklings","floor":35,"turns":5},{"damage":0,"enemies":"3 Shapes","floor":36,"turns":4},{"damage":7,"enemies":"2 Orb Walkers","floor":41,"turns":4},{"damage":7,"enemies":"Transient","floor":42,"turns":5},{"damage":0,"enemies":"4 Shapes","floor":44,"turns":4},{"damage":0,"enemies":"3 Darklings","floor":46,"turns":3},{"damage":9,"enemies":"Transient","floor":47,"turns":5},{"damage":3,"enemies":"4 Shapes","floor":48,"turns":4},{"damage":44,"enemies":"Donu and Deca","floor":50,"turns":10}],"seed_played":"-3298397579792794461","potions_obtained":[{"floor":1,"key":"Explosive Potion"},{"floor":3,"key":"Weak Potion"},{"floor":6,"key":"Swift Potion"},{"floor":12,"key":"Fire Potion"},{"floor":14,"key":"SkillPotion"},{"floor":18,"key":"Block Potion"},{"floor":20,"key":"Fire Potion"},{"floor":29,"key":"FearPotion"},{"floor":33,"key":"FearPotion"},{"floor":35,"key":"FearPotion"},{"floor":36,"key":"Fire Potion"},{"floor":47,"key":"Strength Potion"},{"floor":48,"key":"SpeedPotion"}],"is_trial":false,"path_per_floor":["M","?","M","?","M","E","R","M","T","R","E","M","M","M","R","B",null,"M","M","?","?","M","R","?","R","T","R","M","M","R","M","R","B",null,"M","M","?","T","$","R","E","M","T","M","R","M","M","M","R","B"],"character_chosen":"DEFECT","items_purchased":["ClockworkSouvenir","DataDisk","Seek"],"campfire_rested":10,"item_purchase_floors":[39,39,39],"current_hp_per_floor":[70,63,63,52,52,24,46,46,46,68,48,42,37,37,59,57,71,64,53,23,23,9,31,31,53,53,53,28,16,38,25,47,27,63,42,42,33,33,33,55,48,41,41,41,63,63,54,51,73,29],"gold":340,"neow_bonus":"RANDOM_COMMON_RELIC","is_prod":false,"is_daily":false,"chose_seed":false,"campfire_upgraded":1,"win_rate":0,"timestamp":1534683464,"path_taken":["M","?","?","?","M","E","R","M","T","R","E","M","M","M","R","BOSS","M","M","?","?","M","R","?","R","T","R","M","M","R","?","R","BOSS","M","M","?","?","?","R","E","?","T","M","R","M","M","M","R","BOSS"],"build_version":"2018-08-09","purchased_purges":0,"victory":true,"max_hp_per_floor":[75,75,75,75,75,75,75,75,75,75,75,75,75,75,75,75,75,75,75,75,75,75,75,75,75,75,75,75,75,75,75,75,75,75,75,75,75,75,75,75,75,75,75,75,75,75,75,75,75,75],"card_choices":[{"not_picked":["Glacier","Heatsinks"],"picked":"Go for the Eyes","floor":1},{"not_picked":["Fusion","Leap"],"picked":"Beam Cell","floor":3},{"not_picked":["Turbo","Barrage"],"picked":"Doom and Gloom","floor":5},{"not_picked":["Cold Snap","Glacier"],"picked":"Ball Lightning","floor":6},{"not_picked":["Turbo","Stack"],"picked":"Streamline","floor":8},{"not_picked":["Turbo","Melter"],"picked":"Skim","floor":11},{"not_picked":["Leap","Chaos"],"picked":"Hologram","floor":12},{"not_picked":["Static Discharge","Skim","Compile Driver"],"picked":"SKIP","floor":12},{"not_picked":["Static Discharge","Compile Driver"],"picked":"Skim","floor":12},{"not_picked":["Ball Lightning","Consume"],"picked":"Double Energy","floor":13},{"not_picked":["Redo","Chill"],"picked":"Steam","floor":13},{"not_picked":["Lockon","Rip and Tear"],"picked":"Steam Power","floor":14},{"not_picked":["Sunder","Melter"],"picked":"Reprogram","floor":14},{"not_picked":["Echo Form","Hyperbeam"],"picked":"All For One","floor":16},{"not_picked":["Redo","Stack"],"picked":"Go for the Eyes+1","floor":18},{"not_picked":["Coolheaded","Steam"],"picked":"Auto Shields","floor":18},{"not_picked":["Storm+1","Auto Shields"],"picked":"Rebound+1","floor":19},{"not_picked":["Cold Snap","Redo"],"picked":"Stack","floor":19},{"not_picked":["Barrage","White Noise+1"],"picked":"Sweeping Beam","floor":20},{"not_picked":["Hologram","Compile Driver"],"picked":"Go for the Eyes","floor":22},{"not_picked":["Go for the Eyes","Creative AI"],"picked":"Reinforced Body+1","floor":22},{"not_picked":["Tempest","Steam Power"],"picked":"Turbo","floor":28},{"not_picked":["Melter+1","Compile Driver+1","Reprogram"],"picked":"SKIP","floor":28},{"not_picked":["Melter+1","Compile Driver+1"],"picked":"Reprogram","floor":28},{"not_picked":["Ball Lightning","Steam"],"picked":"Turbo","floor":29},{"not_picked":["Storm","Stack","Leap"],"picked":"SKIP","floor":29},{"not_picked":["Capacitor+1","Self Repair+1"],"picked":"Turbo","floor":31},{"not_picked":["Streamline","Loop"],"picked":"BootSequence+1","floor":31},{"not_picked":["Hyperbeam","Amplify"],"picked":"Core Surge","floor":33},{"not_picked":["Melter+1","Leap"],"picked":"Stack+1","floor":35},{"not_picked":["Auto Shields+1","Darkness"],"picked":"Beam Cell+1","floor":35},{"not_picked":["Fusion","Stack+1"],"picked":"Scrape","floor":36},{"not_picked":["Genetic Algorithm","Force Field"],"picked":"Tempest+1","floor":36},{"not_picked":["Conserve Battery","Sunder"],"picked":"Multi-Cast","floor":41},{"not_picked":["Turbo","Capacitor"],"picked":"Rebound+1","floor":42},{"not_picked":["Cold Snap+1","Doom and Gloom"],"picked":"Reinforced Body+1","floor":42},{"not_picked":["Conserve Battery","Leap+1"],"picked":"Go for the Eyes+1","floor":44},{"not_picked":["FTL","Redo"],"picked":"Steam+1","floor":44},{"not_picked":["Sweeping Beam","Conserve Battery+1"],"picked":"Scrape","floor":46},{"not_picked":["Hyperbeam","Rebound+1"],"picked":"Static Discharge","floor":46},{"not_picked":["Ball Lightning","Barrage+1"],"picked":"Reboot","floor":47},{"not_picked":["Streamline+1","Conserve Battery+1","Redo"],"picked":"SKIP","floor":47},{"not_picked":["Streamline+1","Redo"],"picked":"Conserve Battery+1","floor":47},{"not_picked":["Leap","Barrage"],"picked":"Go for the Eyes+1","floor":48},{"not_picked":["Amplify","Steam"],"picked":"Skim","floor":48}],"player_experience":1542213,"relics_obtained":[{"floor":6,"key":"Vajra"},{"floor":9,"key":"Matryoshka"},{"floor":11,"key":"Prayer Wheel"},{"floor":20,"key":"Red Mask"},{"floor":26,"key":"Happy Flower"},{"floor":26,"key":"Centennial Puzzle"},{"floor":38,"key":"Orichalcum"},{"floor":38,"key":"Darkstone Periapt"},{"floor":41,"key":"Pen Nib"},{"floor":43,"key":"Oddly Smooth Stone"}],"event_choices":[{"event_name":"Golden Wing","player_choice":"Card Removal","floor":2,"damage_taken":0},{"event_name":"World of Goop","player_choice":"Gather Gold","floor":4,"damage_taken":0},{"event_name":"Masked Bandits","player_choice":"Fought Bandits","floor":20,"damage_taken":0},{"event_name":"Back to Basics","player_choice":"Simplicity","floor":21,"damage_taken":0},{"event_name":"Ghosts","player_choice":"Ignored","floor":24,"damage_taken":0},{"event_name":"Winding Halls","player_choice":"Embrace Madness","floor":37,"damage_taken":0}],"is_beta":false,"boss_relics":[{"not_picked":["Cursed Key","Eternal Feather"],"picked":"Lizard Tail"},{"not_picked":["Runic Dome","FrozenCore"],"picked":"Fusion Hammer"}],"items_purged_floors":[],"is_endless":false,"potions_floor_spawned":[1,3,6,12,14,18,20,29,33,35,36,47,48],"ascension_level":5}