{"gold_per_floor":[112,42,53,64,64,100,100,143,167,211,211,211],"floor_reached":12,"playtime":476,"items_purged":[],"score":106,"play_id":"5cb8dca6-b4d7-4e05-b5d5-01c221de8f23","local_time":"20191029213748","is_ascension_mode":true,"campfire_choices":[{"data":"Coolheaded","floor":7,"key":"SMITH"},{"data":"Darkness","floor":11,"key":"SMITH"}],"neow_cost":"NONE","seed_source_timestamp":86820749054300,"circlet_count":0,"master_deck":["Strike_B","Strike_B","Strike_B+1","Strike_B+1","Defend_B","Defend_B","Defend_B","Defend_B","Zap","Dualcast","Gash","Defragment","Darkness+1","Steam","Coolheaded+1","Auto Shields","Defragment"],"relics":["Cracked Core","NeowsBlessing","Golden Idol","Smiling Mask","Oddly Smooth Stone","Whetstone","Centennial Puzzle"],"potions_floor_usage":[6,12],"damage_taken":[{"damage":0,"enemies":"2 Louse","floor":1,"turns":1},{"damage":0,"enemies":"Small Slimes","floor":3,"turns":1},{"damage":0,"enemies":"Cultist","floor":4,"turns":1},{"damage":10,"enemies":"Lagavulin","floor":6,"turns":6},{"damage":20,"enemies":"Gremlin Nob","floor":8,"turns":4},{"damage":6,"enemies":"Lagavulin","floor":10,"turns":7},{"damage":37,"enemies":"Gremlin Gang","floor":12,"turns":3}],"seed_played":"1545132865280090721","potions_obtained":[{"floor":1,"key":"SkillPotion"},{"floor":4,"key":"Ancient Potion"},{"floor":8,"key":"EssenceOfSteel"}],"is_trial":false,"path_per_floor":["M","$","M","M","?","E","R","E","T","E","R","M"],"character_chosen":"DEFECT","items_purchased":["Defragment"],"campfire_rested":0,"item_purchase_floors":[2],"current_hp_per_floor":[75,75,75,75,69,59,59,39,39,33,33,0],"gold":211,"neow_bonus":"THREE_ENEMY_KILL","is_prod":false,"is_daily":false,"chose_seed":false,"campfire_upgraded":2,"win_rate":0,"timestamp":1572356268,"path_taken":["M","$","M","M","?","E","R","E","T","E","R","M"],"build_version":"2019-07-17","purchased_purges":0,"victory":false,"max_hp_per_floor":[75,75,75,75,69,69,69,69,69,69,69,69],"card_choices":[{"not_picked":["Heatsinks","Go for the Eyes"],"picked":"Gash","floor":1},{"not_picked":["Turbo","Lockon"],"picked":"Darkness","floor":3},{"not_picked":["Force Field","Lockon"],"picked":"Steam","floor":4},{"not_picked":["Turbo","Compile Driver"],"picked":"Coolheaded","floor":6},{"not_picked":["Beam Cell","Genetic Algorithm"],"picked":"Auto Shields","floor":8},{"not_picked":["Lockon","Steam"],"picked":"Defragment","floor":10}],"player_experience":243651,"relics_obtained":[{"floor":6,"key":"Smiling Mask"},{"floor":8,"key":"Oddly Smooth Stone"},{"floor":9,"key":"Whetstone"},{"floor":10,"key":"Centennial Puzzle"}],"event_choices":[{"damage_healed":0,"gold_gain":0,"player_choice":"Lose Max HP","damage_taken":0,"relics_obtained":["Golden Idol"],"max_hp_gain":0,"max_hp_loss":6,"event_name":"Golden Idol","floor":5,"gold_loss":0}],"is_beta":false,"boss_relics":[],"items_purged_floors":[],"is_endless":false,"potions_floor_spawned":[1,4,8],"killed_by":"Gremlin Gang","ascension_level":2}