{"gold_per_floor":[109,119,119,136,153,153,153,167,167,181,199,212,166,180,180,284,284,296,296,309,183,216,234,234],"floor_reached":24,"playtime":3296,"items_purged":[],"score":194,"play_id":"dbb5f264-9822-42ed-a39d-1cafdda9b7d5","local_time":"20190705230735","is_ascension_mode":false,"campfire_choices":[{"data":"Shockwave","floor":6,"key":"SMITH"},{"data":"Armaments","floor":15,"key":"SMITH"}],"neow_cost":"NONE","seed_source_timestamp":103700921075823,"circlet_count":0,"master_deck":["Strike_R","Strike_R","Strike_R","Strike_R","Defend_R","Defend_R","Defend_R","Defend_R","Bash","Thunderclap","Armaments+1","Shockwave+1","Headbutt","Impervious","Flex","Reaper","Searing Blow","Flex","Flex","Demon Form","Rage","Twin Strike","Battle Trance","Shrug It Off","Heavy Blade","Clothesline"],"relics":["Burning Blood","Runic Cube","Red Mask"],"potions_floor_usage":[11,14,16,16,23,24,24],"damage_taken":[{"damage":4,"enemies":"2 Louse","floor":1,"turns":4},{"damage":1,"enemies":"Cultist","floor":2,"turns":4},{"damage":0,"enemies":"Small Slimes","floor":4,"turns":4},{"damage":5,"enemies":"2 Fungi Beasts","floor":5,"turns":4},{"damage":10,"enemies":"Exordium Wildlife","floor":8,"turns":6},{"damage":7,"enemies":"Blue Slaver","floor":10,"turns":5},{"damage":0,"enemies":"Looter","floor":11,"turns":1},{"damage":0,"enemies":"Large Slime","floor":12,"turns":6},{"damage":2,"enemies":"3 Louse","floor":14,"turns":3},{"damage":62,"enemies":"The Guardian","floor":16,"turns":12},{"damage":45,"enemies":"3 Byrds","floor":18,"turns":6},{"damage":24,"enemies":"Shell Parasite","floor":20,"turns":11},{"damage":55,"enemies":"Masked Bandits","floor":22,"turns":8},{"damage":22,"enemies":"Snecko","floor":23,"turns":7},{"damage":26,"enemies":"Centurion and Healer","floor":24,"turns":6}],"seed_played":"6074342414585174005","potions_obtained":[{"floor":2,"key":"FearPotion"},{"floor":4,"key":"SkillPotion"},{"floor":8,"key":"AttackPotion"},{"floor":12,"key":"SkillPotion"},{"floor":16,"key":"PowerPotion"},{"floor":18,"key":"Block Potion"},{"floor":22,"key":"Ancient Potion"}],"is_trial":false,"path_per_floor":["M","M","?","M","M","R","?","M","T","M","M","M","$","M","R","B",null,"M","?","M","$","?","M","M"],"character_chosen":"IRONCLAD","items_purchased":["Flex","Battle Trance","Shrug It Off"],"campfire_rested":0,"item_purchase_floors":[13,21,21],"current_hp_per_floor":[88,88,88,88,88,88,88,84,84,83,88,88,88,88,88,32,88,75,75,57,57,23,7,0],"gold":234,"neow_bonus":"TEN_PERCENT_HP_BONUS","is_prod":false,"is_daily":false,"chose_seed":false,"campfire_upgraded":2,"win_rate":0,"timestamp":1562382455,"path_taken":["M","M","?","M","?","R","?","M","T","M","M","?","$","M","R","BOSS","M","?","M","$","?","?","M"],"build_version":"2019-01-23","purchased_purges":0,"victory":false,"max_hp_per_floor":[88,88,88,88,88,88,88,88,88,88,88,88,88,88,88,88,88,88,88,88,88,88,88,88],"card_choices":[{"not_picked":["Warcry","Sword Boomerang"],"picked":"Thunderclap","floor":1},{"not_picked":["Inflame","Clash"],"picked":"Armaments","floor":2},{"not_picked":["Cleave","Power Through"],"picked":"Shockwave","floor":4},{"not_picked":["Dual Wield","Burning Pact"],"picked":"Headbutt","floor":5},{"not_picked":["Clash","Sword Boomerang"],"picked":"Impervious","floor":8},{"not_picked":["Havoc","Headbutt"],"picked":"Flex","floor":10},{"not_picked":["Second Wind","Flex"],"picked":"Reaper","floor":11},{"not_picked":["Wild Strike","Havoc"],"picked":"Searing Blow","floor":12},{"not_picked":["Bloodletting","Warcry"],"picked":"Flex","floor":14},{"not_picked":["Brutality","Fiend Fire"],"picked":"Demon Form","floor":16},{"not_picked":["Warcry","Armaments"],"picked":"Rage","floor":18},{"not_picked":["Wild Strike+1","Warcry"],"picked":"Twin Strike","floor":20},{"not_picked":["Flex","Intimidate"],"picked":"Heavy Blade","floor":22},{"not_picked":["Armaments","Twin Strike"],"picked":"Clothesline","floor":23}],"player_experience":2683350,"relics_obtained":[{"floor":22,"key":"Red Mask"}],"event_choices":[{"cards_removed":["Strike_R"],"damage_healed":0,"gold_gain":0,"player_choice":"Offered Basic","damage_taken":0,"max_hp_gain":0,"max_hp_loss":0,"event_name":"Bonfire Elementals","floor":3,"gold_loss":0},{"damage_healed":0,"gold_gain":0,"player_choice":"Ignored","damage_taken":0,"max_hp_gain":0,"max_hp_loss":0,"event_name":"Purifier","floor":7,"gold_loss":0},{"damage_healed":0,"gold_gain":0,"player_choice":"Ignored","damage_taken":0,"max_hp_gain":0,"max_hp_loss":0,"event_name":"Vampires","floor":19,"gold_loss":0},{"damage_healed":0,"gold_gain":0,"player_choice":"Fought Bandits","damage_taken":0,"max_hp_gain":0,"max_hp_loss":0,"event_name":"Masked Bandits","floor":22,"gold_loss":0}],"is_beta":false,"boss_relics":[{"not_picked":["Philosopher\u0027s Stone","Mark of Pain"],"picked":"Runic Cube"}],"items_purged_floors":[],"is_endless":false,"potions_floor_spawned":[2,4,8,12,16,18,22],"killed_by":"Centurion and Healer","ascension_level":0}