{"gold_per_floor":[113,113,35,35,35,61,61,73,73,92,118,118,138,158,158,158],"floor_reached":16,"playtime":956,"items_purged":[],"score":263,"play_id":"63d1ef74-a7ca-40f1-9380-937d7f2f05bb","local_time":"20190702013104","is_ascension_mode":true,"campfire_choices":[{"data":"Neutralize","floor":7,"key":"SMITH"},{"floor":12,"key":"REST"},{"floor":15,"key":"REST"}],"neow_cost":"NONE","seed_source_timestamp":14784171065584,"circlet_count":0,"master_deck":["AscendersBane","Defend_G","Defend_G","Defend_G","Defend_G","Strike_G","Strike_G","Strike_G","Strike_G","Survivor","Neutralize+1","Backstab","Well Laid Plans","PiercingWail","Blade Dance","Adrenaline","After Image+1","Deflect","PiercingWail"],"relics":["Ring of the Snake","NeowsBlessing","Matryoshka","Frozen Egg 2","Blood Vial","Happy Flower","Oddly Smooth Stone"],"potions_floor_usage":[11,16],"damage_taken":[{"damage":0,"enemies":"Jaw Worm","floor":1,"turns":1},{"damage":0,"enemies":"Gremlin Nob","floor":6,"turns":1},{"damage":0,"enemies":"2 Louse","floor":8,"turns":1},{"damage":0,"enemies":"Cultist","floor":10,"turns":4},{"damage":42,"enemies":"3 Sentries","floor":11,"turns":14},{"damage":1,"enemies":"Exordium Thugs","floor":13,"turns":8},{"damage":0,"enemies":"3 Louse","floor":14,"turns":4},{"damage":51,"enemies":"Hexaghost","floor":16,"turns":14}],"seed_played":"-2567494165356135045","potions_obtained":[{"floor":1,"key":"PowerPotion"},{"floor":6,"key":"Weak Potion"},{"floor":8,"key":"GhostInAJar"}],"is_trial":false,"path_per_floor":["M","?","$","?","?","E","R","M","T","M","E","R","M","M","R","B"],"character_chosen":"THE_SILENT","items_purchased":["Well Laid Plans"],"campfire_rested":2,"item_purchase_floors":[3],"current_hp_per_floor":[59,48,48,41,41,41,41,41,41,43,3,22,23,25,44,0],"gold":158,"neow_bonus":"THREE_ENEMY_KILL","is_prod":false,"is_daily":false,"chose_seed":false,"campfire_upgraded":1,"win_rate":0,"timestamp":1562045464,"path_taken":["M","?","$","?","?","E","R","M","T","M","E","R","M","M","R","BOSS"],"build_version":"2019-01-23","purchased_purges":0,"victory":false,"max_hp_per_floor":[66,66,66,66,66,66,66,66,66,66,66,66,66,66,66,66],"card_choices":[{"not_picked":["PiercingWail","Dagger Throw"],"picked":"Backstab","floor":1},{"not_picked":["Dagger Throw","Quick Slash"],"picked":"PiercingWail","floor":6},{"not_picked":["Catalyst","Expertise"],"picked":"Blade Dance","floor":8},{"not_picked":["Dodge and Roll","PiercingWail"],"picked":"Adrenaline","floor":10},{"not_picked":["Sucker Punch","Distraction"],"picked":"After Image+1","floor":11},{"not_picked":["Blade Dance","Reflex"],"picked":"Deflect","floor":13},{"not_picked":["Dagger Throw","Backflip"],"picked":"PiercingWail","floor":14}],"player_experience":2654777,"relics_obtained":[{"floor":6,"key":"Frozen Egg 2"},{"floor":9,"key":"Blood Vial"},{"floor":9,"key":"Happy Flower"},{"floor":11,"key":"Oddly Smooth Stone"}],"event_choices":[{"damage_healed":0,"gold_gain":0,"player_choice":"Success","damage_taken":11,"relics_obtained":["Matryoshka"],"max_hp_gain":0,"max_hp_loss":0,"event_name":"Scrap Ooze","floor":2,"gold_loss":0},{"cards_removed":["Strike_G"],"damage_healed":0,"gold_gain":0,"player_choice":"Card Removal","damage_taken":7,"max_hp_gain":0,"max_hp_loss":0,"event_name":"Golden Wing","floor":4,"gold_loss":0},{"cards_removed":["Defend_G"],"damage_healed":0,"gold_gain":0,"player_choice":"Offered Basic","damage_taken":0,"max_hp_gain":0,"max_hp_loss":0,"event_name":"Bonfire Elementals","floor":5,"gold_loss":0}],"is_beta":false,"boss_relics":[],"items_purged_floors":[],"is_endless":false,"potions_floor_spawned":[1,6,8],"killed_by":"Hexaghost","ascension_level":19}