{"gold_per_floor":[118,135,151,326,307,307,332,332,332,332,332,332,332,345,345,345],"floor_reached":16,"playtime":505,"items_purged":[],"score":100,"play_id":"1df33d3c-d72f-4516-8dc6-ed94757397fb","local_time":"20190909153250","is_ascension_mode":false,"campfire_choices":[{"floor":6,"key":"REST"},{"floor":8,"key":"REST"},{"floor":10,"key":"REST"},{"floor":12,"key":"REST"},{"data":"EmptyMind","floor":15,"key":"SMITH"}],"neow_cost":"NONE","seed_source_timestamp":71009491139916,"circlet_count":0,"master_deck":["Strike_P","Strike_P","Strike_P","Strike_P","Defend_P","Defend_P","Defend_P","Defend_P","Eruption+1","Vigilance","Conclude","BowlingBash","Crescendo","Doubt","Perseverance","ThirdEye","EmptyMind+1"],"relics":["PureWater","NeowsBlessing","Molten Egg 2","Letter Opener","Blue Candle"],"potions_floor_usage":[7],"damage_taken":[{"damage":0,"enemies":"2 Louse","floor":1,"turns":1},{"damage":0,"enemies":"Jaw Worm","floor":2,"turns":1},{"damage":0,"enemies":"Small Slimes","floor":3,"turns":1},{"damage":10,"enemies":"Exordium Thugs","floor":5,"turns":4},{"damage":56,"enemies":"3 Sentries","floor":7,"turns":7},{"damage":0,"enemies":"Gremlin Gang","floor":14,"turns":1},{"damage":75,"enemies":"Hexaghost","floor":16,"turns":7}],"seed_played":"1680518638284680294","potions_obtained":[{"floor":1,"key":"Fire Potion"},{"floor":5,"key":"GamblersBrew"},{"floor":14,"key":"GamblersBrew"}],"is_trial":false,"path_per_floor":["M","M","M","?","M","R","E","R","T","R","?","R","T","M","R","B"],"character_chosen":"WATCHER","items_purchased":[],"campfire_rested":4,"item_purchase_floors":[],"current_hp_per_floor":[65,65,65,65,55,65,9,28,28,47,47,65,65,65,65,0],"gold":345,"neow_bonus":"THREE_ENEMY_KILL","is_prod":false,"is_daily":false,"chose_seed":false,"campfire_upgraded":1,"win_rate":0.0,"timestamp":1568053970,"path_taken":["M","M","M","?","M","R","E","R","T","R","?","R","?","M","R","BOSS"],"build_version":"2019-09-09","purchased_purges":0,"victory":false,"max_hp_per_floor":[65,65,65,65,65,65,65,65,65,65,65,65,65,65,65,65],"card_choices":[{"not_picked":["ClearTheMind","FlyingSleeves"],"picked":"Conclude","floor":1},{"not_picked":["CleanseEvil","CrushJoints"],"picked":"BowlingBash","floor":2},{"not_picked":["Halt","Evaluate"],"picked":"Crescendo","floor":3},{"not_picked":["Halt","JustLucky"],"picked":"Perseverance","floor":5},{"not_picked":["BattleHymn","Protect"],"picked":"ThirdEye","floor":7},{"not_picked":["BowlingBash+1","Sanctity"],"picked":"EmptyMind","floor":14}],"player_experience":402408,"relics_obtained":[{"floor":7,"key":"Molten Egg 2"},{"floor":9,"key":"Letter Opener"},{"floor":13,"key":"Blue Candle"}],"event_choices":[{"damage_healed":0,"gold_gain":175,"player_choice":"AGREE","damage_taken":0,"max_hp_gain":0,"max_hp_loss":0,"event_name":"Liars Game","floor":4,"gold_loss":0,"cards_obtained":["Doubt"]},{"damage_healed":0,"gold_gain":0,"player_choice":"Grow","damage_taken":0,"max_hp_gain":0,"max_hp_loss":0,"event_name":"Living Wall","floor":11,"gold_loss":0,"cards_upgraded":["Eruption"]}],"is_beta":true,"boss_relics":[],"items_purged_floors":[],"is_endless":false,"potions_floor_spawned":[1,5,14],"killed_by":"Hexaghost","ascension_level":0}