{"gold_per_floor":[119,44,44,62,37,37,68,68,116,16,16,16,42,42,42,142,142,157,432,432,443,70,70,96,96,96,114,114,130,130,141,141,141],"floor_reached":33,"playtime":2257,"items_purged":["Strike_B","Strike_B","Strike_B"],"score":350,"play_id":"b36ec6d5-9294-4cb2-b32c-f5aa846ba8ad","local_time":"20180827211602","is_ascension_mode":true,"campfire_choices":[{"data":"Hologram","floor":6,"key":"SMITH"},{"data":"Dualcast","floor":8,"key":"SMITH"},{"floor":11,"key":"REST"},{"data":"Ball Lightning","floor":15,"key":"SMITH"},{"floor":23,"key":"REST"},{"floor":30,"key":"REST"},{"floor":32,"key":"REST"}],"neow_cost":"NONE","seed_source_timestamp":249028947170167,"circlet_count":0,"master_deck":["Defend_B","Defend_B","Defend_B","Defend_B","Zap+1","Dualcast+1","Core Surge","Sweeping Beam","Ball Lightning+1","Hologram+1","Lockon+1","Sweeping Beam+1","BootSequence","Thunder Strike+1","Regret","Tempest","Go for the Eyes+1","Turbo","Rebound+1","Transmutation","Conserve Battery","Decay","Stack","Multi-Cast"],"relics":["Cracked Core","Molten Egg 2","Blood Vial","Cables","Sozu","Happy Flower","Thread and Needle"],"potions_floor_usage":[1,16,24],"damage_taken":[{"damage":2,"enemies":"Jaw Worm","floor":1,"turns":3},{"damage":1,"enemies":"Cultist","floor":4,"turns":3},{"damage":20,"enemies":"Lagavulin","floor":7,"turns":7},{"damage":18,"enemies":"Gremlin Nob","floor":13,"turns":3},{"damage":38,"enemies":"Hexaghost","floor":16,"turns":7},{"damage":14,"enemies":"Shell Parasite","floor":18,"turns":3},{"damage":7,"enemies":"Spheric Guardian","floor":21,"turns":3},{"damage":52,"enemies":"Book of Stabbing","floor":24,"turns":5},{"damage":3,"enemies":"Snecko","floor":27,"turns":3},{"damage":11,"enemies":"Shelled Parasite and Fungi","floor":29,"turns":4},{"damage":12,"enemies":"Centurion and Healer","floor":31,"turns":4},{"damage":65,"enemies":"Automaton","floor":33,"turns":8}],"seed_played":"6753461502936559906","potions_obtained":[{"floor":1,"key":"Fruit Juice"},{"floor":4,"key":"PowerPotion"},{"floor":13,"key":"Regen Potion"}],"is_trial":false,"path_per_floor":["M","$","?","M","$","R","E","R","T","$","R","?","E","?","R","B",null,"M","?","?","M","$","R","E","?","T","M","?","M","R","M","R"],"character_chosen":"DEFECT","items_purchased":["Hologram","Turbo","Rebound+1","Transmutation"],"campfire_rested":4,"item_purchase_floors":[5,22,22,22],"current_hp_per_floor":[71,71,71,70,70,70,50,50,50,50,74,74,58,58,58,37,69,57,57,57,52,52,76,33,33,33,32,32,23,47,37,61,0],"gold":141,"neow_bonus":"ONE_RANDOM_RARE_CARD","is_prod":false,"is_daily":false,"chose_seed":false,"campfire_upgraded":3,"win_rate":0,"timestamp":1535418962,"path_taken":["M","$","?","M","$","R","E","R","T","?","R","?","E","?","R","BOSS","M","?","?","M","$","R","E","?","T","M","?","M","R","M","R","BOSS"],"build_version":"2018-08-23v2","purchased_purges":3,"victory":false,"max_hp_per_floor":[80,80,80,80,80,80,80,80,80,80,80,80,80,80,80,80,80,80,80,80,80,80,80,80,80,80,80,80,80,80,80,80,80],"card_choices":[{"not_picked":["White Noise","Blizzard"],"picked":"Sweeping Beam","floor":1},{"not_picked":["Scrape","Loop"],"picked":"Ball Lightning","floor":4},{"not_picked":["Redo","Heatsinks"],"picked":"Lockon","floor":7},{"not_picked":["Capacitor","Hologram"],"picked":"Sweeping Beam+1","floor":13},{"not_picked":["Amplify","Creative AI"],"picked":"Thunder Strike+1","floor":16},{"not_picked":["Consume","Force Field","Coolheaded"],"picked":"SKIP","floor":18},{"not_picked":["Cold Snap+1","Storm"],"picked":"Go for the Eyes+1","floor":21},{"not_picked":["Go for the Eyes+1","Storm"],"picked":"Conserve Battery","floor":24},{"not_picked":["Rebound+1","Go for the Eyes+1","Barrage+1"],"picked":"SKIP","floor":27},{"not_picked":["Streamline+1","Hello World+1"],"picked":"Stack","floor":29},{"not_picked":["Compile Driver+1","Steam"],"picked":"Multi-Cast","floor":31}],"player_experience":1594015,"relics_obtained":[{"floor":7,"key":"Molten Egg 2"},{"floor":9,"key":"Blood Vial"},{"floor":13,"key":"Cables"},{"floor":24,"key":"Happy Flower"},{"floor":26,"key":"Thread and Needle"}],"event_choices":[{"event_name":"Accursed Blacksmith","player_choice":"Forge","floor":3,"damage_taken":0},{"event_name":"The Cleric","player_choice":"Leave","floor":12,"damage_taken":0},{"event_name":"Transmorgrifier","player_choice":"Transform","floor":14,"damage_taken":0},{"event_name":"Golden Shrine","player_choice":"Desecrate","floor":19,"damage_taken":0},{"event_name":"The Library","player_choice":"Read","floor":20,"damage_taken":0},{"event_name":"Cursed Tome","player_choice":"Ignored","floor":25,"damage_taken":0},{"event_name":"Forgotten Altar","player_choice":"Smashed Altar","floor":28,"damage_taken":0}],"is_beta":false,"boss_relics":[{"not_picked":["Ectoplasm","Eternal Feather"],"picked":"Sozu"}],"items_purged_floors":[2,10,22],"is_endless":false,"potions_floor_spawned":[1,4,13,27,29],"killed_by":"Automaton","ascension_level":6}