{"gold_per_floor":[117,117,134,209,209,209,225,225,225,238,266,284,39,39,39,141,141,141,141,141,141,141,141,141,141,141,141,141,141,141,141,141,141,141,141,141,141],"floor_reached":37,"playtime":2578,"items_purged":[],"score":526,"play_id":"38eee7bb-20a1-4fa5-bb88-b21ebea3ebc4","local_time":"20180830212215","is_ascension_mode":true,"campfire_choices":[{"data":"Zap","floor":6,"key":"SMITH"},{"data":"Beam Cell","floor":8,"key":"SMITH"},{"floor":15,"key":"REST"},{"floor":24,"key":"REST"},{"floor":32,"key":"REST"}],"neow_cost":"NONE","seed_source_timestamp":316405479477762,"circlet_count":0,"master_deck":["Zap+1","Dualcast","Sweeping Beam","Ball Lightning","Beam Cell+1","Gash","Seek","FTL","Turbo","Buffer","Conserve Battery","Consume+1","Reinforced Body+1","Rebound","Hologram","Capacitor","Gash","Seek","Reprogram","Coolheaded","Coolheaded","Hologram","Cold Snap","Go for the Eyes","Auto Shields+1"],"relics":["Cracked Core","NeowsBlessing","Dream Catcher","Pear","Shuriken","War Paint","Ectoplasm","Symbiotic Virus","Gambling Chip","Torii","Pantograph","Pandora\u0027s Box"],"potions_floor_usage":[16,33,33,33,33,33,37],"damage_taken":[{"damage":0,"enemies":"Small Slimes","floor":1,"turns":1},{"damage":0,"enemies":"2 Louse","floor":3,"turns":1},{"damage":0,"enemies":"Cultist","floor":7,"turns":1},{"damage":4,"enemies":"Large Slime","floor":10,"turns":5},{"damage":25,"enemies":"3 Sentries","floor":11,"turns":6},{"damage":6,"enemies":"Blue Slaver","floor":12,"turns":3},{"damage":42,"enemies":"The Guardian","floor":16,"turns":9},{"damage":25,"enemies":"Shell Parasite","floor":18,"turns":4},{"damage":0,"enemies":"Spheric Guardian","floor":21,"turns":3},{"damage":49,"enemies":"Slavers","floor":23,"turns":5},{"damage":2,"enemies":"Chosen and Byrds","floor":25,"turns":5},{"damage":15,"enemies":"Shelled Parasite and Fungi","floor":30,"turns":4},{"damage":1,"enemies":"Collector","floor":33,"turns":10},{"damage":0,"enemies":"Flame Bruiser 1 Orb","floor":35,"turns":6},{"damage":94,"enemies":"Time Eater","floor":37,"turns":12}],"seed_played":"-7342968760635874236","potions_obtained":[{"floor":3,"key":"Strength Potion"},{"floor":11,"key":"Regen Potion"},{"floor":16,"key":"Energy Potion"},{"floor":18,"key":"Dexterity Potion"},{"floor":23,"key":"EntropicBrew"},{"floor":33,"key":"Poison Potion"},{"floor":35,"key":"Ancient Potion"}],"is_trial":false,"path_per_floor":["M","?","M","?","?","R","M","R","T","M","E","M","$","T","R","B",null,"M","?","?","M","?","E","R","M","T","$","?","$","M","T","R","B",null,"M","?"],"character_chosen":"DEFECT","items_purchased":["Shuriken"],"campfire_rested":3,"item_purchase_floors":[13],"current_hp_per_floor":[68,73,73,62,62,62,62,62,62,58,43,37,37,37,64,37,77,52,52,52,52,52,3,30,28,28,28,28,28,13,13,40,64,84,84,84,0],"gold":141,"neow_bonus":"THREE_ENEMY_KILL","is_prod":false,"is_daily":false,"chose_seed":false,"campfire_upgraded":2,"win_rate":0,"timestamp":1535678535,"path_taken":["M","?","M","?","?","R","?","R","T","M","E","M","?","?","R","BOSS","M","?","?","?","?","E","R","M","T","$","?","?","M","?","R","BOSS","M","?","BOSS"],"build_version":"2018-08-23v2","purchased_purges":0,"victory":false,"max_hp_per_floor":[75,80,80,80,80,80,80,80,80,80,90,90,90,90,90,90,90,90,90,90,90,90,90,90,90,90,90,90,90,90,90,90,90,90,90,90,90],"card_choices":[{"not_picked":["Coolheaded","Rip and Tear"],"picked":"Sweeping Beam","floor":1},{"not_picked":["Sweeping Beam","Chaos"],"picked":"Ball Lightning","floor":3},{"not_picked":["Lockon","Storm"],"picked":"Beam Cell","floor":7},{"not_picked":["Hologram","Cold Snap"],"picked":"Gash","floor":10},{"not_picked":["Coolheaded","Sweeping Beam"],"picked":"Seek","floor":11},{"not_picked":["Cold Snap","Steam"],"picked":"FTL","floor":12},{"not_picked":["Lockon","Cold Snap"],"picked":"Turbo","floor":15},{"not_picked":["Amplify","Seek"],"picked":"Buffer","floor":16},{"not_picked":["Coolheaded","Turbo"],"picked":"Conserve Battery","floor":18},{"not_picked":["Cold Snap","Redo"],"picked":"Consume+1","floor":21},{"not_picked":["Go for the Eyes","Creative AI"],"picked":"Reinforced Body+1","floor":23},{"not_picked":["Storm+1","Sweeping Beam"],"picked":"Rebound","floor":24},{"not_picked":["Stack","Streamline+1"],"picked":"Hologram","floor":25},{"not_picked":["Compile Driver","Ball Lightning+1"],"picked":"Capacitor","floor":30},{"not_picked":["Chaos","Hologram+1"],"picked":"Gash","floor":32},{"not_picked":["Buffer","Rainbow"],"picked":"Seek","floor":33},{"not_picked":["Genetic Algorithm","Leap+1"],"picked":"Auto Shields+1","floor":35}],"player_experience":1605145,"relics_obtained":[{"floor":9,"key":"Dream Catcher"},{"floor":11,"key":"Pear"},{"floor":14,"key":"War Paint"},{"floor":23,"key":"Gambling Chip"},{"floor":26,"key":"Torii"},{"floor":31,"key":"Pantograph"}],"event_choices":[{"event_name":"Big Fish","player_choice":"Donut","floor":2,"damage_taken":0},{"event_name":"World of Goop","player_choice":"Gather Gold","floor":4,"damage_taken":0},{"event_name":"Living Wall","player_choice":"Forget","floor":5,"damage_taken":0},{"event_name":"The Mausoleum","player_choice":"Yes","floor":19,"damage_taken":0},{"event_name":"Bonfire Elementals","player_choice":"BASIC","floor":20,"damage_taken":0},{"event_name":"Ghosts","player_choice":"Ignored","floor":22,"damage_taken":0},{"event_name":"The Woman in Blue","player_choice":"Bought 0 Potions","floor":28,"damage_taken":0},{"event_name":"SecretPortal","player_choice":"Took Portal.","floor":36,"damage_taken":0}],"is_beta":false,"boss_relics":[{"not_picked":["Velvet Choker","Runic Pyramid"],"picked":"Ectoplasm"},{"not_picked":["Snecko Eye","Calling Bell"],"picked":"Pandora\u0027s Box"}],"items_purged_floors":[],"is_endless":false,"potions_floor_spawned":[3,11,16,18,23,33,35],"killed_by":"Time Eater","ascension_level":6}