{"gold_per_floor":[114,11,26,41,41,41,56,71,71,86,101,101,116,131,131,231,231,246,261,276,291,306,306,321,321,371,371,386,425,16,31,31,140,140,155,170,185,22,37,76,85,85,135,150,165,177,186,201,201,201],"floor_reached":51,"playtime":1664,"items_purged":[],"score":828,"play_id":"28e8689b-b9aa-4b4d-8746-64b45b440afd","local_time":"20191010150555","daily_mods":["SealedDeck","Vintage","Lethality"],"is_ascension_mode":false,"campfire_choices":[{"data":"Accuracy","floor":6,"key":"SMITH"},{"floor":12,"key":"REST"},{"data":"Riddle With Holes","floor":15,"key":"SMITH"},{"data":"Accuracy","floor":23,"key":"SMITH"},{"floor":27,"key":"REST"},{"data":"Accuracy","floor":32,"key":"SMITH"},{"data":"Burst","floor":42,"key":"SMITH"},{"data":"Blade Dance","floor":49,"key":"SMITH"}],"neow_cost":"","seed_source_timestamp":92314176813323,"circlet_count":0,"master_deck":["Dagger Spray","Sucker Punch+1","Dash","Poisoned Stab","Poisoned Stab+1","Blade Dance+1","Poisoned Stab","Blade Dance+1","Accuracy+1","Deadly Poison+1","Accuracy+1","Riddle With Holes+1","Glass Knife+1","Cloak And Dagger","Accuracy+1","Burst+1","Cloak And Dagger","Dash+1","Writhe","Dagger Spray+1","Calculated Gamble"],"special_seed":18179,"relics":["Ring of the Snake","Snake Skull","Art of War","White Beast Statue","Blood Vial","Question Card","Ancient Tea Set","Whetstone","Bag of Marbles","Akabeko","Molten Egg 2","WristBlade","Shuriken","Gremlin Horn","The Courier","Boot","Potion Belt","Juzu Bracelet","CeramicFish","Vajra","MealTicket","Medical Kit","Dream Catcher","Orichalcum","War Paint","Busted Crown","Smiling Mask","Paper Crane","Blue Candle","Anchor","Bottled Tornado","Thread and Needle","Omamori","Centennial Puzzle","Mango","Ice Cream","Pen Nib"],"potions_floor_usage":[7,16,16,18,19,21,31,33,33,44,46,50,50,50],"damage_taken":[{"damage":0,"enemies":"Cultist","floor":1,"turns":2},{"damage":0,"enemies":"Small Slimes","floor":3,"turns":2},{"damage":0,"enemies":"2 Louse","floor":4,"turns":2},{"damage":15,"enemies":"Blue Slaver","floor":7,"turns":2},{"damage":0,"enemies":"Red Slaver","floor":8,"turns":1},{"damage":13,"enemies":"Looter","floor":10,"turns":2},{"damage":13,"enemies":"Large Slime","floor":11,"turns":3},{"damage":0,"enemies":"Red Slaver","floor":13,"turns":1},{"damage":0,"enemies":"Exordium Wildlife","floor":14,"turns":1},{"damage":33,"enemies":"The Guardian","floor":16,"turns":4},{"damage":8,"enemies":"Shell Parasite","floor":18,"turns":2},{"damage":0,"enemies":"Chosen","floor":19,"turns":1},{"damage":0,"enemies":"Snake Plant","floor":20,"turns":1},{"damage":0,"enemies":"3 Cultists","floor":21,"turns":2},{"damage":0,"enemies":"Chosen and Byrds","floor":22,"turns":2},{"damage":0,"enemies":"Shelled Parasite and Fungi","floor":24,"turns":1},{"damage":0,"enemies":"Snake Plant","floor":28,"turns":1},{"damage":0,"enemies":"Slavers","floor":29,"turns":1},{"damage":0,"enemies":"Centurion and Healer","floor":31,"turns":1},{"damage":34,"enemies":"Automaton","floor":33,"turns":5},{"damage":0,"enemies":"3 Darklings","floor":35,"turns":1},{"damage":0,"enemies":"Orb Walker","floor":36,"turns":1},{"damage":9,"enemies":"Sphere and 2 Shapes","floor":37,"turns":1},{"damage":20,"enemies":"Writhing Mass","floor":39,"turns":2},{"damage":0,"enemies":"Reptomancer","floor":40,"turns":1},{"damage":0,"enemies":"Spire Growth","floor":44,"turns":2},{"damage":0,"enemies":"Maw","floor":45,"turns":3},{"damage":0,"enemies":"2 Orb Walkers","floor":46,"turns":2},{"damage":0,"enemies":"4 Shapes","floor":48,"turns":1},{"damage":5,"enemies":"Time Eater","floor":50,"turns":5}],"seed_played":"1808118435216149927","potions_obtained":[{"floor":1,"key":"Swift Potion"},{"floor":3,"key":"SpeedPotion"},{"floor":4,"key":"SteroidPotion"},{"floor":7,"key":"Dexterity Potion"},{"floor":8,"key":"Dexterity Potion"},{"floor":11,"key":"SkillPotion"},{"floor":14,"key":"Fire Potion"},{"floor":16,"key":"Fire Potion"},{"floor":18,"key":"CunningPotion"},{"floor":19,"key":"Explosive Potion"},{"floor":20,"key":"SkillPotion"},{"floor":21,"key":"SpeedPotion"},{"floor":22,"key":"Poison Potion"},{"floor":24,"key":"LiquidBronze"},{"floor":28,"key":"Regen Potion"},{"floor":29,"key":"Fire Potion"},{"floor":31,"key":"Swift Potion"},{"floor":35,"key":"Block Potion"},{"floor":36,"key":"Weak Potion"},{"floor":37,"key":"Strength Potion"},{"floor":44,"key":"PowerPotion"},{"floor":45,"key":"Fire Potion"},{"floor":46,"key":"EssenceOfSteel"},{"floor":48,"key":"Block Potion"}],"is_trial":false,"path_per_floor":["M","$","M","M","?","R","M","M","T","M","M","R","M","M","R","B",null,"M","M","M","M","M","R","M","?","T","R","M","E","$","M","R","B",null,"M","M","M","$","M","E","?","R","T","M","M","?","?","M","R","B",null],"character_chosen":"THE_SILENT","items_purchased":["Deadly Poison","Accuracy","Medical Kit","Dream Catcher","Orichalcum","Accuracy","Anchor","Deflect","Cloak And Dagger"],"campfire_rested":2,"item_purchase_floors":[2,2,30,30,30,30,38,38,38],"current_hp_per_floor":[70,70,70,70,70,70,55,57,57,46,35,56,58,60,60,29,70,62,64,66,68,70,70,70,57,57,75,75,75,75,75,75,46,75,75,75,66,75,55,57,75,75,75,75,89,89,89,89,89,84],"gold":201,"neow_bonus":"","is_prod":false,"is_daily":true,"chose_seed":false,"campfire_upgraded":6,"win_rate":0,"timestamp":1570730755,"path_taken":["M","?","M","M","?","R","M","M","T","M","M","R","M","M","R","BOSS","M","?","M","M","M","R","M","?","T","R","M","E","$","M","R","BOSS","M","M","M","$","M","E","?","R","T","M","M","?","?","M","R","BOSS"],"build_version":"2019-10-09","purchased_purges":0,"victory":true,"max_hp_per_floor":[70,70,70,70,70,70,70,70,70,70,70,70,70,70,70,70,70,70,70,70,70,70,70,70,75,75,75,75,75,75,75,75,75,75,75,75,75,75,75,75,75,75,75,75,89,89,89,89,89,89],"card_choices":[{"not_picked":["Unload+1","A Thousand Cuts","After Image"],"picked":"Glass Knife+1","floor":16},{"not_picked":["Expertise","Blade Dance","Deflect+1"],"picked":"Cloak And Dagger","floor":29},{"not_picked":["Glass Knife+1","Night Terror","Doppelganger"],"picked":"Burst","floor":33},{"not_picked":["Flechettes+1"],"picked":"Dash+1","floor":40},{"not_picked":["Cloak And Dagger+1"],"picked":"Dagger Spray+1","floor":46}],"player_experience":446357,"relics_obtained":[{"floor":1,"key":"Snake Skull"},{"floor":3,"key":"Art of War"},{"floor":4,"key":"White Beast Statue"},{"floor":7,"key":"Blood Vial"},{"floor":8,"key":"Question Card"},{"floor":9,"key":"Ancient Tea Set"},{"floor":10,"key":"Whetstone"},{"floor":11,"key":"Bag of Marbles"},{"floor":13,"key":"Akabeko"},{"floor":14,"key":"Molten Egg 2"},{"floor":18,"key":"Shuriken"},{"floor":19,"key":"Gremlin Horn"},{"floor":20,"key":"The Courier"},{"floor":21,"key":"Boot"},{"floor":22,"key":"Potion Belt"},{"floor":24,"key":"Juzu Bracelet"},{"floor":26,"key":"CeramicFish"},{"floor":28,"key":"Vajra"},{"floor":29,"key":"MealTicket"},{"floor":31,"key":"War Paint"},{"floor":35,"key":"Smiling Mask"},{"floor":36,"key":"Paper Crane"},{"floor":37,"key":"Blue Candle"},{"floor":39,"key":"Bottled Tornado"},{"floor":40,"key":"Thread and Needle"},{"floor":43,"key":"Omamori"},{"floor":44,"key":"Centennial Puzzle"},{"floor":45,"key":"Mango"},{"floor":46,"key":"Ice Cream"},{"floor":48,"key":"Pen Nib"}],"event_choices":[{"damage_healed":0,"gold_gain":0,"cards_transformed":["PiercingWail"],"player_choice":"Transformed","damage_taken":0,"max_hp_gain":0,"max_hp_loss":0,"event_name":"Transmorgrifier","floor":5,"gold_loss":0,"cards_obtained":["Riddle With Holes"]},{"damage_healed":0,"gold_gain":0,"player_choice":"Shed Blood","damage_taken":18,"max_hp_gain":5,"max_hp_loss":0,"event_name":"Forgotten Altar","floor":25,"gold_loss":0},{"damage_healed":19,"gold_gain":0,"player_choice":"Writhe","damage_taken":0,"max_hp_gain":0,"max_hp_loss":0,"event_name":"Winding Halls","floor":41,"gold_loss":0,"cards_obtained":["Writhe"]},{"damage_healed":0,"gold_gain":0,"player_choice":"Fight","damage_taken":0,"max_hp_gain":0,"max_hp_loss":0,"event_name":"Mysterious Sphere","floor":46,"gold_loss":0},{"damage_healed":0,"gold_gain":0,"cards_transformed":["Deflect"],"player_choice":"Transformed","damage_taken":0,"max_hp_gain":0,"max_hp_loss":0,"event_name":"Transmorgrifier","floor":47,"gold_loss":0,"cards_obtained":["Calculated Gamble"]}],"is_beta":true,"boss_relics":[{"not_picked":["Velvet Choker","Sozu"],"picked":"WristBlade"},{"not_picked":["Fusion Hammer","Astrolabe"],"picked":"Busted Crown"}],"items_purged_floors":[],"is_endless":false,"potions_floor_spawned":[1,3,4,7,8,10,11,13,14,16,18,19,20,21,22,24,28,29,31,33,35,36,37,39,40,44,45,46,48],"ascension_level":0}