{"gold_per_floor":[118,132,148,148,68,97,97,97],"floor_reached":8,"playtime":992,"items_purged":[],"score":56,"play_id":"df397260-fd79-40aa-90be-77dd67c6717a","local_time":"20190927213336","is_ascension_mode":false,"campfire_choices":[],"neow_cost":"NONE","seed_source_timestamp":868697720909300,"circlet_count":0,"master_deck":["Strike_G","Strike_G","Strike_G","Strike_G","Strike_G","Defend_G","Defend_G+1","Defend_G","Defend_G","Defend_G+1","Survivor","Neutralize","Phantasmal Killer","Heel Hook","Noxious Fumes","Expertise","Well Laid Plans","Finisher"],"relics":["Ring of the Snake","Blood Vial"],"potions_floor_usage":[8],"damage_taken":[{"damage":0,"enemies":"2 Louse","floor":1,"turns":4},{"damage":0,"enemies":"Cultist","floor":2,"turns":3},{"damage":7,"enemies":"Small Slimes","floor":3,"turns":5},{"damage":21,"enemies":"3 Sentries","floor":6,"turns":8},{"damage":36,"enemies":"Gremlin Nob","floor":8,"turns":4}],"seed_played":"8204360237455218749","potions_obtained":[{"floor":1,"key":"EssenceOfSteel"},{"floor":6,"key":"Strength Potion"},{"floor":7,"key":"Explosive Potion"}],"is_trial":false,"path_per_floor":["M","M","M","?","$","E","?","E"],"character_chosen":"THE_SILENT","items_purchased":["Well Laid Plans"],"campfire_rested":0,"item_purchase_floors":[5],"current_hp_per_floor":[70,70,63,49,49,28,28,0],"gold":97,"neow_bonus":"ONE_RANDOM_RARE_CARD","is_prod":false,"is_daily":false,"chose_seed":false,"campfire_upgraded":0,"win_rate":0.0,"timestamp":1569591216,"path_taken":["M","M","M","?","$","E","?","E"],"build_version":"2019-07-17","purchased_purges":0,"victory":false,"max_hp_per_floor":[70,70,70,70,70,70,70,70],"card_choices":[{"not_picked":["Quick Slash","Prepared"],"picked":"Heel Hook","floor":1},{"not_picked":["Dodge and Roll","Backflip"],"picked":"Noxious Fumes","floor":2},{"not_picked":["Dagger Throw","Backflip"],"picked":"Expertise","floor":3},{"not_picked":["Well Laid Plans","Dodge and Roll"],"picked":"Finisher","floor":6}],"player_experience":23218,"relics_obtained":[{"floor":6,"key":"Blood Vial"}],"event_choices":[{"damage_healed":0,"gold_gain":0,"player_choice":"Entered Light","damage_taken":14,"max_hp_gain":0,"max_hp_loss":0,"event_name":"Shining Light","floor":4,"gold_loss":0,"cards_upgraded":["Defend_G","Defend_G"]},{"damage_healed":0,"gold_gain":0,"player_choice":"Got Potions","damage_taken":0,"max_hp_gain":0,"max_hp_loss":0,"event_name":"Lab","floor":7,"gold_loss":0}],"is_beta":false,"boss_relics":[],"items_purged_floors":[],"is_endless":false,"potions_floor_spawned":[1,6],"killed_by":"Gremlin Nob","ascension_level":0}