{"gold_per_floor":[216,39,54,73,148,167,11,41,41,58,75,75,102,112,112,208,208,223,71,71,91,109,109,121,137,162,162,16,35,49,60,60,60],"floor_reached":33,"playtime":1681,"items_purged":[],"score":317,"play_id":"eed4b7fa-79de-48fb-9782-8d1c7bf9cd98","local_time":"20190829094500","is_ascension_mode":true,"campfire_choices":[{"floor":12,"key":"REST"},{"floor":15,"key":"REST"},{"floor":23,"key":"REST"},{"floor":27,"key":"REST"},{"floor":32,"key":"REST"}],"neow_cost":"NONE","seed_source_timestamp":48354998458537,"circlet_count":0,"master_deck":["Strike_R","Strike_R","Strike_R","Strike_R","Strike_R","Defend_R","Defend_R","Defend_R","Defend_R","Bash","Iron Wave","Wild Strike","Perfected Strike","Cleave","Flame Barrier","Combust+1","Twin Strike","Flex","Rage","Ghostly Armor","Immolate","Anger+1","Perfected Strike","Carnage","Armaments","Bludgeon","Carnage+1","Anger","Thunderclap+1","Carnage","Infernal Blade","Sword Boomerang","Perfected Strike","Perfected Strike+1"],"relics":["Burning Blood","Boot","Strawberry","Frozen Egg 2","Mercury Hourglass","Runic Pyramid","Nloth\u0027s Gift","Juzu Bracelet"],"potions_floor_usage":[3,4,16,33,33,33],"damage_taken":[{"damage":5,"enemies":"Small Slimes","floor":1,"turns":4},{"damage":2,"enemies":"Cultist","floor":3,"turns":4},{"damage":2,"enemies":"Jaw Worm","floor":4,"turns":3},{"damage":7,"enemies":"Looter","floor":6,"turns":3},{"damage":43,"enemies":"Lagavulin","floor":8,"turns":7},{"damage":5,"enemies":"Blue Slaver","floor":10,"turns":2},{"damage":6,"enemies":"Exordium Wildlife","floor":11,"turns":2},{"damage":8,"enemies":"Gremlin Nob","floor":13,"turns":3},{"damage":5,"enemies":"Lots of Slimes","floor":14,"turns":3},{"damage":78,"enemies":"The Guardian","floor":16,"turns":8},{"damage":8,"enemies":"Spheric Guardian","floor":18,"turns":3},{"damage":2,"enemies":"Chosen","floor":21,"turns":3},{"damage":28,"enemies":"Sentry and Sphere","floor":22,"turns":4},{"damage":30,"enemies":"Centurion and Healer","floor":24,"turns":5},{"damage":9,"enemies":"3 Cultists","floor":25,"turns":4},{"damage":15,"enemies":"Chosen and Byrds","floor":29,"turns":4},{"damage":21,"enemies":"Snecko","floor":30,"turns":3},{"damage":31,"enemies":"Centurion and Healer","floor":31,"turns":5},{"damage":91,"enemies":"Collector","floor":33,"turns":6}],"seed_played":"3706746779962398106","potions_obtained":[{"floor":1,"key":"Weak Potion"},{"floor":3,"key":"Fruit Juice"},{"floor":8,"key":"PowerPotion"},{"floor":18,"key":"FearPotion"},{"floor":25,"key":"PowerPotion"},{"floor":29,"key":"FearPotion"},{"floor":30,"key":"Poison Potion"},{"floor":31,"key":"PowerPotion"}],"is_trial":false,"path_per_floor":["M","$","M","M","?","M","$","E","T","M","M","R","E","M","R","B",null,"M","$","?","M","M","R","M","M","T","R","$","M","M","M","R","B"],"character_chosen":"IRONCLAD","items_purchased":["Boot","Wild Strike","Strawberry","Perfected Strike","Carnage","Armaments","Carnage","Infernal Blade"],"campfire_rested":5,"item_purchase_floors":[2,2,7,19,19,19,28,28],"current_hp_per_floor":[80,80,80,85,74,73,80,43,43,44,44,71,69,70,92,20,92,90,90,90,92,70,92,68,65,65,92,92,83,68,43,70,0],"gold":60,"neow_bonus":"HUNDRED_GOLD","is_prod":false,"is_daily":false,"chose_seed":false,"campfire_upgraded":0,"win_rate":0,"timestamp":1567082700,"path_taken":["M","$","M","M","?","M","$","E","T","M","M","R","E","M","R","BOSS","M","$","?","M","M","R","M","M","T","R","$","M","M","M","R","BOSS"],"build_version":"2019-07-17","purchased_purges":0,"victory":false,"max_hp_per_floor":[80,80,80,85,85,85,92,92,92,92,92,92,92,92,92,92,92,92,92,92,92,92,92,92,92,92,92,92,92,92,92,92,92],"card_choices":[{"not_picked":["Seeing Red","Clothesline"],"picked":"Iron Wave","floor":1},{"not_picked":["Shrug It Off","Iron Wave"],"picked":"Perfected Strike","floor":3},{"not_picked":["Flex","Armaments"],"picked":"Cleave","floor":4},{"not_picked":["Entrench","Rupture"],"picked":"Flame Barrier","floor":6},{"not_picked":["Pummel","Clash"],"picked":"Combust","floor":8},{"not_picked":["Ghostly Armor","Anger"],"picked":"Twin Strike","floor":10},{"not_picked":["Metallicize+1","Clash"],"picked":"Flex","floor":11},{"not_picked":["Intimidate","Headbutt"],"picked":"Rage","floor":13},{"not_picked":["Iron Wave","Fiend Fire","Wild Strike"],"picked":"Ghostly Armor","floor":14},{"not_picked":["Offering","Exhume","Juggernaut+1"],"picked":"Immolate","floor":16},{"not_picked":["Iron Wave","Clothesline+1","Uppercut"],"picked":"Anger+1","floor":18},{"not_picked":["Body Slam","Shrug It Off"],"picked":"Bludgeon","floor":21},{"not_picked":["Havoc","Flex"],"picked":"Carnage+1","floor":22},{"not_picked":["Flex","Rage"],"picked":"Anger","floor":24},{"not_picked":["Cleave","Clothesline"],"picked":"Thunderclap+1","floor":25},{"not_picked":["Wild Strike","Juggernaut+1"],"picked":"Sword Boomerang","floor":29},{"not_picked":["Havoc","Metallicize+1"],"picked":"Perfected Strike","floor":30},{"not_picked":["Clothesline","Havoc+1"],"picked":"Perfected Strike+1","floor":31}],"player_experience":356556,"relics_obtained":[{"floor":8,"key":"Frozen Egg 2"},{"floor":9,"key":"Mercury Hourglass"},{"floor":13,"key":"Question Card"},{"floor":26,"key":"Juzu Bracelet"}],"event_choices":[{"damage_healed":0,"gold_gain":75,"player_choice":"Gather Gold","damage_taken":11,"max_hp_gain":0,"max_hp_loss":0,"event_name":"World of Goop","floor":5,"gold_loss":0},{"damage_healed":0,"gold_gain":0,"player_choice":"Traded Relic","damage_taken":0,"relics_obtained":["Nloth\u0027s Gift"],"max_hp_gain":0,"max_hp_loss":0,"event_name":"N\u0027loth","floor":20,"relics_lost":["Question Card"],"gold_loss":0}],"is_beta":false,"boss_relics":[{"not_picked":["Pandora\u0027s Box","Eternal Feather"],"picked":"Runic Pyramid"}],"items_purged_floors":[],"is_endless":false,"potions_floor_spawned":[1,3,8,18,25,29,30,31],"killed_by":"Collector","ascension_level":2}