{"gold_per_floor":[109,109,85,100,100,132,132,166,214,248,248,258,258,278,278,373,373,393,393,393,406,197,223,223,241,266,300,300],"floor_reached":28,"playtime":802,"items_purged":[],"score":329,"play_id":"9cf0b20b-6a2d-4419-89f7-e33d722e7f6a","local_time":"20191023194811","is_ascension_mode":true,"campfire_choices":[{"data":"Flying Knee","floor":7,"key":"SMITH"},{"floor":13,"key":"REST"},{"floor":15,"key":"REST"},{"floor":24,"key":"REST"}],"neow_cost":"NONE","seed_source_timestamp":697766127885700,"circlet_count":0,"master_deck":["Strike_G+1","Strike_G+1","Strike_G+1","Strike_G+1","Strike_G+1","Defend_G+1","Defend_G+1","Defend_G+1","Defend_G+1","Defend_G+1","Survivor+1","Neutralize+1","Cloak And Dagger","Flying Knee+1","Deadly Poison","Cloak And Dagger+1","Poisoned Stab+1","Finisher+1","Regret","Poisoned Stab+1","Infinite Blades","Die Die Die+1","Bouncing Flask","Dagger Spray+1","Riddle With Holes+1","Cloak And Dagger","Deadly Poison","Blur"],"relics":["Ring of the Snake","NeowsBlessing","Whetstone","Molten Egg 2","Bag of Marbles","Blue Candle","Juzu Bracelet","WristBlade","HandDrill","Girya","War Paint","Ornamental Fan"],"potions_floor_usage":[8,10,16,16,23,25],"damage_taken":[{"damage":0,"enemies":"Jaw Worm","floor":1,"turns":1},{"damage":0,"enemies":"2 Louse","floor":4,"turns":1},{"damage":0,"enemies":"3 Sentries","floor":6,"turns":1},{"damage":36,"enemies":"Lagavulin","floor":8,"turns":6},{"damage":13,"enemies":"Gremlin Nob","floor":10,"turns":4},{"damage":10,"enemies":"Small Slimes","floor":12,"turns":2},{"damage":8,"enemies":"Red Slaver","floor":14,"turns":2},{"damage":11,"enemies":"Hexaghost","floor":16,"turns":7},{"damage":11,"enemies":"Spheric Guardian","floor":18,"turns":4},{"damage":6,"enemies":"3 Byrds","floor":21,"turns":3},{"damage":31,"enemies":"Slavers","floor":23,"turns":3},{"damage":20,"enemies":"Snake Plant","floor":25,"turns":4},{"damage":41,"enemies":"Book of Stabbing","floor":27,"turns":5},{"damage":10,"enemies":"Shelled Parasite and Fungi","floor":28,"turns":2}],"seed_played":"-22375430883906564","potions_obtained":[{"floor":1,"key":"EntropicBrew"},{"floor":6,"key":"Explosive Potion"},{"floor":8,"key":"Weak Potion"},{"floor":12,"key":"Block Potion"},{"floor":18,"key":"FairyPotion"},{"floor":23,"key":"Weak Potion"},{"floor":27,"key":"Ancient Potion"}],"is_trial":false,"path_per_floor":["M","?","$","M","$","E","R","E","T","E","?","M","R","M","R","B",null,"M","?","?","M","$","E","R","M","T","E","M"],"character_chosen":"THE_SILENT","items_purchased":["Flying Knee","HandDrill"],"campfire_rested":3,"item_purchase_floors":[3,22],"current_hp_per_floor":[70,70,70,70,70,70,70,34,34,21,21,11,32,24,45,34,70,59,59,59,53,53,22,43,23,23,7,0],"gold":300,"neow_bonus":"THREE_ENEMY_KILL","is_prod":false,"is_daily":false,"chose_seed":false,"campfire_upgraded":1,"win_rate":0,"timestamp":1571852891,"path_taken":["M","?","$","M","$","E","R","E","T","E","?","M","R","M","R","BOSS","M","?","?","M","$","E","R","M","T","E","M"],"build_version":"2019-07-17","purchased_purges":0,"victory":false,"max_hp_per_floor":[70,70,70,70,70,70,70,70,70,70,70,70,70,70,70,70,70,70,70,70,70,70,70,70,70,70,70,70],"card_choices":[{"not_picked":["Choke","Prepared"],"picked":"Cloak And Dagger","floor":1},{"not_picked":["Catalyst","Skewer"],"picked":"Deadly Poison","floor":4},{"not_picked":["Skewer","Outmaneuver"],"picked":"Cloak And Dagger","floor":6},{"not_picked":["Flying Knee","All Out Attack"],"picked":"Poisoned Stab","floor":8},{"not_picked":["Acrobatics","Eviscerate+1"],"picked":"Finisher+1","floor":10},{"not_picked":["Flying Knee+1","Acrobatics"],"picked":"Poisoned Stab+1","floor":12},{"not_picked":["Flechettes+1","Corpse Explosion"],"picked":"Infinite Blades","floor":14},{"not_picked":["Tools of the Trade","Storm of Steel"],"picked":"Die Die Die+1","floor":16},{"not_picked":["Underhanded Strike+1","Concentrate"],"picked":"Bouncing Flask","floor":18},{"not_picked":["Slice+1","Skewer+1"],"picked":"Riddle With Holes+1","floor":21},{"not_picked":["Deflect","Calculated Gamble"],"picked":"Cloak And Dagger","floor":23},{"not_picked":["Catalyst","Sucker Punch+1"],"picked":"Deadly Poison","floor":25},{"not_picked":["Footwork","Leg Sweep"],"picked":"Blur","floor":27}],"player_experience":102297,"relics_obtained":[{"floor":6,"key":"Whetstone"},{"floor":8,"key":"Molten Egg 2"},{"floor":9,"key":"Bag of Marbles"},{"floor":10,"key":"Blue Candle"},{"floor":23,"key":"Girya"},{"floor":26,"key":"War Paint"},{"floor":27,"key":"Ornamental Fan"}],"event_choices":[{"damage_healed":0,"gold_gain":0,"player_choice":"Ignored","damage_taken":0,"max_hp_gain":0,"max_hp_loss":0,"event_name":"Golden Wing","floor":2,"gold_loss":0},{"damage_healed":0,"gold_gain":0,"player_choice":"Box","damage_taken":0,"relics_obtained":["Juzu Bracelet"],"max_hp_gain":0,"max_hp_loss":0,"event_name":"Big Fish","floor":11,"gold_loss":0,"cards_obtained":["Regret"]},{"damage_healed":0,"gold_gain":0,"player_choice":"Read","damage_taken":0,"max_hp_gain":0,"max_hp_loss":0,"event_name":"The Library","floor":19,"gold_loss":0,"cards_obtained":["Dagger Spray"]},{"damage_healed":0,"gold_gain":0,"player_choice":"Simplicity","damage_taken":0,"max_hp_gain":0,"max_hp_loss":0,"event_name":"Back to Basics","floor":20,"gold_loss":0,"cards_upgraded":["Strike_G","Strike_G","Strike_G","Strike_G","Defend_G","Defend_G","Defend_G","Defend_G","Defend_G"]}],"is_beta":false,"boss_relics":[{"not_picked":["Calling Bell","Pandora\u0027s Box"],"picked":"WristBlade"}],"items_purged_floors":[],"is_endless":false,"potions_floor_spawned":[1,6,8,12,18,23,27],"killed_by":"Shelled Parasite and Fungi","ascension_level":2}