{"gold_per_floor":[115,127,143,7,19,45,55,86,86,99,129,129,99,117,117,117],"floor_reached":16,"playtime":2970,"items_purged":[],"score":125,"play_id":"358d3fbc-1dfb-4b94-a86f-0b56bdbd9e1d","local_time":"20180715212852","is_ascension_mode":true,"campfire_choices":[{"floor":15,"key":"REST"}],"neow_cost":"NONE","seed_source_timestamp":1896140390546272,"circlet_count":0,"master_deck":["Strike_R","Strike_R","Strike_R","Strike_R","Strike_R","Defend_R+1","Defend_R","Defend_R+1","Defend_R","Bash","Pommel Strike","Sword Boomerang","Twin Strike","Fiend Fire","Feel No Pain","Dark Embrace","Flex","Power Through","Ghostly Armor","Blood for Blood"],"relics":["Burning Blood","War Paint","Pen Nib","Paper Frog","Shovel","Ornamental Fan"],"potions_floor_usage":[6,6,10,16,16,16],"damage_taken":[{"damage":5,"enemies":"Cultist","floor":1,"turns":4},{"damage":0,"enemies":"Small Slimes","floor":2,"turns":3},{"damage":3,"enemies":"Jaw Worm","floor":3,"turns":4},{"damage":0,"enemies":"Large Slime","floor":5,"turns":3},{"damage":7,"enemies":"Gremlin Nob","floor":6,"turns":4},{"damage":12,"enemies":"Gremlin Gang","floor":7,"turns":7},{"damage":41,"enemies":"Lagavulin","floor":8,"turns":6},{"damage":25,"enemies":"Red Slaver","floor":10,"turns":5},{"damage":4,"enemies":"3 Louse","floor":14,"turns":5},{"damage":50,"enemies":"Slime Boss","floor":16,"turns":10}],"seed_played":"-4451928979132003754","potions_obtained":[{"floor":1,"key":"Block Potion"},{"floor":5,"key":"SkillPotion"},{"floor":8,"key":"SteroidPotion"},{"floor":10,"key":"EssenceOfSteel"},{"floor":13,"key":"SteroidPotion"},{"floor":13,"key":"PowerPotion"}],"is_trial":false,"path_per_floor":["M","M","M","$","M","E","M","E","T","M","?","?","?","M","R"],"character_chosen":"IRONCLAD","items_purchased":["Fiend Fire"],"campfire_rested":1,"item_purchase_floors":[4],"current_hp_per_floor":[80,80,80,80,80,79,73,38,38,19,19,19,19,21,45,0],"gold":117,"neow_bonus":"RANDOM_COMMON_RELIC","is_prod":false,"is_daily":false,"chose_seed":false,"campfire_upgraded":0,"win_rate":0,"timestamp":1531704532,"path_taken":["M","M","M","$","M","E","M","E","T","?","?","?","?","M","R","BOSS"],"build_version":"2018-06-21v2","purchased_purges":0,"victory":false,"max_hp_per_floor":[80,80,80,80,80,80,80,80,80,80,80,80,80,80,80,80],"card_choices":[{"not_picked":["Searing Blow","Battle Trance"],"picked":"Pommel Strike","floor":1},{"not_picked":["Havoc","Body Slam"],"picked":"Sword Boomerang","floor":2},{"not_picked":["Sword Boomerang","Pommel Strike"],"picked":"Twin Strike","floor":3},{"not_picked":["Thunderclap","Wild Strike"],"picked":"Feel No Pain","floor":5},{"not_picked":["Sever Soul","Sword Boomerang"],"picked":"Dark Embrace","floor":6},{"not_picked":["Battle Trance","Wild Strike"],"picked":"Flex","floor":7},{"not_picked":["Clothesline","Dual Wield"],"picked":"Power Through","floor":8},{"not_picked":["Wild Strike","Inflame"],"picked":"Ghostly Armor","floor":10},{"not_picked":["Warcry","Iron Wave"],"picked":"Blood for Blood","floor":14}],"player_experience":1287761,"relics_obtained":[{"floor":6,"key":"Pen Nib"},{"floor":8,"key":"Paper Frog"},{"floor":9,"key":"Shovel"}],"event_choices":[{"event_name":"Dead Adventurer","player_choice":"Searched \u00271\u0027 times","floor":11,"damage_taken":0},{"event_name":"Wheel of Change","player_choice":"Relic","floor":12,"damage_taken":0},{"event_name":"The Woman in Blue","player_choice":"Bought 2 Potions","floor":13,"damage_taken":0}],"boss_relics":[],"items_purged_floors":[],"is_endless":false,"potions_floor_spawned":[1,5,8,10],"killed_by":"Slime Boss","ascension_level":2}