{"gold_per_floor":[11,28,41,51,51,85,85,115,142,142,207,207,207,207,207,282,282,299,319,334,357,379,391,419,431,513,560,572,616,628,640,652,740,752,778,835,865,317,317],"floor_reached":39,"playtime":3584,"items_purged":["Strike_R"],"score":874,"play_id":"d83d5912-b0fe-4f64-a6f4-4d5dfde93d51","local_time":"20190901025752","is_ascension_mode":true,"campfire_choices":[{"data":"Clothesline","floor":7.0,"key":"SMITH"},{"data":"Offering","floor":10.0,"key":"SMITH"},{"data":"Bash","floor":13.0,"key":"SMITH"},{"floor":15.0,"key":"REST"},{"floor":23.0,"key":"REST"},{"floor":25.0,"key":"REST"},{"floor":28.0,"key":"REST"},{"floor":32.0,"key":"REST"}],"neow_cost":"NO_GOLD","seed_source_timestamp":915675617344526,"circlet_count":0,"master_deck":["AscendersBane","Strike_R+1","Strike_R+1","Strike_R","Defend_R","Defend_R","Defend_R","Defend_R","Bash+1","Clothesline+1","Carnage","Thunderclap","Headbutt","Offering+1","Metallicize","Double Tap","Blood for Blood","Armaments","Metallicize","Combust","RitualDagger","Reaper","Flame Barrier","Rupture","Sadistic Nature","Uppercut"],"special_seed":0,"relics":["Burning Blood","StoneCalendar","Orichalcum","Whetstone","Strawberry","Tiny Chest","Regal Pillow","Philosopher\u0027s Stone","MawBank","Self Forming Clay","Kunai","PreservedInsect","Cursed Key","Ginger"],"potions_floor_usage":[39,39],"damage_taken":[{"damage":1.0,"enemies":"Cultist","floor":1.0,"turns":3.0},{"damage":9.0,"enemies":"2 Louse","floor":2.0,"turns":3.0},{"damage":5.0,"enemies":"Small Slimes","floor":3.0,"turns":3.0},{"damage":9.0,"enemies":"3 Louse","floor":4.0,"turns":3.0},{"damage":20.0,"enemies":"3 Sentries","floor":6.0,"turns":7.0},{"damage":12.0,"enemies":"Gremlin Nob","floor":8.0,"turns":4.0},{"damage":18.0,"enemies":"Lagavulin","floor":11.0,"turns":7.0},{"damage":38.0,"enemies":"Hexaghost","floor":16.0,"turns":9.0},{"damage":24.0,"enemies":"Shell Parasite","floor":18.0,"turns":4.0},{"damage":3.0,"enemies":"Spheric Guardian","floor":19.0,"turns":3.0},{"damage":26.0,"enemies":"Snake Plant","floor":20.0,"turns":4.0},{"damage":46.0,"enemies":"Shelled Parasite and Fungi","floor":22.0,"turns":4.0},{"damage":28.0,"enemies":"Snecko","floor":24.0,"turns":5.0},{"damage":39.0,"enemies":"Book of Stabbing","floor":27.0,"turns":5.0},{"damage":42.0,"enemies":"Slavers","floor":29.0,"turns":6.0},{"damage":71.0,"enemies":"Automaton","floor":33.0,"turns":10.0},{"damage":14,"enemies":"3 Darklings","floor":35,"turns":7},{"damage":49,"enemies":"2 Orb Walkers","floor":36,"turns":5},{"damage":8,"enemies":"3 Shapes","floor":37,"turns":7},{"damage":37,"enemies":"Maw","floor":39,"turns":4}],"seed_played":"-472817056736445696","potions_obtained":[{"floor":2.0,"key":"GamblersBrew"},{"floor":3.0,"key":"SteroidPotion"},{"floor":4.0,"key":"FairyPotion"},{"floor":6.0,"key":"Weak Potion"},{"floor":18.0,"key":"Dexterity Potion"},{"floor":20.0,"key":"AttackPotion"},{"floor":29.0,"key":"Energy Potion"}],"is_trial":false,"path_per_floor":["M","M","M","M","?","E","R","E","T","R","E","?","R","?","R","B",null,"M","M","M","T","M","R","M","R","T","E","R","E","?","?","R","B",null,"M","?","M","$","M"],"character_chosen":"IRONCLAD","items_purchased":["Rupture","Sadistic Nature","Uppercut","BloodPotion","EssenceOfSteel"],"campfire_rested":5,"item_purchase_floors":[38,38,38,38,38],"current_hp_per_floor":[73,70,71,68,68,54,54,48,55,55,43,43,43,43,82,50,74,56,59,39,39,13,52,30,69,69,36,75,39,33,33,72,7,63,65,26,24,24,0],"gold":317,"neow_bonus":"ONE_RARE_RELIC","is_prod":false,"is_daily":false,"chose_seed":false,"campfire_upgraded":3,"win_rate":0,"timestamp":1567321072,"path_taken":["M","M","M","?","?","E","R","E","T","R","E","?","R","?","R","BOSS","M","?","M","?","M","R","M","R","T","E","R","E","?","?","R","BOSS","M","?","M","$","M"],"build_version":"2019-01-23","purchased_purges":1,"victory":false,"max_hp_per_floor":[75,75,75,75,75,75,75,75,82,82,82,82,82,82,82,82,82,82,82,82,82,82,82,82,82,82,82,82,82,82,82,82,82,82,82,82,82,82,82],"card_choices":[{"not_picked":["Body Slam","Flex"],"picked":"Clothesline","floor":1.0},{"not_picked":["Iron Wave","Intimidate"],"picked":"Carnage","floor":2.0},{"not_picked":["Heavy Blade","Pummel"],"picked":"Thunderclap","floor":3.0},{"not_picked":["Entrench","Heavy Blade","Burning Pact"],"picked":"SKIP","floor":4.0},{"not_picked":["Entrench","Armaments"],"picked":"Headbutt","floor":6.0},{"not_picked":["Sword Boomerang","Infernal Blade"],"picked":"Offering","floor":8.0},{"not_picked":["Seeing Red","Carnage"],"picked":"Metallicize","floor":11.0},{"not_picked":["Berserk","Dark Embrace"],"picked":"Double Tap","floor":16.0},{"not_picked":["Havoc","Iron Wave"],"picked":"Blood for Blood","floor":18.0},{"not_picked":["Pommel Strike","Body Slam"],"picked":"Armaments","floor":19.0},{"not_picked":["Pummel+1","Dual Wield"],"picked":"Metallicize","floor":20.0},{"not_picked":["Warcry","Wild Strike","Armaments"],"picked":"SKIP","floor":22.0},{"not_picked":["Sword Boomerang","Warcry+1"],"picked":"Combust","floor":24.0},{"not_picked":["Armaments","Havoc","Limit Break"],"picked":"SKIP","floor":27.0},{"not_picked":["Headbutt","Warcry","Sword Boomerang"],"picked":"SKIP","floor":29.0},{"not_picked":["Double Tap","Brutality"],"picked":"Reaper","floor":33.0},{"not_picked":["Cleave","Perfected Strike"],"picked":"Flame Barrier","floor":35},{"not_picked":["True Grit","Flex","Inflame"],"picked":"SKIP","floor":37}],"player_experience":2888282,"relics_obtained":[{"floor":6.0,"key":"Orichalcum"},{"floor":8.0,"key":"Whetstone"},{"floor":9.0,"key":"Strawberry"},{"floor":11.0,"key":"Tiny Chest"},{"floor":21.0,"key":"MawBank"},{"floor":26.0,"key":"Self Forming Clay"},{"floor":27.0,"key":"Kunai"},{"floor":29.0,"key":"PreservedInsect"},{"floor":36,"key":"Ginger"}],"event_choices":[{"damage_healed":0.0,"max_hp_gain":0.0,"max_hp_loss":0.0,"gold_gain":0.0,"event_name":"The Cleric","player_choice":"Leave","floor":5.0,"gold_loss":0.0,"damage_taken":0.0},{"damage_healed":0.0,"max_hp_gain":0.0,"max_hp_loss":0.0,"gold_gain":0.0,"event_name":"Dead Adventurer","player_choice":"Searched \u00271\u0027 times","floor":12.0,"gold_loss":0.0,"damage_taken":0.0,"relics_obtained":["Regal Pillow"]},{"cards_removed":["Strike_R"],"damage_healed":0.0,"max_hp_gain":0.0,"max_hp_loss":0.0,"gold_gain":0.0,"event_name":"Bonfire Elementals","player_choice":"Offered Basic","floor":14.0,"gold_loss":0.0,"damage_taken":0.0},{"damage_healed":0.0,"max_hp_gain":0.0,"max_hp_loss":0.0,"gold_gain":0.0,"event_name":"Nest","player_choice":"Joined the Cult","floor":30.0,"gold_loss":0.0,"damage_taken":6.0,"cards_obtained":["RitualDagger"]},{"damage_healed":0.0,"max_hp_gain":0.0,"max_hp_loss":0.0,"gold_gain":0.0,"event_name":"Ghosts","player_choice":"Ignored","floor":31.0,"gold_loss":0.0,"damage_taken":0.0},{"damage_healed":0,"gold_gain":0,"player_choice":"Fight","damage_taken":0,"max_hp_gain":0,"max_hp_loss":0,"event_name":"Mysterious Sphere","floor":36,"gold_loss":0}],"is_beta":false,"boss_relics":[{"not_picked":["Black Blood","Runic Pyramid"],"picked":"Philosopher\u0027s Stone"},{"not_picked":["Mark of Pain","Snecko Eye"],"picked":"Cursed Key"}],"items_purged_floors":[38],"is_endless":false,"potions_floor_spawned":[2,3,4,6,18,20,29],"killed_by":"Maw","ascension_level":20}