{"gold_per_floor":[114,87,87,161,176,206,206,236,236,236,266,45,320,335,335,435,435,450,465,465,465,465,465,495,495,545,575,9,64,64,79,79,179,179,194,209,209,209,249,304,304,334,384,414,8,63,100,112,124,136],"floor_reached":50,"playtime":4393,"items_purged":[],"score":828,"play_id":"015024f1-9518-49a2-8420-f7a1bf0b18fe","local_time":"20181020010307","daily_mods":["Draft","Blue Cards","Elite Swarm"],"is_ascension_mode":false,"campfire_choices":[{"floor":7,"key":"REST"},{"data":"Hologram","floor":10,"key":"SMITH"},{"floor":15,"key":"REST"},{"data":"Hologram","floor":23,"key":"SMITH"},{"data":"Burst","floor":25,"key":"SMITH"},{"data":"Hologram","floor":30,"key":"SMITH"},{"data":"Beam Cell","floor":32,"key":"SMITH"},{"data":"Seek","floor":41,"key":"SMITH"},{"floor":49,"key":"REST"}],"neow_cost":"","seed_source_timestamp":137883545948899,"circlet_count":0,"master_deck":["Streamline","Sucker Punch","Masterful Stab","Poisoned Stab+1","Glacier+1","Skim","Calculated Gamble","Beam Cell+1","Steam","PiercingWail+1","Cloak And Dagger","Poisoned Stab","Hologram+1","Sucker Punch","Hologram+1","Footwork","Hologram+1","Endless Agony","All For One","Corpse Explosion","Corpse Explosion","Outmaneuver","PiercingWail+1","Escape Plan","Echo Form+1","Quick Slash+1","Beam Cell+1","Burst+1","All For One+1","Static Discharge+1","HandOfGreed+1","Flash of Steel+1","Slice+1","Hyperbeam+1","Cloak And Dagger+1","After Image+1","Conserve Battery","Echo Form+1","Backflip+1","Seek+1","Echo Form+1","Phantasmal Killer","Unload+1","Deflect","Scrape+1","Machine Learning+1","Turbo+1"],"special_seed":17824,"relics":["Ring of the Snake","Omamori","Molten Egg 2","Mercury Hourglass","Oddly Smooth Stone","PreservedInsect","Sozu","Ginger","Bird Faced Urn","Frozen Egg 2","Boot","Gremlin Horn","OrangePellets","Tough Bandages","Black Star","Regal Pillow","Lantern","Strawberry","Art of War","War Paint","Torii","Mango","Bag of Marbles","Juzu Bracelet","MawBank","Peace Pipe"],"potions_floor_usage":[16,16,16],"damage_taken":[{"damage":0,"enemies":"2 Louse","floor":1,"turns":1},{"damage":0,"enemies":"Jaw Worm","floor":5,"turns":2},{"damage":8,"enemies":"Lagavulin","floor":6,"turns":5},{"damage":18,"enemies":"Gremlin Nob","floor":8,"turns":4},{"damage":7,"enemies":"Lagavulin","floor":11,"turns":3},{"damage":0,"enemies":"Small Slimes","floor":14,"turns":2},{"damage":8,"enemies":"The Guardian","floor":16,"turns":8},{"damage":4,"enemies":"Spheric Guardian","floor":18,"turns":3},{"damage":0,"enemies":"3 Byrds","floor":19,"turns":1},{"damage":0,"enemies":"Gremlin Leader","floor":24,"turns":3},{"damage":2,"enemies":"Slavers","floor":27,"turns":3},{"damage":5,"enemies":"Book of Stabbing","floor":29,"turns":3},{"damage":7,"enemies":"Snecko","floor":31,"turns":5},{"damage":13,"enemies":"Champ","floor":33,"turns":8},{"damage":3,"enemies":"Orb Walker","floor":35,"turns":2},{"damage":9,"enemies":"3 Darklings","floor":36,"turns":3},{"damage":0,"enemies":"Sphere and 2 Shapes","floor":39,"turns":3},{"damage":0,"enemies":"Reptomancer","floor":40,"turns":4},{"damage":15,"enemies":"Nemesis","floor":42,"turns":4},{"damage":0,"enemies":"Reptomancer","floor":44,"turns":3},{"damage":11,"enemies":"Nemesis","floor":46,"turns":5},{"damage":0,"enemies":"Mind Bloom Boss Battle","floor":47,"turns":4},{"damage":106,"enemies":"Time Eater","floor":50,"turns":9}],"seed_played":"5305881688716240515","potions_obtained":[{"floor":5,"key":"Poison Potion"},{"floor":6,"key":"EssenceOfSteel"},{"floor":11,"key":"LiquidBronze"}],"is_trial":false,"path_per_floor":["M","$","?","?","M","E","R","E","T","R","E","$","?","M","R","B",null,"M","M","?","?","T","R","E","R","T","E","$","E","R","M","R","B",null,"M","M","?","?","M","E","R","E","T","E","$","E","?","?","R"],"character_chosen":"THE_SILENT","items_purchased":["Hologram","PreservedInsect","Outmaneuver","PiercingWail","Static Discharge+1","OrangePellets","HandOfGreed+1","Flash of Steel+1","Slice+1","Unload+1","Bag of Marbles","Deflect","Scrape+1"],"campfire_rested":3,"item_purchase_floors":[2,12,12,12,28,28,28,28,28,45,45,45,45],"current_hp_per_floor":[70,70,56,56,56,48,69,51,51,51,44,44,44,44,65,57,70,66,66,66,66,66,66,66,66,66,64,64,63,63,62,62,57,70,67,61,61,61,65,67,67,64,64,80,80,73,79,79,91,0],"gold":136,"neow_bonus":"","is_prod":false,"is_daily":true,"chose_seed":false,"campfire_upgraded":6,"win_rate":0,"timestamp":1540011787,"path_taken":["M","$","?","?","?","E","R","E","T","R","E","$","?","M","R","BOSS","M","M","?","?","?","R","E","R","T","E","$","E","R","M","R","BOSS","M","M","?","?","?","E","R","E","T","E","$","E","?","?","R","BOSS"],"build_version":"2018-10-18","purchased_purges":0,"victory":false,"max_hp_per_floor":[70,70,70,70,70,70,70,70,70,70,70,70,70,70,70,70,70,70,70,70,70,70,70,70,70,70,70,70,70,70,70,70,70,70,70,70,70,70,70,70,70,77,77,91,91,91,91,91,91,91],"card_choices":[{"not_picked":["Sweeping Beam","Compile Driver"],"picked":"Streamline","floor":0},{"not_picked":["Backflip","Caltrops"],"picked":"Sucker Punch","floor":0},{"not_picked":["Deflect","Stack"],"picked":"Masterful Stab","floor":0},{"not_picked":["Redo","Sucker Punch"],"picked":"Poisoned Stab","floor":0},{"not_picked":["Blizzard","Dagger Throw"],"picked":"Glacier","floor":0},{"not_picked":["All Out Attack","Deadly Poison"],"picked":"Skim","floor":0},{"not_picked":["Dagger Throw","Darkness"],"picked":"Calculated Gamble","floor":0},{"not_picked":["Well Laid Plans","Blade Dance"],"picked":"Beam Cell","floor":0},{"not_picked":["Skewer","Stack"],"picked":"Steam","floor":0},{"not_picked":["FTL","Rebound"],"picked":"PiercingWail","floor":0},{"not_picked":["Beam Cell","Underhanded Strike"],"picked":"Cloak And Dagger","floor":0},{"not_picked":["Beam Cell","Heatsinks"],"picked":"Poisoned Stab","floor":0},{"not_picked":["Dodge and Roll","Blade Dance"],"picked":"Hologram","floor":0},{"not_picked":["Chill","Slice"],"picked":"Sucker Punch","floor":0},{"not_picked":["Prepared","Streamline"],"picked":"Hologram","floor":0},{"not_picked":["Well Laid Plans","Double Energy"],"picked":"Footwork","floor":1},{"not_picked":["Force Field","Concentrate"],"picked":"Endless Agony","floor":5},{"not_picked":["Thunder Strike","Multi-Cast"],"picked":"All For One","floor":6},{"not_picked":["Adrenaline","Biased Cognition"],"picked":"Corpse Explosion","floor":8},{"not_picked":["Tools of the Trade","Venomology"],"picked":"Corpse Explosion","floor":11},{"not_picked":["Coolheaded","Storm"],"picked":"Escape Plan","floor":14},{"not_picked":["Corpse Explosion","Wraith Form v2"],"picked":"Echo Form","floor":16},{"not_picked":["All Out Attack+1","Reinforced Body+1"],"picked":"Quick Slash+1","floor":18},{"not_picked":["Slice+1","Endless Agony+1"],"picked":"Beam Cell+1","floor":19},{"not_picked":["Grand Finale+1","Die Die Die+1"],"picked":"Burst","floor":24},{"not_picked":["Tools of the Trade+1","Meteor Strike+1"],"picked":"All For One+1","floor":27},{"not_picked":["Amplify","Machine Learning+1"],"picked":"Hyperbeam+1","floor":29},{"not_picked":["Consume","Riddle With Holes+1"],"picked":"Cloak And Dagger","floor":31},{"not_picked":["Malaise","Meteor Strike+1"],"picked":"After Image+1","floor":33},{"not_picked":["Sucker Punch+1","Darkness+1"],"picked":"Conserve Battery","floor":35},{"not_picked":["Coolheaded+1","Flying Knee+1","Scrape+1"],"picked":"SKIP","floor":36},{"not_picked":["Recycle","Underhanded Strike+1"],"picked":"Backflip+1","floor":39},{"not_picked":["Amplify","Wraith Form v2+1"],"picked":"Seek","floor":40},{"not_picked":["Hyperbeam+1","Glass Knife+1"],"picked":"Echo Form+1","floor":42},{"not_picked":["Meteor Strike+1","Fission"],"picked":"Phantasmal Killer","floor":44},{"not_picked":["Venomology","Electrodynamics+1"],"picked":"Machine Learning+1","floor":46},{"not_picked":["Deflect+1","Loop+1"],"picked":"Turbo+1","floor":47}],"player_experience":1880022,"relics_obtained":[{"floor":6,"key":"Omamori"},{"floor":8,"key":"Molten Egg 2"},{"floor":9,"key":"Mercury Hourglass"},{"floor":11,"key":"Oddly Smooth Stone"},{"floor":22,"key":"Bird Faced Urn"},{"floor":24,"key":"Frozen Egg 2"},{"floor":26,"key":"Boot"},{"floor":27,"key":"Gremlin Horn"},{"floor":29,"key":"Tough Bandages"},{"floor":40,"key":"Regal Pillow"},{"floor":40,"key":"Lantern"},{"floor":42,"key":"Strawberry"},{"floor":42,"key":"Art of War"},{"floor":43,"key":"War Paint"},{"floor":44,"key":"Torii"},{"floor":44,"key":"Mango"},{"floor":46,"key":"Juzu Bracelet"},{"floor":46,"key":"MawBank"},{"floor":47,"key":"Peace Pipe"}],"event_choices":[{"damage_healed":0,"gold_gain":0,"player_choice":"Entered Light","damage_taken":14,"max_hp_gain":0,"max_hp_loss":0,"event_name":"Shining Light","floor":3,"gold_loss":0,"cards_upgraded":["Poisoned Stab","PiercingWail"]},{"damage_healed":0,"gold_gain":74,"player_choice":"Gained Gold","damage_taken":0,"max_hp_gain":0,"max_hp_loss":0,"event_name":"Golden Wing","floor":4,"gold_loss":0},{"damage_healed":0,"gold_gain":275,"player_choice":"Desecrate","damage_taken":0,"max_hp_gain":0,"max_hp_loss":0,"event_name":"Golden Shrine","floor":13,"gold_loss":0,"cards_obtained":["Regret"]},{"damage_healed":0,"gold_gain":0,"player_choice":"Opened","damage_taken":0,"relics_obtained":["Ginger"],"max_hp_gain":0,"max_hp_loss":0,"event_name":"The Mausoleum","floor":20,"gold_loss":0},{"damage_healed":0,"gold_gain":0,"player_choice":"Upgraded","damage_taken":0,"max_hp_gain":0,"max_hp_loss":0,"event_name":"Upgrade Shrine","floor":21,"gold_loss":0,"cards_upgraded":["Echo Form"]},{"damage_healed":0,"gold_gain":0,"player_choice":"Got Potions","damage_taken":0,"max_hp_gain":0,"max_hp_loss":0,"event_name":"The Lab","floor":37,"gold_loss":0},{"damage_healed":0,"gold_gain":0,"player_choice":"Copied","damage_taken":0,"max_hp_gain":0,"max_hp_loss":0,"event_name":"Duplicator","floor":38,"gold_loss":0,"cards_obtained":["Echo Form"]},{"damage_healed":0,"gold_gain":0,"player_choice":"Fight","damage_taken":0,"max_hp_gain":0,"max_hp_loss":0,"event_name":"MindBloom","floor":47,"gold_loss":0},{"damage_healed":0,"gold_gain":0,"player_choice":"Upgraded","damage_taken":0,"max_hp_gain":0,"max_hp_loss":0,"event_name":"Upgrade Shrine","floor":48,"gold_loss":0,"cards_upgraded":["PiercingWail"]}],"is_beta":false,"boss_relics":[{"not_picked":["Ectoplasm","HoveringKite"],"picked":"Sozu"},{"not_picked":["Fusion Hammer","Pandora\u0027s Box"],"picked":"Black Star"}],"items_purged_floors":[],"is_endless":false,"potions_floor_spawned":[5,6,11,19,24,27,29,31,36,42,44,46],"killed_by":"Time Eater","ascension_level":0}