{"gold_per_floor":[119,119,29,46,61,95,95,95],"floor_reached":8,"playtime":1809,"items_purged":[],"score":104,"play_id":"86739e51-fbd6-482c-ae52-848f19abb07d","local_time":"20190318212106","is_ascension_mode":true,"campfire_choices":[{"floor":7,"key":"REST"}],"neow_cost":"NONE","seed_source_timestamp":1600035654530176,"circlet_count":0,"master_deck":["AscendersBane","Defend_G","Defend_G","Defend_G","Defend_G","Defend_G","Strike_G","Strike_G","Strike_G","Strike_G","Strike_G","Survivor","Neutralize","Caltrops","PiercingWail","Dash","Backflip","Blade Dance","Crippling Poison"],"special_seed":0,"relics":["Ring of the Snake","Boot"],"potions_floor_usage":[6],"damage_taken":[{"damage":1,"enemies":"Small Slimes","floor":1,"turns":5},{"damage":4,"enemies":"Cultist","floor":4,"turns":6},{"damage":0,"enemies":"Jaw Worm","floor":5,"turns":6},{"damage":45,"enemies":"Lagavulin","floor":6,"turns":10},{"damage":52,"enemies":"Gremlin Nob","floor":8,"turns":4}],"seed_played":"-8273480608619264984","potions_obtained":[{"floor":5,"key":"Block Potion"}],"is_trial":false,"path_per_floor":["M","?","$","M","M","E","R","E"],"character_chosen":"THE_SILENT","items_purchased":["Dash"],"campfire_rested":1,"item_purchase_floors":[3],"current_hp_per_floor":[58,58,58,54,54,9,28,0],"gold":95,"neow_bonus":"THREE_CARDS","is_prod":false,"is_daily":false,"chose_seed":false,"campfire_upgraded":0,"win_rate":0,"timestamp":1552958466,"path_taken":["M","?","$","M","M","E","R","E"],"build_version":"2019-01-23","purchased_purges":0,"victory":false,"max_hp_per_floor":[66,66,66,66,66,66,66,66],"card_choices":[{"not_picked":["Outmaneuver","Setup"],"picked":"Caltrops","floor":0.0},{"not_picked":["Deadly Poison","Slice"],"picked":"PiercingWail","floor":1},{"not_picked":["Dash","Tactician"],"picked":"Backflip","floor":4},{"not_picked":["Acrobatics","Blade Dance","Underhanded Strike"],"picked":"SKIP","floor":5},{"not_picked":["Acrobatics","Blade Dance","Underhanded Strike"],"picked":"SKIP","floor":5},{"not_picked":["Acrobatics","Underhanded Strike"],"picked":"Blade Dance","floor":5},{"not_picked":["Deadly Poison","Poisoned Stab"],"picked":"Crippling Poison","floor":6}],"player_experience":2400727,"relics_obtained":[{"floor":6,"key":"Boot"}],"event_choices":[{"damage_healed":0,"gold_gain":0,"player_choice":"Ignored","damage_taken":0,"max_hp_gain":0,"max_hp_loss":0,"event_name":"Shining Light","floor":2,"gold_loss":0}],"is_beta":false,"boss_relics":[],"items_purged_floors":[],"is_endless":false,"potions_floor_spawned":[5],"killed_by":"Gremlin Nob","ascension_level":17}