{"gold_per_floor":[110,18,33,49,69,69,83,108,134,134,154,168,168],"floor_reached":13,"playtime":715,"items_purged":[],"score":89,"play_id":"57f77da1-80f6-4cc1-b06f-dcb14fd482d4","local_time":"20190910083658","is_ascension_mode":false,"campfire_choices":[{"floor":6,"key":"RECALL"},{"floor":10,"key":"REST"}],"neow_cost":"NONE","seed_source_timestamp":81114965951080,"circlet_count":0,"master_deck":["Strike_P","Strike_P","Strike_P","Strike_P","Defend_P","Defend_P","Defend_P","Defend_P","Eruption","Vigilance","Vengeance","ClearTheMind","ThirdEye","Conclude","EmptyMind","FollowUp","WaveOfTheHand","Ragnarok","ForeignInfluence","WindmillStrike"],"relics":["PureWater","NeowsBlessing","Blood Vial","Orichalcum"],"potions_floor_usage":[8,8],"damage_taken":[{"damage":0,"enemies":"Cultist","floor":1,"turns":1},{"damage":0,"enemies":"Small Slimes","floor":3,"turns":1},{"damage":0,"enemies":"Jaw Worm","floor":4,"turns":1},{"damage":10,"enemies":"2 Fungi Beasts","floor":5,"turns":4},{"damage":8,"enemies":"Red Slaver","floor":7,"turns":4},{"damage":51,"enemies":"3 Sentries","floor":8,"turns":6},{"damage":10,"enemies":"Looter","floor":11,"turns":3},{"damage":1,"enemies":"2 Fungi Beasts","floor":12,"turns":3},{"damage":25,"enemies":"Gremlin Gang","floor":13,"turns":2}],"seed_played":"2058573225781758157","potions_obtained":[{"floor":1,"key":"Regen Potion"},{"floor":3,"key":"Strength Potion"},{"floor":11,"key":"Dexterity Potion"}],"is_trial":false,"path_per_floor":["M","$","M","M","M","R","M","E","T","R","M","M","M"],"character_chosen":"WATCHER","items_purchased":["ClearTheMind","ThirdEye"],"campfire_rested":1,"item_purchase_floors":[2,2],"current_hp_per_floor":[65,65,65,65,55,55,47,11,11,30,22,23,0],"gold":168,"neow_bonus":"THREE_ENEMY_KILL","is_prod":false,"is_daily":false,"chose_seed":false,"campfire_upgraded":0,"win_rate":0.0,"timestamp":1568115418,"path_taken":["M","?","M","M","M","R","M","E","T","R","M","M","M"],"build_version":"2019-09-09v2","purchased_purges":0,"victory":false,"max_hp_per_floor":[65,65,65,65,65,65,65,65,65,65,65,65,65],"card_choices":[{"not_picked":["Halt","FollowUp"],"picked":"Vengeance","floor":1},{"not_picked":["FollowUp","InnerPeace"],"picked":"Conclude","floor":3},{"not_picked":["SandsOfTime","CutThroughFate"],"picked":"EmptyMind","floor":4},{"not_picked":["ClearTheMind","CutThroughFate"],"picked":"FollowUp","floor":5},{"not_picked":["Protect","FollowUp"],"picked":"WaveOfTheHand","floor":7},{"not_picked":["FollowUp","ClearTheMind"],"picked":"Ragnarok","floor":8},{"not_picked":["EmptyBody","WaveOfTheHand"],"picked":"ForeignInfluence","floor":11},{"not_picked":["JustLucky","Consecrate"],"picked":"WindmillStrike","floor":12}],"player_experience":403200,"relics_obtained":[{"floor":8,"key":"Blood Vial"},{"floor":9,"key":"Orichalcum"}],"event_choices":[],"is_beta":true,"boss_relics":[],"items_purged_floors":[],"is_endless":false,"potions_floor_spawned":[1,3,11],"killed_by":"Gremlin Gang","ascension_level":0}