{"gold_per_floor":[112,125,125,148,101,101,137,137,137,137,60,76,50,74,74,202,202,225,225,239,1,1,1,1,1,27,39,51,63,100,148,160,172],"floor_reached":33,"playtime":2271,"items_purged":[],"score":418,"play_id":"3323c7ab-ca9d-42c9-b248-37de97ab7327","local_time":"20181117145037","is_ascension_mode":true,"campfire_choices":[{"floor":6.0,"key":"REST"},{"floor":8.0,"key":"REST"},{"data":"Backstab","floor":10.0,"key":"SMITH"},{"data":"Survivor","floor":15.0,"key":"SMITH"},{"data":"Terror","floor":23.0,"key":"SMITH"},{"data":"Blade Dance","floor":25.0,"key":"SMITH"},{"data":"Malaise","floor":29.0,"key":"SMITH"},{"data":"Bouncing Flask","floor":32,"key":"SMITH"}],"neow_cost":"NONE","seed_source_timestamp":0,"circlet_count":0,"master_deck":["AscendersBane","Defend_G","Defend_G","Defend_G","Defend_G","Defend_G","Strike_G","Strike_G","Strike_G","Strike_G","Strike_G","Survivor+1","Neutralize+1","Blade Dance+1","Terror+1","Well Laid Plans","Backstab+1","Masterful Stab","Dash","Dagger Throw","Deadly Poison","Phantasmal Killer+1","Underhanded Strike+1","Infinite Blades","Footwork","Cloak And Dagger","Bouncing Flask+1","Malaise+1","Poisoned Stab","Bouncing Flask+1","Crippling Poison"],"special_seed":0,"relics":["Ring of the Snake","Golden Idol","Bag of Marbles","Pantograph","Eternal Feather","Happy Flower","MawBank","Question Card"],"potions_floor_usage":[],"damage_taken":[{"damage":1.0,"enemies":"Small Slimes","floor":1.0,"turns":4.0},{"damage":0.0,"enemies":"2 Louse","floor":2.0,"turns":3.0},{"damage":0.0,"enemies":"Jaw Worm","floor":4.0,"turns":5.0},{"damage":44.0,"enemies":"3 Sentries","floor":7.0,"turns":14.0},{"damage":10.0,"enemies":"Lots of Slimes","floor":12.0,"turns":2.0},{"damage":0.0,"enemies":"2 Fungi Beasts","floor":14.0,"turns":1.0},{"damage":10.0,"enemies":"Hexaghost","floor":16.0,"turns":9.0},{"damage":13.0,"enemies":"3 Byrds","floor":18.0,"turns":7.0},{"damage":2.0,"enemies":"Chosen","floor":20.0,"turns":3.0},{"damage":10.0,"enemies":"Colosseum Slavers","floor":22.0,"turns":4.0},{"damage":25.0,"enemies":"Centurion and Healer","floor":30.0,"turns":5.0},{"damage":34.0,"enemies":"Gremlin Leader","floor":31.0,"turns":8.0},{"damage":59,"enemies":"Automaton","floor":33,"turns":10}],"seed_played":"-6722528351906875149","potions_obtained":[{"floor":1.0,"key":"GamblersBrew"},{"floor":7.0,"key":"LiquidBronze"},{"floor":14.0,"key":"Weak Potion"},{"floor":20.0,"key":"AttackPotion"}],"is_trial":false,"path_per_floor":["M","M","?","M","?","R","E","R","T","R","$","M","$","M","R","B",null,"M","?","M","$","?","R","$","R","T","?","?","R","M","E","R","B"],"character_chosen":"THE_SILENT","items_purchased":["Masterful Stab","Dagger Throw","Happy Flower","Footwork","Cloak And Dagger"],"campfire_rested":2,"item_purchase_floors":[11,13,21,21,21],"current_hp_per_floor":[62,62,45,45,45,66,22,43,43,43,43,33,33,33,33,48,65,52,52,50,50,40,55,55,70,70,70,70,70,45,11,29,0],"gold":172,"neow_bonus":"UPGRADE_CARD","is_prod":false,"is_daily":false,"chose_seed":false,"campfire_upgraded":6,"win_rate":0,"timestamp":1542484237,"path_taken":["M","M","?","M","?","R","E","R","T","R","$","M","$","M","R","BOSS","M","?","?","$","?","R","$","R","T","?","?","R","M","E","R","BOSS"],"build_version":"2018-11-15","purchased_purges":0,"victory":false,"max_hp_per_floor":[70,70,70,70,70,70,70,70,70,70,70,70,70,70,70,70,70,70,70,70,70,70,70,70,70,70,70,70,70,70,70,70,70],"card_choices":[{"not_picked":["Finisher","Bane"],"picked":"Blade Dance","floor":1.0},{"not_picked":["Calculated Gamble","Well Laid Plans"],"picked":"Terror","floor":2.0},{"not_picked":["Catalyst","Bane"],"picked":"Well Laid Plans","floor":4.0},{"not_picked":["Escape Plan","Cloak And Dagger"],"picked":"Backstab","floor":7.0},{"not_picked":["Eviscerate","Blade Dance"],"picked":"Dash","floor":12.0},{"not_picked":["Poisoned Stab","Backflip"],"picked":"Deadly Poison","floor":14.0},{"not_picked":["Tools of the Trade","Doppelganger"],"picked":"Phantasmal Killer","floor":16.0},{"not_picked":["Prepared","Acrobatics"],"picked":"Underhanded Strike+1","floor":18.0},{"not_picked":["Acrobatics","Deadly Poison"],"picked":"Infinite Blades","floor":20.0},{"not_picked":["Quick Slash+1","Sucker Punch"],"picked":"Bouncing Flask+1","floor":30.0},{"not_picked":["Quick Slash","Blade Dance"],"picked":"Crippling Poison","floor":31.0}],"player_experience":1987825,"relics_obtained":[{"floor":7.0,"key":"Bag of Marbles"},{"floor":9.0,"key":"Pantograph"},{"floor":26.0,"key":"MawBank"},{"floor":31.0,"key":"Question Card"}],"event_choices":[{"damage_healed":0.0,"max_hp_gain":0.0,"max_hp_loss":0.0,"gold_gain":0.0,"event_name":"Golden Idol","player_choice":"Take Damage","floor":3.0,"gold_loss":0.0,"damage_taken":17.0,"relics_obtained":["Golden Idol"]},{"damage_healed":0.0,"max_hp_gain":0.0,"max_hp_loss":0.0,"gold_gain":0.0,"event_name":"World of Goop","player_choice":"Left Gold","floor":5.0,"gold_loss":47.0,"damage_taken":0.0},{"damage_healed":0.0,"max_hp_gain":0.0,"max_hp_loss":0.0,"gold_gain":0.0,"event_name":"Upgrade Shrine","player_choice":"Upgraded","floor":19.0,"gold_loss":0.0,"damage_taken":0.0,"cards_upgraded":["Phantasmal Killer"]},{"damage_healed":0.0,"max_hp_gain":0.0,"max_hp_loss":0.0,"gold_gain":0.0,"event_name":"Colosseum","player_choice":"Fight","floor":22.0,"gold_loss":0.0,"damage_taken":0.0},{"damage_healed":0.0,"max_hp_gain":0.0,"max_hp_loss":0.0,"gold_gain":0.0,"event_name":"Colosseum","player_choice":"Fled From Nobs","floor":22.0,"gold_loss":0.0,"damage_taken":0.0},{"damage_healed":0.0,"max_hp_gain":0.0,"max_hp_loss":0.0,"gold_gain":0.0,"event_name":"The Library","player_choice":"Read","floor":27.0,"gold_loss":0.0,"damage_taken":0.0,"cards_obtained":["Bouncing Flask"]},{"damage_healed":0.0,"max_hp_gain":0.0,"max_hp_loss":0.0,"gold_gain":0.0,"event_name":"Match and Keep!","player_choice":"2 cards matched","floor":28.0,"gold_loss":0.0,"damage_taken":0.0,"cards_obtained":["Malaise","Poisoned Stab"]}],"is_beta":false,"boss_relics":[{"not_picked":["Orrery","Calling Bell"],"picked":"Eternal Feather"}],"items_purged_floors":[],"is_endless":false,"potions_floor_spawned":[1,7,14,20,22],"killed_by":"Automaton","ascension_level":12}