{"gold_per_floor":[109,123,142,158,158,158,192,192,219,244,258,279,297,370,370,496,496,509,527,527,527,527,527,26,26,26,44,4,17,17],"floor_reached":30,"playtime":1656,"items_purged":[],"score":327,"play_id":"6b26a882-6670-4cdc-b905-8ed1b1b09f7a","local_time":"20191028134000","is_ascension_mode":true,"campfire_choices":[{"floor":6,"key":"RECALL"},{"floor":8,"key":"REST"},{"floor":15,"key":"REST"},{"floor":23,"key":"REST"},{"data":"Static Discharge","floor":25,"key":"SMITH"}],"neow_cost":"NONE","seed_source_timestamp":616706494681167,"circlet_count":0,"master_deck":["Strike_B+1","Strike_B+1","Strike_B+1","Strike_B+1","Defend_B+1","Defend_B+1","Defend_B+1","Defend_B+1","Zap","Dualcast","Self Repair","Conserve Battery","Sweeping Beam","Ball Lightning","Injury","Steam","Melter","Electrodynamics","Capacitor","Ball Lightning","Rebound","Machine Learning","CurseOfTheBell","Auto Shields+1","Steam+1","RitualDagger","Static Discharge+1","Conserve Battery+1","Conserve Battery+1","Undo+1","Go for the Eyes"],"relics":["Cracked Core","Golden Idol","Potion Belt","Akabeko","Calling Bell","Nunchaku","Toxic Egg 2","Emotion Chip","Nilry\u0027s Codex","Boot","Eternal Feather","White Beast Statue"],"potions_floor_usage":[7,7,12,13,19,29],"damage_taken":[{"damage":2,"enemies":"Jaw Worm","floor":1,"turns":3},{"damage":5,"enemies":"Small Slimes","floor":2,"turns":4},{"damage":3,"enemies":"2 Louse","floor":3,"turns":4},{"damage":12,"enemies":"Blue Slaver","floor":4,"turns":4},{"damage":43,"enemies":"Lagavulin","floor":7,"turns":7},{"damage":3,"enemies":"3 Louse","floor":10,"turns":3},{"damage":0,"enemies":"2 Fungi Beasts","floor":11,"turns":4},{"damage":12,"enemies":"Looter","floor":12,"turns":3},{"damage":0,"enemies":"Red Slaver","floor":13,"turns":3},{"damage":36,"enemies":"Lagavulin Event","floor":14,"turns":6},{"damage":0,"enemies":"Slime Boss","floor":16,"turns":6},{"damage":7,"enemies":"Chosen","floor":18,"turns":4},{"damage":24,"enemies":"Shell Parasite","floor":19,"turns":6},{"damage":42,"enemies":"Centurion and Healer","floor":27,"turns":5},{"damage":27,"enemies":"Sentry and Sphere","floor":29,"turns":4},{"damage":23,"enemies":"Shelled Parasite and Fungi","floor":30,"turns":2}],"seed_played":"-3124438803317128072","potions_obtained":[{"floor":2,"key":"SpeedPotion"},{"floor":3,"key":"Dexterity Potion"},{"floor":10,"key":"SkillPotion"},{"floor":11,"key":"SteroidPotion"},{"floor":16,"key":"SkillPotion"},{"floor":27,"key":"AttackPotion"},{"floor":29,"key":"Block Potion"}],"is_trial":false,"path_per_floor":["M","M","M","M","?","R","E","R","T","M","M","M","M","?","R","B",null,"M","M","?","?","?","R","$","R","T","M","$","M","M"],"character_chosen":"DEFECT","items_purchased":["Boot","Eternal Feather","Static Discharge","Conserve Battery+1","Undo+1"],"campfire_rested":3,"item_purchase_floors":[24,24,24,24,28],"current_hp_per_floor":[80,82,82,77,77,77,41,65,65,69,76,71,78,49,73,73,82,75,58,42,36,36,60,60,75,75,40,40,20,0],"gold":17,"neow_bonus":"TEN_PERCENT_HP_BONUS","is_prod":false,"is_daily":false,"chose_seed":false,"campfire_upgraded":1,"win_rate":0,"timestamp":1572280800,"path_taken":["M","M","M","M","?","R","E","R","T","M","M","M","M","?","R","BOSS","M","M","?","?","?","R","?","R","T","M","$","M","?"],"build_version":"2019-10-25-V3","purchased_purges":0,"victory":false,"max_hp_per_floor":[82,82,82,82,82,82,82,82,82,82,82,82,82,82,82,82,82,82,82,82,82,82,82,82,82,82,82,82,82,82],"card_choices":[{"not_picked":["Redo","Steam Power"],"picked":"Self Repair","floor":1},{"not_picked":["Redo","Coolheaded"],"picked":"Conserve Battery","floor":2},{"not_picked":["Ball Lightning","Lockon"],"picked":"Sweeping Beam","floor":3},{"not_picked":["Cold Snap","Gash"],"picked":"Ball Lightning","floor":4},{"not_picked":["Scrape","Rip and Tear"],"picked":"Steam","floor":7},{"not_picked":["BootSequence","Conserve Battery"],"picked":"Melter","floor":10},{"not_picked":["Force Field","Cold Snap"],"picked":"Electrodynamics","floor":11},{"not_picked":["Cold Snap","Go for the Eyes"],"picked":"Capacitor","floor":12},{"not_picked":["Reprogram","Rip and Tear"],"picked":"Ball Lightning","floor":13},{"not_picked":["Hologram","Cold Snap"],"picked":"Rebound","floor":14},{"not_picked":["Core Surge","Meteor Strike"],"picked":"Machine Learning","floor":16},{"not_picked":["Coolheaded+1","Leap+1"],"picked":"Auto Shields+1","floor":18},{"not_picked":["Beam Cell","Darkness+1"],"picked":"Steam+1","floor":19},{"not_picked":["Turbo+1","Beam Cell"],"picked":"Conserve Battery+1","floor":27},{"not_picked":["Heatsinks+1","Undo+1"],"picked":"Go for the Eyes","floor":29}],"player_experience":490939,"relics_obtained":[{"floor":7,"key":"Potion Belt"},{"floor":14,"key":"Akabeko"},{"floor":17,"key":"Nunchaku"},{"floor":17,"key":"Toxic Egg 2"},{"floor":17,"key":"Emotion Chip"},{"floor":20,"key":"Nilry\u0027s Codex"},{"floor":26,"key":"White Beast Statue"}],"event_choices":[{"damage_healed":0,"gold_gain":0,"player_choice":"Take Wound","damage_taken":0,"relics_obtained":["Golden Idol"],"max_hp_gain":0,"max_hp_loss":0,"event_name":"Golden Idol","floor":5,"gold_loss":0,"cards_obtained":["Injury"]},{"damage_healed":0,"gold_gain":0,"player_choice":"Searched \u00272\u0027 times","damage_taken":0,"max_hp_gain":0,"max_hp_loss":0,"event_name":"Dead Adventurer","floor":14,"gold_loss":0},{"damage_healed":0,"gold_gain":0,"player_choice":"Obtained Book","damage_taken":16,"max_hp_gain":0,"max_hp_loss":0,"event_name":"Cursed Tome","floor":20,"gold_loss":0},{"damage_healed":0,"gold_gain":0,"player_choice":"Joined the Cult","damage_taken":6,"max_hp_gain":0,"max_hp_loss":0,"event_name":"Nest","floor":21,"gold_loss":0,"cards_obtained":["RitualDagger"]},{"damage_healed":0,"gold_gain":0,"player_choice":"Simplicity","damage_taken":0,"max_hp_gain":0,"max_hp_loss":0,"event_name":"Back to Basics","floor":22,"gold_loss":0,"cards_upgraded":["Strike_B","Strike_B","Strike_B","Strike_B","Defend_B","Defend_B","Defend_B","Defend_B"]}],"is_beta":true,"boss_relics":[{"not_picked":["SacredBark","Runic Dome"],"picked":"Calling Bell"}],"items_purged_floors":[],"is_endless":false,"potions_floor_spawned":[2,3,7,10,11,16,27,29],"killed_by":"Shelled Parasite and Fungi","ascension_level":3}