{"gold_per_floor":[11,22,22,34,34,34,78,78,123,123,123,141,162,49,49,174,174,199,117,117,117,138,138,171,48,125,146,146,161,184,197,197,316,316,335,394,195,295,205,205,218,218,243,276,303,315,346,379,391,403],"floor_reached":51,"playtime":5337,"items_purged":["Strike_B"],"score":924,"play_id":"a8bc5a43-8b05-4bc5-b710-69c62a8c20bd","local_time":"20180831201729","is_ascension_mode":true,"campfire_choices":[{"floor":6,"key":"REST"},{"floor":11,"key":"REST"},{"floor":15,"key":"REST"},{"floor":23,"key":"REST"},{"floor":28,"key":"REST"},{"floor":32,"key":"REST"},{"data":"Chrysalis","floor":40,"key":"SMITH"},{"floor":42,"key":"REST"},{"data":"Sunder","floor":46,"key":"SMITH"},{"floor":49,"key":"REST"}],"neow_cost":"NO_GOLD","seed_source_timestamp":348840062651183,"circlet_count":0,"master_deck":["Strike_B","Defend_B","Defend_B+1","Zap","Dualcast","Gash","Core Surge","Scrape","Sweeping Beam","Rip and Tear","Beam Cell","Scrape","Reboot+1","Sunder+1","Gash+1","Impatience","Go for the Eyes","Deep Breath","Hologram","Conserve Battery","Coolheaded+1","Hologram","Core Surge","Hologram","Chrysalis+1","Go for the Eyes+1","Leap","Sweeping Beam+1","Turbo+1","Double Energy"],"relics":["Cracked Core","Golden Idol","Ancient Tea Set","Orichalcum","GremlinMask","Busted Crown","War Paint","Thread and Needle","Ornamental Fan","Sozu","Mango","Centennial Puzzle","MawBank"],"potions_floor_usage":[16,16,22,24,33,33,50],"damage_taken":[{"damage":1,"enemies":"Cultist","floor":1,"turns":3},{"damage":10,"enemies":"Small Slimes","floor":2,"turns":3},{"damage":0,"enemies":"2 Louse","floor":4,"turns":2},{"damage":18,"enemies":"Gremlin Nob","floor":7,"turns":3},{"damage":12,"enemies":"Looter","floor":12,"turns":3},{"damage":34,"enemies":"Gremlin Gang","floor":13,"turns":4},{"damage":14,"enemies":"Hexaghost","floor":16,"turns":7},{"damage":17,"enemies":"3 Byrds","floor":18,"turns":4},{"damage":11,"enemies":"Shell Parasite","floor":22,"turns":3},{"damage":20,"enemies":"Book of Stabbing","floor":24,"turns":4},{"damage":4,"enemies":"3 Cultists","floor":27,"turns":4},{"damage":4,"enemies":"Centurion and Healer","floor":29,"turns":4},{"damage":0,"enemies":"Cultist and Chosen","floor":30,"turns":3},{"damage":16,"enemies":"Snake Plant","floor":31,"turns":4},{"damage":42,"enemies":"Collector","floor":33,"turns":9},{"damage":3,"enemies":"Orb Walker","floor":35,"turns":3},{"damage":20,"enemies":"Mysterious Sphere","floor":36,"turns":5},{"damage":13,"enemies":"Flame Bruiser 1 Orb","floor":41,"turns":4},{"damage":11,"enemies":"2 Orb Walkers","floor":44,"turns":4},{"damage":2,"enemies":"Maw","floor":45,"turns":7},{"damage":9,"enemies":"4 Shapes","floor":47,"turns":4},{"damage":0,"enemies":"3 Darklings","floor":48,"turns":5},{"damage":63,"enemies":"Awakened One","floor":50,"turns":17}],"seed_played":"4499919237812408623","potions_obtained":[{"floor":7,"key":"SpeedPotion"},{"floor":12,"key":"Weak Potion"},{"floor":13,"key":"Poison Potion"},{"floor":16,"key":"FearPotion"},{"floor":27,"key":"Regen Potion"},{"floor":29,"key":"Poison Potion"},{"floor":33,"key":"EssenceOfSteel"}],"is_trial":false,"path_per_floor":["M","M","$","M","?","R","E","?","T","?","R","M","M","$","R","B",null,"M","$","?","?","M","R","E","$","T","M","R","M","M","M","R","B",null,"M","?","$","?","?","R","M","R","T","E","M","R","M","M","R","B"],"character_chosen":"DEFECT","items_purchased":["Scrape","Sunder","Gash","Deep Breath","Hologram","Chrysalis"],"campfire_rested":8,"item_purchase_floors":[14,19,19,25,25,37],"current_hp_per_floor":[67,57,57,57,39,61,43,43,43,43,65,53,19,19,41,27,63,46,46,46,32,21,43,23,23,23,19,41,37,37,21,43,16,60,57,51,51,51,51,51,38,64,64,53,51,51,42,42,68,5],"gold":415,"neow_bonus":"REMOVE_TWO","is_prod":false,"is_daily":false,"chose_seed":false,"campfire_upgraded":2,"win_rate":0,"timestamp":1535761049,"path_taken":["M","M","?","?","?","R","E","?","T","?","R","M","?","?","R","BOSS","M","$","?","?","M","R","E","?","T","M","R","M","?","M","R","BOSS","M","?","$","?","?","R","M","R","T","E","M","R","?","M","R","BOSS"],"build_version":"2018-08-23v2","purchased_purges":1,"victory":true,"max_hp_per_floor":[75,75,75,75,75,75,75,75,75,75,75,75,75,75,75,75,75,75,75,75,75,75,75,75,75,75,75,75,75,75,75,75,75,75,75,89,89,89,89,89,89,89,89,89,89,89,89,89,89,89],"card_choices":[{"not_picked":["Redo","Compile Driver"],"picked":"Gash","floor":1},{"not_picked":["Streamline","Compile Driver"],"picked":"Core Surge","floor":2},{"not_picked":["Rebound","Beam Cell"],"picked":"Scrape","floor":4},{"not_picked":["Rainbow","Stack"],"picked":"Sweeping Beam","floor":7},{"not_picked":["Conserve Battery","Steam"],"picked":"Rip and Tear","floor":12},{"not_picked":["Loop","Hologram"],"picked":"Beam Cell","floor":13},{"not_picked":["Buffer","Core Surge"],"picked":"Reboot","floor":16},{"not_picked":["Storm"],"picked":"SKIP","floor":18},{"not_picked":[],"picked":"Go for the Eyes","floor":22},{"not_picked":["Coolheaded"],"picked":"SKIP","floor":24},{"not_picked":[],"picked":"Conserve Battery","floor":27},{"not_picked":[],"picked":"Coolheaded+1","floor":29},{"not_picked":[],"picked":"Hologram","floor":30},{"not_picked":["Compile Driver"],"picked":"SKIP","floor":31},{"not_picked":[],"picked":"Core Surge","floor":33},{"not_picked":[],"picked":"Hologram","floor":35},{"not_picked":[],"picked":"Go for the Eyes+1","floor":41},{"not_picked":[],"picked":"Leap","floor":44},{"not_picked":[],"picked":"Sweeping Beam+1","floor":45},{"not_picked":[],"picked":"Turbo+1","floor":47},{"not_picked":[],"picked":"Double Energy","floor":48}],"player_experience":1611454,"relics_obtained":[{"floor":7,"key":"Ancient Tea Set"},{"floor":9,"key":"Orichalcum"},{"floor":24,"key":"Thread and Needle"},{"floor":26,"key":"Ornamental Fan"},{"floor":36,"key":"Mango"},{"floor":43,"key":"Centennial Puzzle"},{"floor":44,"key":"MawBank"}],"event_choices":[{"event_name":"Golden Idol","player_choice":"Take Damage","floor":5,"damage_taken":0},{"event_name":"Bonfire Elementals","player_choice":"BASIC","floor":8,"damage_taken":0},{"event_name":"FaceTrader","player_choice":"Trade","floor":10,"damage_taken":0},{"event_name":"The Mausoleum","player_choice":"Yes","floor":20,"damage_taken":0},{"event_name":"Knowing Skull","player_choice":"CARD ","floor":21,"damage_taken":0},{"event_name":"Mysterious Sphere","player_choice":"Fight","floor":36,"damage_taken":0},{"event_name":"Golden Shrine","player_choice":"Pray","floor":38,"damage_taken":0},{"event_name":"Designer","player_choice":"Full Service","floor":39,"damage_taken":0}],"is_beta":false,"boss_relics":[{"not_picked":["Runic Dome","Snecko Eye"],"picked":"Busted Crown"},{"not_picked":["Cursed Key","Philosopher\u0027s Stone"],"picked":"Sozu"}],"items_purged_floors":[14],"is_endless":false,"potions_floor_spawned":[7,12,13,16,27,29,33,36,44,45],"ascension_level":6}