{"gold_per_floor":[214,214,230,244,193,193,228,228,228,83,83,103,122,72,72,197,197,182,212,232,15,15,15,40,40],"floor_reached":25,"playtime":3911,"items_purged":["Defend_R"],"score":266,"play_id":"adee68c5-c5de-407f-8f97-c8a0798b800c","local_time":"20180728145759","is_ascension_mode":true,"campfire_choices":[{"data":"Pommel Strike","floor":6.0,"key":"SMITH"},{"floor":8.0,"key":"REST"},{"floor":11.0,"key":"REST"},{"data":"Body Slam","floor":15.0,"key":"SMITH"},{"data":"Metallicize","floor":23.0,"key":"SMITH"}],"neow_cost":"NONE","seed_source_timestamp":0,"circlet_count":0,"master_deck":["Strike_R","Strike_R","Strike_R","Strike_R","Defend_R","Defend_R","Defend_R","Bash","Iron Wave","Metallicize+1","Pommel Strike+1","Headbutt","Seeing Red+1","Armaments+1","True Grit+1","Body Slam+1","Armaments+1","Double Tap+1","Iron Wave","Intimidate+1","Seeing Red+1","True Grit+1","Offering+1","Ghostly+1","Ghostly+1","Ghostly+1","Ghostly+1","Ghostly+1","Thunderclap"],"special_seed":0,"relics":["Burning Blood","Golden Idol","Toxic Egg 2","The Courier","Mark of Pain","Tiny Chest"],"potions_floor_usage":[25],"damage_taken":[{"damage":0.0,"enemies":"2 Louse","floor":1.0,"turns":3.0},{"damage":2.0,"enemies":"Jaw Worm","floor":3.0,"turns":3.0},{"damage":2.0,"enemies":"Cultist","floor":4.0,"turns":4.0},{"damage":54.0,"enemies":"Lagavulin","floor":7.0,"turns":9.0},{"damage":4.0,"enemies":"2 Fungi Beasts","floor":12.0,"turns":3.0},{"damage":2.0,"enemies":"3 Louse","floor":13.0,"turns":3.0},{"damage":8.0,"enemies":"The Guardian","floor":16.0,"turns":13.0},{"damage":18.0,"enemies":"2 Thieves","floor":18.0,"turns":4.0},{"damage":14.0,"enemies":"3 Byrds","floor":20.0,"turns":6.0},{"damage":7.0,"enemies":"Snecko","floor":24.0,"turns":7.0},{"damage":42,"enemies":"Gremlin Leader","floor":25,"turns":12}],"seed_played":"2892584069497443454","potions_obtained":[{"floor":7.0,"key":"Block Potion"},{"floor":13.0,"key":"Weak Potion"},{"floor":18.0,"key":"Weak Potion"},{"floor":24.0,"key":"Block Potion"}],"is_trial":false,"path_per_floor":["M","?","M","M","$","R","E","R","T","$","R","M","M","?","R","B",null,"M","?","M","$","?","R","M"],"character_chosen":"IRONCLAD","items_purchased":["Headbutt","Armaments+1","True Grit+1","Seeing Red+1","True Grit+1","Offering+1"],"campfire_rested":2,"item_purchase_floors":[5,10,10,21,21,21],"current_hp_per_floor":[80,60,64,68,68,68,20,44,44,44,68,70,74,74,74,72,80,68,68,60,60,40,40,39,0],"gold":40,"neow_bonus":"HUNDRED_GOLD","is_prod":false,"is_daily":false,"chose_seed":false,"campfire_upgraded":3,"win_rate":0,"timestamp":1532804279,"path_taken":["M","?","M","M","$","R","E","R","T","$","R","M","M","?","R","BOSS","M","?","M","?","?","R","M","E"],"build_version":"2018-07-26","purchased_purges":1,"victory":false,"max_hp_per_floor":[80,80,80,80,80,80,80,80,80,80,80,80,80,80,80,80,80,80,80,80,80,40,40,40,40],"card_choices":[{"not_picked":["Sword Boomerang","Battle Trance"],"picked":"Iron Wave","floor":1.0},{"not_picked":["Entrench","Twin Strike"],"picked":"Metallicize","floor":3.0},{"not_picked":["Sentinel","Corruption"],"picked":"Pommel Strike","floor":4.0},{"not_picked":["Iron Wave","Feel No Pain"],"picked":"Seeing Red","floor":7.0},{"not_picked":["Clothesline","Shockwave+1"],"picked":"Body Slam","floor":12.0},{"not_picked":["Sword Boomerang","Intimidate+1"],"picked":"Armaments+1","floor":13.0},{"not_picked":["Barricade","Immolate"],"picked":"Double Tap+1","floor":16.0},{"not_picked":["Dropkick","Sword Boomerang"],"picked":"Iron Wave","floor":18.0},{"not_picked":["Twin Strike+1","Rampage"],"picked":"Intimidate+1","floor":20.0},{"not_picked":["Uppercut","Iron Wave"],"picked":"Thunderclap","floor":24.0}],"player_experience":1372360,"relics_obtained":[{"floor":7.0,"key":"Toxic Egg 2"},{"floor":9.0,"key":"The Courier"}],"event_choices":[{"event_name":"Golden Idol","player_choice":"Take Damage","floor":2.0,"damage_taken":0.0},{"event_name":"The Cleric","player_choice":"Card Removal","floor":14.0,"damage_taken":0.0},{"event_name":"The Mausoleum","player_choice":"Yes","floor":19.0,"damage_taken":0.0},{"event_name":"Ghosts","player_choice":"Became a Ghost","floor":22.0,"damage_taken":0.0}],"is_beta":false,"boss_relics":[{"not_picked":["Runic Cube","Lizard Tail"],"picked":"Mark of Pain"}],"items_purged_floors":[10],"is_endless":false,"potions_floor_spawned":[7,13,18,24],"killed_by":"Gremlin Leader","ascension_level":4}