{"gold_per_floor":[212,226,240,258,57,89,89,89,89,44,59,59,74,74,74,147,147,133,133,150,162,162,162,178,178,178,178,192,192,21,40,40,40],"floor_reached":33,"playtime":3712,"items_purged":["Decay"],"score":423,"play_id":"aee75b5d-4004-48e4-9c13-d5d68b56082d","local_time":"20190116234709","is_ascension_mode":true,"campfire_choices":[{"floor":7,"key":"REST"},{"floor":12,"key":"REST"},{"data":"Neutralize","floor":15,"key":"SMITH"},{"floor":23,"key":"REST"},{"floor":32,"key":"REST"}],"neow_cost":"NONE","seed_source_timestamp":380986993833965,"circlet_count":0,"master_deck":["AscendersBane","Defend_G","Defend_G","Defend_G","Defend_G","Defend_G+1","Strike_G","Strike_G","Strike_G","Strike_G","Survivor","Neutralize+1","Well Laid Plans","Noxious Fumes","Dagger Spray","Noxious Fumes","Malaise+1","Leg Sweep+1","Outmaneuver+1","Dodge and Roll+1","Corpse Explosion+1","Backflip+1","PiercingWail+1","Dodge and Roll+1","Dagger Throw","Malaise+1","Deadly Poison+1","Writhe","J.A.X.+1","Bane","Bandage Up+1"],"relics":["Ring of the Snake","Toxic Egg 2","Bottled Tornado","Sozu","War Paint"],"potions_floor_usage":[1,16,28,33],"damage_taken":[{"damage":0,"enemies":"Small Slimes","floor":1,"turns":5},{"damage":7,"enemies":"2 Louse","floor":2,"turns":4},{"damage":2,"enemies":"Cultist","floor":3,"turns":4},{"damage":1,"enemies":"Large Slime","floor":4,"turns":6},{"damage":29,"enemies":"3 Sentries","floor":6,"turns":8},{"damage":5,"enemies":"Looter","floor":10,"turns":5},{"damage":16,"enemies":"3 Louse","floor":11,"turns":3},{"damage":7,"enemies":"Blue Slaver","floor":13,"turns":5},{"damage":14,"enemies":"The Guardian","floor":16,"turns":11},{"damage":16,"enemies":"2 Thieves","floor":18,"turns":4},{"damage":4,"enemies":"Chosen","floor":20,"turns":7},{"damage":16,"enemies":"Centurion and Healer","floor":21,"turns":5},{"damage":7,"enemies":"Sentry and Sphere","floor":24,"turns":5},{"damage":21,"enemies":"Shelled Parasite and Fungi","floor":28,"turns":5},{"damage":10,"enemies":"Snake Plant","floor":31,"turns":7},{"damage":36,"enemies":"Champ","floor":33,"turns":9}],"seed_played":"-3824953773613507112","potions_obtained":[{"floor":1,"key":"Fruit Juice"},{"floor":11,"key":"Strength Potion"},{"floor":16,"key":"Energy Potion"}],"is_trial":false,"path_per_floor":["M","M","M","M","$","E","R","?","T","M","M","R","M","?","R","B",null,"M","?","M","M","?","R","M","?","T","?","M","?","$","M","R","B"],"character_chosen":"THE_SILENT","items_purchased":["Malaise","FearPotion","Bandage Up+1"],"campfire_rested":4,"item_purchase_floors":[5,5,30],"current_hp_per_floor":[64,57,55,54,54,25,46,39,39,34,18,39,32,25,25,11,56,40,40,36,20,20,41,34,34,34,34,13,13,13,9,30,0],"gold":40,"neow_bonus":"HUNDRED_GOLD","is_prod":false,"is_daily":false,"chose_seed":false,"campfire_upgraded":1,"win_rate":0,"timestamp":1547700429,"path_taken":["M","M","M","M","$","E","R","?","T","M","M","R","M","?","R","BOSS","M","?","M","M","?","R","?","?","T","?","M","?","$","M","R","BOSS"],"build_version":"2019-01-10","purchased_purges":1,"victory":false,"max_hp_per_floor":[71,71,71,71,71,71,71,71,71,71,71,71,71,71,71,71,71,71,71,71,71,71,71,71,71,71,71,71,71,71,71,71,71],"card_choices":[{"not_picked":["Distraction","Footwork"],"picked":"Well Laid Plans","floor":1},{"not_picked":["Deflect","Outmaneuver"],"picked":"Noxious Fumes","floor":2},{"not_picked":["Reflex","Eviscerate"],"picked":"Dagger Spray","floor":3},{"not_picked":["Quick Slash","Dagger Throw"],"picked":"Noxious Fumes","floor":4},{"not_picked":["Underhanded Strike","Endless Agony","Wraith Form v2"],"picked":"SKIP","floor":6},{"not_picked":["Flechettes","Heel Hook"],"picked":"Leg Sweep+1","floor":10},{"not_picked":["Backflip+1","Quick Slash"],"picked":"Outmaneuver+1","floor":11},{"not_picked":["Accuracy","Dagger Spray"],"picked":"Dodge and Roll+1","floor":13},{"not_picked":["Envenom","Malaise+1"],"picked":"Corpse Explosion+1","floor":16},{"not_picked":["Choke","Dagger Spray"],"picked":"Backflip+1","floor":18},{"not_picked":["Sucker Punch","PiercingWail+1"],"picked":"Dodge and Roll+1","floor":20},{"not_picked":["Quick Slash","Leg Sweep+1"],"picked":"Dagger Throw","floor":21},{"not_picked":["Underhanded Strike","Corpse Explosion+1"],"picked":"Deadly Poison+1","floor":24},{"not_picked":["Underhanded Strike","Slice"],"picked":"Bane","floor":28},{"not_picked":["Dagger Throw","Backflip+1","PiercingWail+1"],"picked":"SKIP","floor":31}],"player_experience":2192627,"relics_obtained":[{"floor":6,"key":"Toxic Egg 2"},{"floor":9,"key":"Bottled Tornado"}],"event_choices":[{"cards_removed":["Strike_G"],"damage_healed":0,"gold_gain":0,"player_choice":"Card Removal","damage_taken":7,"max_hp_gain":0,"max_hp_loss":0,"event_name":"Golden Wing","floor":8,"gold_loss":0},{"damage_healed":0,"gold_gain":0,"player_choice":"Fled","damage_taken":7,"max_hp_gain":0,"max_hp_loss":0,"event_name":"Scrap Ooze","floor":14,"gold_loss":0},{"damage_healed":0,"gold_gain":0,"player_choice":"Read","damage_taken":0,"max_hp_gain":0,"max_hp_loss":0,"event_name":"The Library","floor":19,"gold_loss":0,"cards_obtained":["PiercingWail"]},{"damage_healed":0,"gold_gain":0,"player_choice":"Copied","damage_taken":0,"max_hp_gain":0,"max_hp_loss":0,"event_name":"Duplicator","floor":22,"gold_loss":0,"cards_obtained":["Malaise"]},{"damage_healed":0,"gold_gain":0,"player_choice":"Opened","damage_taken":0,"relics_obtained":["War Paint"],"max_hp_gain":0,"max_hp_loss":0,"event_name":"The Mausoleum","floor":25,"gold_loss":0,"cards_obtained":["Writhe"]},{"damage_healed":0,"gold_gain":0,"player_choice":"Obtain J.A.X.","damage_taken":0,"max_hp_gain":0,"max_hp_loss":0,"event_name":"Drug Dealer","floor":27,"gold_loss":0,"cards_obtained":["J.A.X."]},{"damage_healed":0,"gold_gain":0,"player_choice":"Smashed Altar","damage_taken":0,"max_hp_gain":0,"max_hp_loss":0,"event_name":"Forgotten Altar","floor":29,"gold_loss":0,"cards_obtained":["Decay"]}],"is_beta":false,"boss_relics":[{"not_picked":["White Beast Statue","Pandora\u0027s Box"],"picked":"Sozu"}],"items_purged_floors":[30],"is_endless":false,"potions_floor_spawned":[1,11,13,16,24],"killed_by":"Champ","ascension_level":14}