{"path_per_floor":["M","?","?","M","?","R","E","$","T","M","M","R","?","M","R","B",null,"M","$","?","M","?","R","E","R","T","E","M","$","R","M","R"],"character_chosen":"IRONCLAD","items_purchased":["Pummel","Evolve","Reaper","Armaments","Bloodletting"],"gold_per_floor":[13,13,13,34,109,109,153,39,117,133,154,154,182,202,202,327,327,343,18,18,41,141,141,181,181,181,220,245,171,171,189,189],"floor_reached":33,"campfire_rested":4,"playtime":4476,"current_hp_per_floor":[80,60,60,56,45,45,16,16,16,17,12,36,29,33,57,13,83,70,70,70,69,69,69,39,39,39,13,9,9,35,30,56],"items_purged":["Defend_R","Defend_R"],"gold":189,"score":283,"play_id":"301390b8-4751-4ed1-86ca-617f7b8672ec","is_prod":false,"is_daily":false,"is_ascension_mode":false,"campfire_upgraded":3,"path_taken":["M","?","?","M","?","R","E","?","T","?","M","R","?","M","R","BOSS","M","$","?","M","?","R","E","R","T","E","?","$","R","M","R","BOSS"],"build_version":"2018-02-15-PROD1","purchased_purges":2,"victory":false,"master_deck":["Strike_R","Strike_R","Strike_R","Strike_R","Strike_R","Defend_R","Defend_R","Bash","Metallicize","Perfected Strike+1","Whirlwind","Pummel","Feed","Shockwave","Twin Strike","Pommel Strike","Berserk","Pommel Strike","Perfected Strike","Uppercut","Blood for Blood","Battle Trance","Wild Strike","Evolve","Reaper","Armaments+1","Flame Barrier+1","Flame Barrier+1","Combust","Flame Barrier","Power Through","Bloodletting","Thunderclap"],"max_hp_per_floor":[80,80,80,80,80,80,80,80,80,80,80,80,83,83,83,83,83,86,86,86,86,86,86,89,89,89,89,89,89,89,89,89],"relics":["Burning Blood","Champion Belt","Golden Idol","Paper Frog","Centennial Puzzle","Odd Mushroom","Orrery","Bronze Scales","Oddly Smooth Stone","Bag of Marbles"],"card_choices":[{"not_picked":["Havoc","Perfected Strike"],"picked":"Metallicize"},{"not_picked":["Sentinel","Clothesline"],"picked":"Perfected Strike"},{"not_picked":["Combust","Body Slam"],"picked":"Whirlwind"},{"not_picked":["Fire Breathing","Clothesline"],"picked":"Feed"},{"not_picked":["Intimidate","Twin Strike"],"picked":"Shockwave"},{"not_picked":["Clash","Wild Strike"],"picked":"Twin Strike"},{"not_picked":["Anger","Sentinel"],"picked":"Pommel Strike"},{"not_picked":["Double Tap","Immolate"],"picked":"Berserk"},{"not_picked":["Sword Boomerang","Rampage"],"picked":"Pommel Strike"},{"not_picked":["Battle Trance","Havoc"],"picked":"Perfected Strike"},{"not_picked":["Blood for Blood","Headbutt"],"picked":"Uppercut"},{"not_picked":["Sever Soul","Searing Blow"],"picked":"Blood for Blood"},{"not_picked":["Iron Wave","Warcry"],"picked":"Battle Trance"},{"not_picked":["Feel No Pain","Pommel Strike"],"picked":"Wild Strike"},{"not_picked":["Warcry","Body Slam"],"picked":"Flame Barrier"},{"not_picked":["Sever Soul","Evolve"],"picked":"Combust"},{"not_picked":["Havoc","Exhume"],"picked":"Flame Barrier"},{"not_picked":["Disarm","Inflame"],"picked":"Power Through"},{"not_picked":["Warcry","Battle Trance"],"picked":"Thunderclap"}],"player_experience":116465,"potions_floor_usage":[7,13,16,24,24,27,33,33],"damage_taken":[{"damage":1,"enemies":"2 Louse","floor":1,"turns":3},{"damage":10,"enemies":"Jaw Worm","floor":4,"turns":7},{"damage":35,"enemies":"Lagavulin","floor":7,"turns":7},{"damage":5,"enemies":"Small Slimes","floor":10,"turns":3},{"damage":11,"enemies":"3 Louse","floor":11,"turns":3},{"damage":16,"enemies":"The Mushroom Lair","floor":13,"turns":5},{"damage":2,"enemies":"Looter","floor":14,"turns":2},{"damage":50,"enemies":"The Guardian","floor":16,"turns":11},{"damage":22,"enemies":"Chosen","floor":18,"turns":5},{"damage":7,"enemies":"Shell Parasite","floor":21,"turns":5},{"damage":51,"enemies":"Gremlin Leader","floor":24,"turns":8},{"damage":47,"enemies":"Book of Stabbing","floor":27,"turns":6},{"damage":18,"enemies":"3 Cultists","floor":28,"turns":6},{"damage":15,"enemies":"Snake Plant","floor":31,"turns":3},{"damage":60,"enemies":"Automaton","floor":33,"turns":8}],"event_choices":[{"event_name":"Golden Idol","player_choice":"Take Damage","floor":2,"damage_taken":0},{"event_name":"Shining Light","player_choice":"Ignored","floor":3,"damage_taken":0},{"event_name":"World of Goop","player_choice":"Gather Gold","floor":5,"damage_taken":0},{"event_name":"Mushrooms","player_choice":"Fought Mushrooms","floor":13,"damage_taken":0},{"event_name":"The Library","player_choice":"Read","floor":20,"damage_taken":0},{"event_name":"Golden Shrine","player_choice":"Pray","floor":22,"damage_taken":0}],"boss_relics":[{"not_picked":["Calling Bell","Black Blood"],"picked":"Orrery"}],"potions_floor_spawned":[4,10,11,16,21,24,28,31],"seed_played":"-2549375699964930804","killed_by":"Automaton","ascension_level":0,"is_trial":false}