{"gold_per_floor":[111,10,85,85,97,127,127,42,42,42,55,55,69,86,86,86],"floor_reached":16,"playtime":883,"items_purged":[],"score":250,"play_id":"ae89201e-83ed-42f3-b8e7-be3435b0b70b","local_time":"20190818203313","is_ascension_mode":true,"campfire_choices":[{"data":"True Grit","floor":7.0,"key":"SMITH"},{"data":"True Grit","floor":10.0,"key":"SMITH"},{"data":"Cleave","floor":12.0,"key":"SMITH"},{"data":"Flame Barrier","floor":15.0,"key":"SMITH"}],"neow_cost":"NONE","seed_source_timestamp":676337932085388,"circlet_count":0,"master_deck":["AscendersBane","Strike_R+1","Strike_R","Strike_R","Strike_R","Strike_R","Defend_R+1","Defend_R","Defend_R+1","Defend_R+1","Bash","True Grit+1","Feel No Pain","Havoc","Cleave+1","True Grit+1","Disarm","Flame Barrier+1","Body Slam","Shrug It Off"],"special_seed":0,"relics":["Burning Blood","NeowsBlessing","War Paint","Potion Belt"],"potions_floor_usage":[16,16,16],"damage_taken":[{"damage":0.0,"enemies":"Jaw Worm","floor":1.0,"turns":1.0},{"damage":0.0,"enemies":"Small Slimes","floor":5.0,"turns":2.0},{"damage":0.0,"enemies":"3 Sentries","floor":6.0,"turns":1.0},{"damage":0.0,"enemies":"Cultist","floor":11.0,"turns":5.0},{"damage":8.0,"enemies":"Lots of Slimes","floor":13.0,"turns":6.0},{"damage":8.0,"enemies":"Large Slime","floor":14.0,"turns":8.0},{"damage":54,"enemies":"Slime Boss","floor":16,"turns":15}],"seed_played":"-630596599777132351","potions_obtained":[{"floor":5.0,"key":"Energy Potion"},{"floor":13.0,"key":"Strength Potion"},{"floor":14.0,"key":"SpeedPotion"}],"is_trial":false,"path_per_floor":["M","$","?","?","M","E","R","$","T","R","M","R","M","M","R","B"],"character_chosen":"IRONCLAD","items_purchased":["Feel No Pain","Havoc","Disarm"],"campfire_rested":0,"item_purchase_floors":[2,2,8],"current_hp_per_floor":[74,74,63,40,46,52,52,52,52,52,58,58,56,54,54,0],"gold":86,"neow_bonus":"THREE_ENEMY_KILL","is_prod":false,"is_daily":false,"chose_seed":false,"campfire_upgraded":4,"win_rate":0,"timestamp":1566174793,"path_taken":["M","$","?","?","M","E","R","?","T","R","?","R","M","M","R","BOSS"],"build_version":"2019-01-23","purchased_purges":0,"victory":false,"max_hp_per_floor":[75,75,75,75,75,75,75,75,75,75,75,75,75,75,75,75],"card_choices":[{"not_picked":["Flex","Headbutt"],"picked":"True Grit","floor":1.0},{"not_picked":["Flex","Dual Wield"],"picked":"Cleave","floor":5.0},{"not_picked":["Shrug It Off","Headbutt"],"picked":"True Grit","floor":6.0},{"not_picked":["Hemokinesis","Flex"],"picked":"Flame Barrier","floor":11.0},{"not_picked":["Heavy Blade","Second Wind"],"picked":"Body Slam","floor":13.0},{"not_picked":["Clash","Ghostly Armor"],"picked":"Shrug It Off","floor":14.0}],"player_experience":2824113,"relics_obtained":[{"floor":6.0,"key":"War Paint"},{"floor":9.0,"key":"Potion Belt"}],"event_choices":[{"damage_healed":0.0,"max_hp_gain":0.0,"max_hp_loss":0.0,"gold_gain":75.0,"event_name":"World of Goop","player_choice":"Gather Gold","floor":3.0,"gold_loss":0.0,"damage_taken":11.0},{"damage_healed":0.0,"max_hp_gain":0.0,"max_hp_loss":0.0,"gold_gain":0.0,"event_name":"Shining Light","player_choice":"Entered Light","floor":4.0,"gold_loss":0.0,"damage_taken":23.0,"cards_upgraded":["Strike_R","Defend_R"]}],"is_beta":false,"boss_relics":[],"items_purged_floors":[],"is_endless":false,"potions_floor_spawned":[5,13,14],"killed_by":"Slime Boss","ascension_level":20}