{"gold_per_floor":[367,367,51,65,65,65,96,96,175,189,202,222,301,336,336,414,414,425,445,445,455,370,404,404,432,432,78,93,93,105,119,119,197,197,213,232,232,232,332,365,365,395,395,395,395,156,167,167],"floor_reached":48,"playtime":4709,"items_purged":["Strike_B"],"score":1072,"play_id":"9a83a088-0b5d-4ba4-a794-07181f9ad548","local_time":"20190426214244","is_ascension_mode":true,"campfire_choices":[{"data":"Dualcast","floor":6.0,"key":"SMITH"},{"data":"Zap","floor":8.0,"key":"SMITH"},{"data":"Hologram","floor":15,"key":"SMITH"},{"floor":24,"key":"REST"},{"data":"Defragment","floor":29,"key":"SMITH"},{"floor":32,"key":"REST"},{"floor":41,"key":"REST"},{"floor":45,"key":"REST"}],"neow_cost":"TEN_PERCENT_HP_LOSS","seed_source_timestamp":405910150379442,"circlet_count":0,"master_deck":["AscendersBane","Strike_B+1","Strike_B+1","Strike_B+1","Defend_B+1","Defend_B+1","Defend_B+1","Defend_B+1","Zap+1","Dualcast+1","BootSequence","Compile Driver","Coolheaded","Doom and Gloom","Capacitor","Hologram+1","Ball Lightning","Barrage","Conserve Battery","Echo Form","Chill","Stack","Cold Snap","Hologram","Rainbow","Cold Snap+1","Ball Lightning+1","Defragment+1","Stack","Coolheaded","Go for the Eyes+1","Barrage+1","Turbo","All For One+1","Coolheaded+1","Beam Cell+1","Dark Shackles","Streamline+1","Glacier+1","Barrage+1","Aggregate+1","Biased Cognition","Recycle+1"],"special_seed":0,"relics":["Cracked Core","DataDisk","Mercury Hourglass","Tiny Chest","Bottled Flame","Lizard Tail","Symbiotic Virus","Oddly Smooth Stone","Bag of Marbles","Molten Egg 2","Nuclear Battery","Incense Burner","Toxic Egg 2","Smiling Mask","Meat on the Bone","Question Card"],"potions_floor_usage":[16,23,25,33,33,36,36,40,42],"damage_taken":[{"damage":1.0,"enemies":"Cultist","floor":1.0,"turns":3.0},{"damage":0.0,"enemies":"2 Louse","floor":4.0,"turns":2.0},{"damage":29.0,"enemies":"Gremlin Nob","floor":7.0,"turns":4.0},{"damage":0.0,"enemies":"Small Slimes","floor":10.0,"turns":1.0},{"damage":0.0,"enemies":"Blue Slaver","floor":11.0,"turns":3.0},{"damage":0.0,"enemies":"3 Louse","floor":12.0,"turns":2.0},{"damage":7.0,"enemies":"Lagavulin","floor":14.0,"turns":4.0},{"damage":10,"enemies":"Slime Boss","floor":16,"turns":8},{"damage":19,"enemies":"Shell Parasite","floor":18,"turns":5},{"damage":2,"enemies":"Chosen","floor":19,"turns":4},{"damage":16,"enemies":"Snake Plant","floor":21,"turns":4},{"damage":18,"enemies":"Book of Stabbing","floor":23,"turns":7},{"damage":9,"enemies":"Slavers","floor":25,"turns":5},{"damage":8,"enemies":"Shelled Parasite and Fungi","floor":28,"turns":6},{"damage":0,"enemies":"Cultist and Chosen","floor":30,"turns":5},{"damage":6,"enemies":"Chosen and Byrds","floor":31,"turns":3},{"damage":29,"enemies":"Collector","floor":33,"turns":9},{"damage":0,"enemies":"Orb Walker","floor":35,"turns":2},{"damage":23,"enemies":"3 Darklings","floor":36,"turns":6},{"damage":0,"enemies":"Mind Bloom Boss Battle","floor":39,"turns":5},{"damage":4,"enemies":"Nemesis","floor":40,"turns":7},{"damage":49,"enemies":"Reptomancer","floor":42,"turns":8},{"damage":35,"enemies":"4 Shapes","floor":47,"turns":3},{"damage":17,"enemies":"Giant Head","floor":48,"turns":4}],"seed_played":"-8083682286171298206","potions_obtained":[{"floor":5.0,"key":"FocusPotion"},{"floor":5.0,"key":"FearPotion"},{"floor":10.0,"key":"Poison Potion"},{"floor":11.0,"key":"Regen Potion"},{"floor":12.0,"key":"Weak Potion"},{"floor":14,"key":"Block Potion"},{"floor":19,"key":"Swift Potion"},{"floor":25,"key":"Fruit Juice"},{"floor":28,"key":"GamblersBrew"},{"floor":31,"key":"SteroidPotion"},{"floor":33,"key":"SkillPotion"},{"floor":35,"key":"Swift Potion"},{"floor":39,"key":"Regen Potion"},{"floor":40,"key":"AttackPotion"}],"is_trial":false,"path_per_floor":["M","?","$","M","?","R","E","R","T","M","M","M","?","E","R","B",null,"M","M","?","M","?","E","R","E","T","$","M","R","M","M","R","B",null,"M","M","?","?","?","E","R","E","T","T","R","$","M","E"],"character_chosen":"DEFECT","items_purchased":["DataDisk","Compile Driver","Coolheaded","Cold Snap+1","Ball Lightning+1","Defragment","Stack","Coolheaded","EssenceOfSteel","Aggregate+1","Biased Cognition"],"campfire_rested":4,"item_purchase_floors":[3,3,3,27,27,27,27,27,27,46,46],"current_hp_per_floor":[63,63,63,63,63,63,34,34,34,34,34,34,34,39,39,29,55,36,34,34,18,18,32,51,47,47,47,39,39,39,33,53,24,58,58,35,35,35,35,45,65,16,16,16,36,36,13,0],"gold":167,"neow_bonus":"TWO_FIFTY_GOLD","is_prod":false,"is_daily":false,"chose_seed":false,"campfire_upgraded":4,"win_rate":0,"timestamp":1556329364,"path_taken":["M","?","$","?","?","R","E","R","T","M","?","M","?","E","R","BOSS","M","M","?","M","?","E","R","E","T","$","M","R","M","M","R","BOSS","M","M","?","?","?","E","R","E","T","?","R","$","M","E"],"build_version":"2019-01-23","purchased_purges":1,"victory":false,"max_hp_per_floor":[64,64,64,64,64,64,64,64,64,64,64,64,64,64,64,64,64,64,64,64,64,64,64,64,69,69,69,69,69,69,69,69,69,69,69,69,69,69,69,69,69,69,69,69,69,69,69,69],"card_choices":[{"not_picked":["Rebound","Compile Driver"],"picked":"BootSequence","floor":1.0},{"not_picked":["Coolheaded","Aggregate"],"picked":"Doom and Gloom","floor":4.0},{"not_picked":["Storm","Barrage"],"picked":"Capacitor","floor":7.0},{"not_picked":["Recycle","Reboot"],"picked":"Hologram","floor":10.0},{"not_picked":["Coolheaded","Blizzard"],"picked":"Ball Lightning","floor":11.0},{"not_picked":["Leap","Gash"],"picked":"Barrage","floor":12.0},{"not_picked":["Beam Cell","Heatsinks"],"picked":"Conserve Battery","floor":14},{"not_picked":["Meteor Strike","Thunder Strike"],"picked":"Echo Form","floor":16},{"not_picked":["Conserve Battery","Steam"],"picked":"Chill","floor":18},{"not_picked":["Steam","BootSequence"],"picked":"Stack","floor":19},{"not_picked":["Ball Lightning","Rebound"],"picked":"Cold Snap","floor":21},{"not_picked":["Storm","Steam"],"picked":"Hologram","floor":23},{"not_picked":["Genetic Algorithm","Reinforced Body"],"picked":"Rainbow","floor":25},{"not_picked":["Heatsinks","Compile Driver+1"],"picked":"Go for the Eyes+1","floor":28},{"not_picked":["Scrape+1","Capacitor"],"picked":"Barrage+1","floor":30},{"not_picked":["Hologram","Stack"],"picked":"Turbo","floor":31},{"not_picked":["Creative AI","Seek"],"picked":"All For One+1","floor":33},{"not_picked":["Melter+1","Hello World"],"picked":"Coolheaded+1","floor":35},{"not_picked":["Ball Lightning+1","Rebound+1"],"picked":"Beam Cell+1","floor":36},{"not_picked":["PanicButton","HandOfGreed+1"],"picked":"Dark Shackles","floor":38},{"not_picked":["Double Energy+1","Conserve Battery"],"picked":"Streamline+1","floor":39},{"not_picked":["Loop","Capacitor"],"picked":"Glacier+1","floor":40},{"not_picked":["Multi-Cast+1","Blizzard+1"],"picked":"Barrage+1","floor":42},{"not_picked":["Reinforced Body+1","Rip and Tear+1","Chill+1"],"picked":"Recycle+1","floor":47}],"player_experience":2531502,"relics_obtained":[{"floor":7.0,"key":"Mercury Hourglass"},{"floor":9.0,"key":"Tiny Chest"},{"floor":14,"key":"Bottled Flame"},{"floor":23,"key":"Oddly Smooth Stone"},{"floor":25,"key":"Bag of Marbles"},{"floor":26,"key":"Molten Egg 2"},{"floor":39,"key":"Incense Burner"},{"floor":40,"key":"Toxic Egg 2"},{"floor":42,"key":"Smiling Mask"},{"floor":43,"key":"Meat on the Bone"},{"floor":44,"key":"Question Card"}],"event_choices":[{"damage_healed":0.0,"max_hp_gain":0.0,"max_hp_loss":0.0,"gold_gain":0.0,"event_name":"Match and Keep!","player_choice":"0 cards matched","floor":2.0,"gold_loss":0.0,"damage_taken":0.0,"cards_obtained":[]},{"damage_healed":0.0,"max_hp_gain":0.0,"max_hp_loss":0.0,"gold_gain":0.0,"event_name":"Lab","player_choice":"Got Potions","floor":5.0,"gold_loss":0.0,"damage_taken":0.0},{"damage_healed":0.0,"max_hp_gain":0.0,"max_hp_loss":0.0,"gold_gain":79.0,"event_name":"Golden Wing","player_choice":"Gained Gold","floor":13.0,"gold_loss":0.0,"damage_taken":0.0},{"damage_healed":0,"gold_gain":0,"player_choice":"Simplicity","damage_taken":0,"max_hp_gain":0,"max_hp_loss":0,"event_name":"Back to Basics","floor":20,"gold_loss":0,"cards_upgraded":["Strike_B","Strike_B","Strike_B","Defend_B","Defend_B","Defend_B","Defend_B"]},{"damage_healed":0,"gold_gain":0,"player_choice":"Obtained Relic","damage_taken":0,"relics_obtained":["Symbiotic Virus"],"max_hp_gain":0,"max_hp_loss":0,"event_name":"Addict","floor":22,"gold_loss":85},{"damage_healed":0,"gold_gain":0,"player_choice":"Ignored","damage_taken":0,"max_hp_gain":0,"max_hp_loss":0,"event_name":"Tomb of Lord Red Mask","floor":37,"gold_loss":0},{"damage_healed":0,"gold_gain":0,"player_choice":"Memory 1","damage_taken":0,"max_hp_gain":0,"max_hp_loss":0,"event_name":"SensoryStone","floor":38,"gold_loss":0},{"damage_healed":0,"gold_gain":0,"player_choice":"Fight","damage_taken":0,"max_hp_gain":0,"max_hp_loss":0,"event_name":"MindBloom","floor":39,"gold_loss":0}],"is_beta":false,"boss_relics":[{"not_picked":["Snecko Eye","Velvet Choker"],"picked":"Lizard Tail"},{"not_picked":["FrozenCore","Orrery"],"picked":"Nuclear Battery"}],"items_purged_floors":[3],"is_endless":false,"potions_floor_spawned":[10,11,12,14,19,25,28,31,33,35,39,40],"killed_by":"Giant Head","ascension_level":18}