{"gold_per_floor":[111,127,80,93,112,112,147,147,195,74,74,88,107,121,121,220,220,230,230,29,46,63,93,93,104,104,104,104,32,51,51,63,177,189,216,78,88,88,99,130,130,164,217,217,229,229,243,254,254,254,254,254,23,50,50],"floor_reached":56,"playtime":5060,"items_purged":["Defend_R"],"score":1231,"play_id":"9321eaf7-18bb-4435-b546-37c449380234","local_time":"20190913022200","is_ascension_mode":false,"campfire_choices":[{"data":"Armaments","floor":6.0,"key":"SMITH"},{"data":"Limit Break","floor":8.0,"key":"SMITH"},{"data":"Spot Weakness","floor":11.0,"key":"SMITH"},{"floor":15.0,"key":"REST"},{"data":"Feed","floor":24.0,"key":"SMITH"},{"floor":32,"key":"REST"},{"floor":41,"key":"REST"},{"data":"Rupture","floor":44,"key":"SMITH"},{"floor":46,"key":"REST"},{"floor":49,"key":"RECALL"},{"data":"Clothesline","floor":52,"key":"SMITH"}],"neow_cost":"PERCENT_DAMAGE","seed_source_timestamp":1160806811679750,"circlet_count":0,"master_deck":["Defend_R","Defend_R","Defend_R","Bash","Armaments+1","Spot Weakness+1","Clothesline+1","Twin Strike","Iron Wave","Limit Break+1","Carnage","Shrug It Off","Flex","Carnage","Feed+1","Inflame","Shrug It Off","Thunderclap+1","Warcry+1","Headbutt","Whirlwind+1","Bite","Bite","Bite","Bite","Bite","Impervious+1","Bloodletting+1","Feed","Combust","Combust+1","Rupture+1","Bloodletting+1","Cleave","Limit Break+1","Shockwave+1","Ghostly Armor+1","Shrug It Off+1"],"special_seed":0,"relics":["Burning Blood","Ice Cream","Self Forming Clay","Strawberry","Sozu","Omamori","Art of War","Toxic Egg 2","MawBank","Cursed Key","Bag of Marbles","SsserpentHead","Happy Flower","Anchor","Blood Vial","Red Skull","Magic Flower"],"potions_floor_usage":[45],"damage_taken":[{"damage":9.0,"enemies":"Jaw Worm","floor":1.0,"turns":5.0},{"damage":1.0,"enemies":"Cultist","floor":2.0,"turns":3.0},{"damage":1.0,"enemies":"2 Louse","floor":4.0,"turns":3.0},{"damage":5.0,"enemies":"Looter","floor":5.0,"turns":3.0},{"damage":16.0,"enemies":"Lagavulin","floor":7.0,"turns":7.0},{"damage":13.0,"enemies":"Lots of Slimes","floor":12.0,"turns":4.0},{"damage":2.0,"enemies":"Blue Slaver","floor":13.0,"turns":3.0},{"damage":7.0,"enemies":"Exordium Wildlife","floor":14.0,"turns":5.0},{"damage":31.0,"enemies":"Slime Boss","floor":16.0,"turns":8.0},{"damage":3.0,"enemies":"Spheric Guardian","floor":18.0,"turns":4.0},{"damage":9.0,"enemies":"Shell Parasite","floor":21.0,"turns":8.0},{"damage":2.0,"enemies":"Snecko","floor":22.0,"turns":4.0},{"damage":30.0,"enemies":"Slavers","floor":23.0,"turns":4.0},{"damage":30.0,"enemies":"Centurion and Healer","floor":25.0,"turns":6.0},{"damage":24,"enemies":"Shelled Parasite and Fungi","floor":30,"turns":6},{"damage":61,"enemies":"Champ","floor":33,"turns":9},{"damage":8,"enemies":"Orb Walker","floor":35,"turns":3},{"damage":18,"enemies":"3 Shapes","floor":37,"turns":3},{"damage":24,"enemies":"Sphere and 2 Shapes","floor":39,"turns":5},{"damage":44,"enemies":"Nemesis","floor":40,"turns":7},{"damage":28,"enemies":"Reptomancer","floor":42,"turns":6},{"damage":6,"enemies":"Maw","floor":45,"turns":6},{"damage":43,"enemies":"Writhing Mass","floor":47,"turns":6},{"damage":32,"enemies":"Sphere and 2 Shapes","floor":48,"turns":5},{"damage":33,"enemies":"Donu and Deca","floor":50,"turns":5},{"damage":25,"enemies":"Shield and Spear","floor":54,"turns":6},{"damage":65,"enemies":"The Heart","floor":55,"turns":7}],"seed_played":"-5343609140050833426","potions_obtained":[{"floor":5.0,"key":"Dexterity Potion"},{"floor":7.0,"key":"Swift Potion"},{"floor":13.0,"key":"Ancient Potion"},{"floor":14.0,"key":"Poison Potion"}],"is_trial":false,"path_per_floor":["M","M","$","M","M","R","E","R","T","$","R","M","M","M","R","B",null,"M","?","$","M","M","E","R","M","T","?","T","$","M","?","R","B",null,"M","$","M","?","M","E","R","E","T","R","M","R","M","M","R","B",null,"R","$","E","B",null],"character_chosen":"IRONCLAD","items_purchased":["Clothesline","Carnage","Shrug It Off","Omamori","Shrug It Off","Impervious+1","Bag of Marbles","Red Skull"],"campfire_rested":4,"item_purchase_floors":[3,10,10,20,20,29,36,53],"current_hp_per_floor":[53,58,58,63,64,64,54,54,61,61,61,54,58,57,83,58,87,87,87,87,87,93,69,69,45,45,45,45,45,41,41,61,16,69,71,71,72,72,68,40,66,52,52,52,65,92,64,51,51,32,104,104,104,93,49],"gold":50,"neow_bonus":"ONE_RARE_RELIC","is_prod":false,"is_daily":false,"chose_seed":false,"campfire_upgraded":6,"win_rate":0,"timestamp":1568355720,"path_taken":["M","M","$","M","M","R","E","R","T","$","R","M","M","M","R","BOSS","M","?","?","M","M","E","R","M","T","?","?","?","?","?","R","BOSS","M","$","M","?","M","E","R","E","T","R","M","R","M","M","R","BOSS","R","$","E","BOSS"],"build_version":"2019-01-23","purchased_purges":1,"victory":true,"max_hp_per_floor":[80,80,80,80,80,80,80,80,87,87,87,87,87,87,87,87,87,87,87,87,90,93,93,93,93,93,65,65,65,69,69,69,69,69,73,73,81,81,89,89,89,93,93,93,93,93,93,100,100,104,104,104,104,108,108],"card_choices":[{"not_picked":["Perfected Strike","Headbutt"],"picked":"Armaments","floor":1.0},{"not_picked":["Twin Strike","Sword Boomerang"],"picked":"Spot Weakness","floor":2.0},{"not_picked":["Sever Soul","Fire Breathing"],"picked":"Twin Strike","floor":4.0},{"not_picked":["Fire Breathing","Rupture"],"picked":"Iron Wave","floor":5.0},{"not_picked":["Wild Strike","Disarm"],"picked":"Limit Break","floor":7.0},{"not_picked":["Sentinel","Havoc"],"picked":"Flex","floor":12.0},{"not_picked":["Iron Wave","Burning Pact"],"picked":"Carnage","floor":13.0},{"not_picked":["Barricade","Twin Strike","Hemokinesis"],"picked":"SKIP","floor":14.0},{"not_picked":["Impervious","Juggernaut"],"picked":"Feed","floor":16.0},{"not_picked":["Wild Strike","Warcry"],"picked":"Inflame","floor":18.0},{"not_picked":["Havoc","Warcry"],"picked":"Thunderclap+1","floor":21.0},{"not_picked":["Pommel Strike","Armaments"],"picked":"Warcry+1","floor":22.0},{"not_picked":["Havoc","Feel No Pain"],"picked":"Headbutt","floor":23.0},{"not_picked":["Seeing Red","Fiend Fire"],"picked":"Whirlwind+1","floor":25.0},{"not_picked":["Clash","Armaments+1"],"picked":"Bloodletting+1","floor":30},{"not_picked":["Berserk","Immolate"],"picked":"Feed","floor":33},{"not_picked":["Clothesline+1","Battle Trance+1"],"picked":"Combust","floor":35},{"not_picked":["Searing Blow+1","Armaments+1"],"picked":"Combust+1","floor":37},{"not_picked":["Rampage","Pommel Strike"],"picked":"Rupture","floor":39},{"not_picked":["Twin Strike+1","Rampage+1"],"picked":"Bloodletting+1","floor":40},{"not_picked":["Carnage+1","Sword Boomerang"],"picked":"Cleave","floor":42},{"not_picked":["Cleave+1","Infernal Blade+1"],"picked":"Limit Break+1","floor":45},{"not_picked":["Warcry+1","Thunderclap"],"picked":"Shockwave+1","floor":47},{"not_picked":["Flex+1","Feel No Pain"],"picked":"Ghostly Armor+1","floor":48},{"not_picked":["Dual Wield+1","Anger"],"picked":"Shrug It Off+1","floor":54}],"player_experience":2936326,"relics_obtained":[{"floor":7.0,"key":"Self Forming Clay"},{"floor":9.0,"key":"Strawberry"},{"floor":23.0,"key":"Art of War"},{"floor":26,"key":"Toxic Egg 2"},{"floor":40,"key":"Happy Flower"},{"floor":42,"key":"Anchor"},{"floor":43,"key":"Blood Vial"},{"floor":54,"key":"Magic Flower"}],"event_choices":[{"cards_removed":["Strike_R"],"damage_healed":0.0,"max_hp_gain":0.0,"max_hp_loss":0.0,"gold_gain":0.0,"event_name":"Bonfire Elementals","player_choice":"Offered Basic","floor":19.0,"gold_loss":0.0,"damage_taken":0.0},{"damage_healed":0,"gold_gain":0,"player_choice":"Became a vampire","damage_taken":0,"max_hp_gain":0,"max_hp_loss":28,"event_name":"Vampires","floor":27,"gold_loss":0,"cards_obtained":["Bite","Bite","Bite","Bite","Bite"]},{"damage_healed":0,"gold_gain":0,"player_choice":"Opened","damage_taken":0,"relics_obtained":["MawBank"],"max_hp_gain":0,"max_hp_loss":0,"event_name":"The Mausoleum","floor":31,"gold_loss":0},{"damage_healed":0,"gold_gain":0,"player_choice":"Trade","damage_taken":0,"relics_obtained":["SsserpentHead"],"max_hp_gain":0,"max_hp_loss":0,"event_name":"FaceTrader","floor":38,"gold_loss":0}],"is_beta":false,"boss_relics":[{"not_picked":["Busted Crown","Pandora\u0027s Box"],"picked":"Sozu"},{"not_picked":["Eternal Feather","Astrolabe"],"picked":"Cursed Key"}],"items_purged_floors":[53],"is_endless":false,"potions_floor_spawned":[5,7,13,14,18,21,25,30,39,45,54],"ascension_level":0}