{"gold_per_floor":[117,192,211,19,19,50,50,70,93,106,119,119,134,147,147,147],"floor_reached":16,"playtime":1330,"items_purged":[],"score":129,"play_id":"69639afb-e7dd-48d5-a7a9-c2ce82c6b883","local_time":"20190925214425","is_ascension_mode":false,"campfire_choices":[{"data":"Mayhem","floor":7,"key":"SMITH"},{"data":"Infinite Blades","floor":12,"key":"SMITH"},{"floor":15,"key":"REST"}],"neow_cost":"NONE","seed_source_timestamp":696205155987000,"circlet_count":0,"master_deck":["Strike_G","Strike_G","Strike_G","Strike_G","Defend_G","Defend_G","Defend_G","Defend_G","Defend_G","Survivor","Neutralize","Flying Knee","Choke","Mayhem+1","Deadly Poison","Backflip","Heel Hook","Infinite Blades+1","Underhanded Strike","Flechettes","Noxious Fumes"],"relics":["Ring of the Snake","NeowsBlessing","Potion Belt","Snake Skull"],"potions_floor_usage":[],"damage_taken":[{"damage":0,"enemies":"Small Slimes","floor":1,"turns":1},{"damage":0,"enemies":"Jaw Worm","floor":3,"turns":1},{"damage":0,"enemies":"Lagavulin","floor":6,"turns":1},{"damage":0,"enemies":"2 Louse","floor":8,"turns":4},{"damage":6,"enemies":"Large Slime","floor":10,"turns":5},{"damage":4,"enemies":"Red Slaver","floor":11,"turns":5},{"damage":22,"enemies":"Exordium Thugs","floor":13,"turns":4},{"damage":14,"enemies":"3 Louse","floor":14,"turns":3},{"damage":30,"enemies":"Hexaghost","floor":16,"turns":9}],"seed_played":"-1659054960518063958","potions_obtained":[{"floor":6,"key":"Block Potion"},{"floor":8,"key":"LiquidBronze"},{"floor":10,"key":"GhostInAJar"},{"floor":13,"key":"LiquidBronze"},{"floor":14,"key":"Poison Potion"}],"is_trial":false,"path_per_floor":["M","?","M","$","?","E","R","M","T","M","M","R","M","M","R","B"],"character_chosen":"THE_SILENT","items_purchased":["Mayhem","Deadly Poison"],"campfire_rested":1,"item_purchase_floors":[4,4],"current_hp_per_floor":[70,59,59,59,52,52,52,52,52,46,42,42,20,6,27,0],"gold":147,"neow_bonus":"THREE_ENEMY_KILL","is_prod":false,"is_daily":false,"chose_seed":false,"campfire_upgraded":2,"win_rate":0.0,"timestamp":1569419065,"path_taken":["M","?","M","$","?","E","R","M","T","M","M","R","M","M","R","BOSS"],"build_version":"2019-07-17","purchased_purges":0,"victory":false,"max_hp_per_floor":[70,70,70,70,70,70,70,70,70,70,70,70,70,70,70,70],"card_choices":[{"not_picked":["Deflect","Escape Plan"],"picked":"Flying Knee","floor":1},{"not_picked":["PiercingWail","Flechettes"],"picked":"Choke","floor":3},{"not_picked":["Dagger Throw","Choke"],"picked":"Backflip","floor":6},{"not_picked":["Reflex","PiercingWail"],"picked":"Heel Hook","floor":8},{"not_picked":["Leg Sweep","Reflex"],"picked":"Infinite Blades","floor":10},{"not_picked":["Masterful Stab","Deadly Poison"],"picked":"Underhanded Strike","floor":11},{"not_picked":["Quick Slash","Dash"],"picked":"Flechettes","floor":13},{"not_picked":["Flechettes","Blade Dance"],"picked":"Noxious Fumes","floor":14}],"player_experience":3946,"relics_obtained":[{"floor":6,"key":"Potion Belt"},{"floor":9,"key":"Snake Skull"}],"event_choices":[{"damage_healed":0,"gold_gain":75,"player_choice":"Gather Gold","damage_taken":11,"max_hp_gain":0,"max_hp_loss":0,"event_name":"World of Goop","floor":2,"gold_loss":0},{"cards_removed":["Strike_G"],"damage_healed":0,"gold_gain":0,"player_choice":"Card Removal","damage_taken":7,"max_hp_gain":0,"max_hp_loss":0,"event_name":"Golden Wing","floor":5,"gold_loss":0}],"is_beta":false,"boss_relics":[],"items_purged_floors":[],"is_endless":false,"potions_floor_spawned":[6,8,10,13,14],"killed_by":"Hexaghost","ascension_level":0}