{"gold_per_floor":[13,29,29,5,80,80,93,93,148,98,98,98,124,183,183,280,280,292,292,302,53,53,53,53,70,138,170,170,186,204,204,204,299,299,318,331,43,62,81,81,81,95,95,109,125,143,143,156,156,156],"floor_reached":51,"playtime":8373,"items_purged":[],"score":818,"play_id":"166d0808-d36a-485b-a347-6f660f302375","local_time":"20180728181931","is_ascension_mode":true,"campfire_choices":[{"data":"Double Tap","floor":6,"key":"SMITH"},{"data":"Shrug It Off","floor":8,"key":"SMITH"},{"data":"Clothesline","floor":11,"key":"SMITH"},{"floor":15,"key":"REST"},{"data":"Offering","floor":24,"key":"SMITH"},{"data":"1","floor":28,"key":"LIFT"},{"floor":32,"key":"REST"},{"floor":40,"key":"REST"},{"floor":49,"key":"REST"}],"neow_cost":"NO_GOLD","seed_source_timestamp":14098640965722,"circlet_count":0,"master_deck":["Strike_R+1","Strike_R+1","Strike_R+1","Defend_R+1","Defend_R+1","Bash","Clash","Double Tap+1","Metallicize+1","Clothesline+1","Shrug It Off+1","Carnage","Dual Wield+1","Whirlwind","Offering+1","Inflame","Armaments+1","Metallicize","Whirlwind","Inflame","Juggernaut","True Grit+1","Anger+1","Immolate","Metallicize+1","Thunderclap","Reaper","True Grit+1","Madness","Madness","Metallicize+1","Seeing Red+1","Pommel Strike+1","Clothesline+1","Battle Trance"],"relics":["Burning Blood","Centennial Puzzle","Blood Vial","Oddly Smooth Stone","Philosopher\u0027s Stone","HandDrill","Matryoshka","Girya","Lizard Tail","Regal Pillow","Vajra","Art of War","Bottled Flame","Gambling Chip"],"potions_floor_usage":[16,25,30,30,33,38,42,46,50,50,50],"damage_taken":[{"damage":0,"enemies":"Cultist","floor":1,"turns":2},{"damage":0,"enemies":"2 Louse","floor":2,"turns":3},{"damage":7,"enemies":"Jaw Worm","floor":7,"turns":2},{"damage":27,"enemies":"3 Sentries","floor":13,"turns":8},{"damage":23,"enemies":"3 Sentries","floor":14,"turns":7},{"damage":36,"enemies":"The Guardian","floor":16,"turns":10},{"damage":5,"enemies":"Spheric Guardian","floor":18,"turns":2},{"damage":13,"enemies":"Shell Parasite","floor":20,"turns":3},{"damage":0,"enemies":"Snake Plant","floor":25,"turns":2},{"damage":38,"enemies":"Book of Stabbing","floor":27,"turns":6},{"damage":18,"enemies":"Slaver and Parasite","floor":29,"turns":5},{"damage":30,"enemies":"Chosen and Byrds","floor":30,"turns":9},{"damage":37,"enemies":"Automaton","floor":33,"turns":9},{"damage":29,"enemies":"3 Darklings","floor":35,"turns":2},{"damage":19,"enemies":"Flame Bruiser 1 Orb","floor":36,"turns":7},{"damage":29,"enemies":"Sphere and 2 Shapes","floor":38,"turns":5},{"damage":37,"enemies":"4 Shapes","floor":39,"turns":8},{"damage":27,"enemies":"Maw","floor":42,"turns":8},{"damage":14,"enemies":"3 Darklings","floor":44,"turns":3},{"damage":21,"enemies":"Spire Growth","floor":45,"turns":5},{"damage":20,"enemies":"Maw","floor":46,"turns":10},{"damage":21,"floor":47,"turns":6},{"damage":23,"enemies":"Sphere and 2 Shapes","floor":48,"turns":6},{"damage":70,"enemies":"Donu and Deca","floor":50,"turns":8}],"seed_played":"-1945829237306302786","potions_obtained":[{"floor":1,"key":"Weak Potion"},{"floor":7,"key":"BloodPotion"},{"floor":13,"key":"Fire Potion"},{"floor":20,"key":"GamblersBrew"},{"floor":27,"key":"Fire Potion"},{"floor":29,"key":"PowerPotion"},{"floor":33,"key":"Poison Potion"},{"floor":39,"key":"LiquidBronze"},{"floor":42,"key":"FearPotion"},{"floor":44,"key":"SkillPotion"},{"floor":47,"key":"PowerPotion"},{"floor":48,"key":"Explosive Potion"}],"is_trial":false,"path_per_floor":["M","M","?","$","?","R","M","R","T","?","R","?","E","?","R","B",null,"M","?","M","$","?","?","R","M","T","E","R","M","M","?","R","B",null,"M","M","$","M","M","R","?","M","T","M","M","M","?","M","R","B"],"character_chosen":"IRONCLAD","items_purchased":["Shrug It Off","Metallicize","HandDrill","Regal Pillow","Vajra"],"campfire_rested":4,"item_purchase_floors":[4,21,21,37,37],"current_hp_per_floor":[80,80,85,85,74,74,73,73,73,73,73,73,52,37,62,34,85,85,85,78,78,78,78,78,85,85,53,53,43,21,21,46,17,85,62,51,51,30,55,85,74,55,55,77,70,70,63,60,85,44],"gold":156,"neow_bonus":"TRANSFORM_TWO_CARDS","is_prod":false,"is_daily":false,"chose_seed":false,"campfire_upgraded":4,"win_rate":0,"timestamp":1532816371,"path_taken":["M","?","?","$","?","R","?","R","T","?","R","?","E","?","R","BOSS","M","?","M","?","?","?","R","?","T","E","R","M","M","?","R","BOSS","M","M","$","M","M","R","?","M","T","M","M","M","?","M","R","BOSS"],"build_version":"2018-07-26","purchased_purges":0,"victory":true,"max_hp_per_floor":[80,80,85,85,85,85,85,85,85,85,85,85,85,85,85,85,85,85,85,85,85,85,85,85,85,85,85,85,85,85,85,85,85,85,85,85,85,85,85,85,85,85,85,85,85,85,85,85,85,85],"card_choices":[{"not_picked":["Perfected Strike","Battle Trance"],"picked":"Metallicize","floor":1},{"not_picked":["Pommel Strike","Disarm"],"picked":"Clothesline","floor":2},{"not_picked":["Blood for Blood","Power Through"],"picked":"Carnage","floor":7},{"not_picked":["Flame Barrier","Clash"],"picked":"Dual Wield","floor":13},{"not_picked":["Wild Strike","True Grit"],"picked":"Whirlwind","floor":14},{"not_picked":["Demon Form","Berserk"],"picked":"Offering","floor":16},{"not_picked":["Second Wind","Fire Breathing"],"picked":"Inflame","floor":18},{"not_picked":["Carnage","Sword Boomerang"],"picked":"Armaments+1","floor":20},{"not_picked":["Bloodletting","Second Wind+1"],"picked":"Inflame","floor":25},{"not_picked":["Rampage","Cleave"],"picked":"Juggernaut","floor":27},{"not_picked":["Iron Wave","Warcry"],"picked":"True Grit+1","floor":29},{"not_picked":["Cleave","Perfected Strike"],"picked":"Anger+1","floor":30},{"not_picked":["Brutality","Reaper"],"picked":"Immolate","floor":33},{"not_picked":["Headbutt+1","Pommel Strike+1"],"picked":"Metallicize+1","floor":35},{"not_picked":["Ghostly Armor","Sword Boomerang+1"],"picked":"Thunderclap","floor":36},{"not_picked":["Clothesline","Havoc"],"picked":"Reaper","floor":38},{"not_picked":["Clothesline","Evolve"],"picked":"True Grit+1","floor":39},{"not_picked":["Whirlwind+1","Clothesline"],"picked":"Metallicize+1","floor":42},{"not_picked":["Twin Strike","Sword Boomerang"],"picked":"Seeing Red+1","floor":44},{"not_picked":["Shockwave","Armaments","Cleave"],"picked":"SKIP","floor":45},{"not_picked":["Flex+1","Wild Strike+1"],"picked":"Pommel Strike+1","floor":46},{"not_picked":["Flex+1","Whirlwind"],"picked":"Clothesline+1","floor":47},{"not_picked":["Feel No Pain","Armaments"],"picked":"Battle Trance","floor":48}],"player_experience":1379882,"relics_obtained":[{"floor":9,"key":"Centennial Puzzle"},{"floor":13,"key":"Blood Vial"},{"floor":14,"key":"Oddly Smooth Stone"},{"floor":26,"key":"Matryoshka"},{"floor":27,"key":"Girya"},{"floor":43,"key":"Art of War"},{"floor":43,"key":"Bottled Flame"},{"floor":47,"key":"Gambling Chip"}],"event_choices":[{"event_name":"Big Fish","player_choice":"Donut","floor":3,"damage_taken":0},{"event_name":"World of Goop","player_choice":"Gather Gold","floor":5,"damage_taken":0},{"event_name":"The Cleric","player_choice":"Card Removal","floor":10,"damage_taken":0},{"event_name":"Upgrade Shrine","player_choice":"Upgraded","floor":12,"damage_taken":0},{"event_name":"Dead Adventurer","player_choice":"Searched \u00272\u0027 times","floor":14,"damage_taken":0},{"event_name":"Upgrade Shrine","player_choice":"Upgraded","floor":19,"damage_taken":0},{"event_name":"Drug Dealer","player_choice":"Ignored","floor":22,"damage_taken":0},{"event_name":"Transmorgrifier","player_choice":"Transform","floor":23,"damage_taken":0},{"event_name":"Back to Basics","player_choice":"Simplicity","floor":31,"damage_taken":0},{"event_name":"Winding Halls","player_choice":"Embrace Madness","floor":41,"damage_taken":0},{"event_name":"MindBloom","player_choice":"Fight","floor":47,"damage_taken":0}],"is_beta":false,"boss_relics":[{"not_picked":["Snecko Eye","Velvet Choker"],"picked":"Philosopher\u0027s Stone"},{"not_picked":["Runic Cube","Black Star"],"picked":"Lizard Tail"}],"items_purged_floors":[],"is_endless":false,"potions_floor_spawned":[1,7,13,20,27,29,33,39,42,44,47,48],"ascension_level":4}