{"gold_per_floor":[112,130,205,205,216,242,255,274,320,320,340,369,382,394,394,394],"floor_reached":16,"playtime":1341,"items_purged":[],"score":116,"play_id":"3fca3f74-2cd7-4bf4-b47a-696750ef432a","local_time":"20191006141448","is_ascension_mode":false,"campfire_choices":[{"data":"Barrage","floor":10,"key":"SMITH"},{"data":"Fission","floor":15,"key":"SMITH"}],"neow_cost":"NONE","seed_source_timestamp":573123267191500,"circlet_count":0,"master_deck":["Strike_B","Strike_B","Strike_B","Strike_B","Defend_B","Defend_B","Defend_B","Defend_B","Zap","Dualcast","Chaos+1","Stack","Auto Shields","Compile Driver","Gash","Barrage+1","Genetic Algorithm","Fission+1","Static Discharge","Doom and Gloom"],"relics":["Cracked Core","NeowsBlessing","Bird Faced Urn","Regal Pillow","Kunai"],"potions_floor_usage":[13,14,16],"damage_taken":[{"damage":0,"enemies":"Jaw Worm","floor":1,"turns":1},{"damage":0,"enemies":"2 Louse","floor":2,"turns":1},{"damage":0,"enemies":"Small Slimes","floor":5,"turns":1},{"damage":29,"enemies":"Gremlin Nob","floor":6,"turns":5},{"damage":2,"enemies":"Blue Slaver","floor":7,"turns":4},{"damage":1,"enemies":"Exordium Thugs","floor":8,"turns":6},{"damage":8,"enemies":"Exordium Wildlife","floor":11,"turns":3},{"damage":20,"enemies":"Lagavulin","floor":12,"turns":6},{"damage":0,"enemies":"Red Slaver","floor":13,"turns":3},{"damage":11,"enemies":"Lots of Slimes","floor":14,"turns":3},{"damage":14,"enemies":"Slime Boss","floor":16,"turns":3}],"seed_played":"1948206507175486632","potions_obtained":[{"floor":2,"key":"LiquidBronze"},{"floor":8,"key":"Energy Potion"},{"floor":12,"key":"Weak Potion"},{"floor":13,"key":"FairyPotion"}],"is_trial":false,"path_per_floor":["M","M","?","?","M","E","M","M","T","R","M","E","M","M","R","B"],"character_chosen":"DEFECT","items_purchased":[],"campfire_rested":0,"item_purchase_floors":[],"current_hp_per_floor":[75,75,64,64,64,35,33,32,32,32,24,4,4,4,4,0],"gold":394,"neow_bonus":"THREE_ENEMY_KILL","is_prod":false,"is_daily":false,"chose_seed":false,"campfire_upgraded":2,"win_rate":0.0,"timestamp":1570342488,"path_taken":["M","M","?","?","M","E","M","M","T","R","M","E","M","M","R","BOSS"],"build_version":"2019-07-17","purchased_purges":0,"victory":false,"max_hp_per_floor":[75,75,75,75,75,75,75,75,75,75,75,75,75,75,75,75],"card_choices":[{"not_picked":["Barrage","Leap"],"picked":"Chaos","floor":1},{"not_picked":["Ball Lightning","Gash"],"picked":"Stack","floor":2},{"not_picked":["Blizzard","Scrape"],"picked":"Auto Shields","floor":5},{"not_picked":["Ball Lightning","Skim"],"picked":"Compile Driver","floor":6},{"not_picked":["Seek","Heatsinks"],"picked":"Gash","floor":7},{"not_picked":["Tempest","Stack"],"picked":"Barrage","floor":8},{"not_picked":["Conserve Battery","Steam"],"picked":"Genetic Algorithm","floor":11},{"not_picked":["Cold Snap","Fusion"],"picked":"Fission","floor":12},{"not_picked":["Steam","Tempest"],"picked":"Static Discharge","floor":13},{"not_picked":["Skim","Static Discharge"],"picked":"Doom and Gloom","floor":14}],"player_experience":100839,"relics_obtained":[{"floor":6,"key":"Bird Faced Urn"},{"floor":9,"key":"Regal Pillow"},{"floor":12,"key":"Kunai"}],"event_choices":[{"damage_healed":0,"gold_gain":75,"player_choice":"Gather Gold","damage_taken":11,"max_hp_gain":0,"max_hp_loss":0,"event_name":"World of Goop","floor":3,"gold_loss":0},{"damage_healed":0,"gold_gain":0,"player_choice":"Grow","damage_taken":0,"max_hp_gain":0,"max_hp_loss":0,"event_name":"Living Wall","floor":4,"gold_loss":0,"cards_upgraded":["Chaos"]}],"is_beta":false,"boss_relics":[],"items_purged_floors":[],"is_endless":false,"potions_floor_spawned":[2,8,12,13],"killed_by":"Slime Boss","ascension_level":0}