{"gold_per_floor":[114,129,144,144,46,46,84,84,109,9,9,28,47,66,66,191,191,210,229,229,267,17,17],"floor_reached":23,"playtime":4376,"items_purged":["Strike_R","Strike_R"],"score":211,"play_id":"8a1f4d99-09bb-4a52-9ccc-4e7402019676","local_time":"20190131235431","daily_mods":["Allstar","Flight","DeadlyEvents"],"is_ascension_mode":false,"campfire_choices":[{"data":"Body Slam","floor":6.0,"key":"SMITH"},{"data":"Rampage","floor":8.0,"key":"SMITH"},{"floor":15.0,"key":"REST"}],"neow_cost":"","seed_source_timestamp":0,"circlet_count":0,"master_deck":["Strike_R","Defend_R","Defend_R","Defend_R","Defend_R","Bash","Finesse","Madness","Master of Strategy","Enlightenment","Metamorphosis","Corruption","Body Slam+1","Rampage+1","Flex","Seeing Red","Intimidate","Thunderclap","Double Tap","Clash","Pommel Strike","Impervious","Shrug It Off"],"special_seed":17925,"relics":["Burning Blood","Golden Idol","Oddly Smooth Stone","Boot","Orrery","Turnip","Molten Egg 2"],"potions_floor_usage":[],"damage_taken":[{"damage":6.0,"enemies":"Jaw Worm","floor":1.0,"turns":3.0},{"damage":0.0,"enemies":"Small Slimes","floor":2.0,"turns":3.0},{"damage":5.0,"enemies":"2 Louse","floor":3.0,"turns":3.0},{"damage":16.0,"enemies":"Lagavulin","floor":7.0,"turns":5.0},{"damage":7.0,"enemies":"Red Slaver","floor":12.0,"turns":3.0},{"damage":11.0,"enemies":"Gremlin Gang","floor":13.0,"turns":4.0},{"damage":6.0,"enemies":"Blue Slaver","floor":14.0,"turns":3.0},{"damage":51.0,"enemies":"Hexaghost","floor":16.0,"turns":8.0},{"damage":10.0,"enemies":"Shell Parasite","floor":18.0,"turns":5.0},{"damage":8.0,"enemies":"Spheric Guardian","floor":19.0,"turns":5.0},{"damage":52.0,"enemies":"Book of Stabbing","floor":21.0,"turns":7.0},{"damage":36,"enemies":"Gremlin Leader","floor":23,"turns":3}],"seed_played":"-7783971571703722258","potions_obtained":[{"floor":1.0,"key":"SpeedPotion"},{"floor":12.0,"key":"SteroidPotion"},{"floor":14.0,"key":"GamblersBrew"},{"floor":18.0,"key":"Ancient Potion"},{"floor":19.0,"key":"Fire Potion"}],"is_trial":false,"path_per_floor":["M","M","M","?","$","R","E","R","T","$","?","M","M","M","R","B",null,"M","M","?","E","$","E"],"character_chosen":"IRONCLAD","items_purchased":["Flex","Molten Egg 2"],"campfire_rested":1,"item_purchase_floors":[5,22],"current_hp_per_floor":[80,80,80,60,60,60,50,50,50,50,50,49,44,44,68,23,80,76,74,74,28,28,0],"gold":17,"neow_bonus":"","is_prod":false,"is_daily":true,"chose_seed":false,"campfire_upgraded":2,"win_rate":0,"timestamp":1548996871,"path_taken":["M","M","M","?","$","R","E","R","T","$","?","M","?","M","R","BOSS","M","M","?","?","$","E"],"build_version":"2019-01-23","purchased_purges":2,"victory":false,"max_hp_per_floor":[80,80,80,80,80,80,80,80,80,80,80,80,80,80,80,80,80,80,80,80,80,80,80],"card_choices":[{"not_picked":["Uppercut","Sentinel"],"picked":"Corruption","floor":1.0},{"not_picked":["True Grit","Havoc"],"picked":"Body Slam","floor":2.0},{"not_picked":["Cleave","Dropkick"],"picked":"Rampage","floor":3.0},{"not_picked":["Sword Boomerang","Reckless Charge","Uppercut"],"picked":"SKIP","floor":7.0},{"not_picked":["Pummel","Inflame"],"picked":"Seeing Red","floor":12.0},{"not_picked":["Ghostly Armor","Flex"],"picked":"Intimidate","floor":13.0},{"not_picked":["Rupture","Cleave"],"picked":"Thunderclap","floor":14.0},{"not_picked":["Feed","Limit Break"],"picked":"Double Tap","floor":16.0},{"not_picked":["Warcry","Burning Pact"],"picked":"Clash","floor":17.0},{"not_picked":["Cleave","True Grit"],"picked":"Pommel Strike","floor":17.0},{"not_picked":["Armaments","Uppercut"],"picked":"Impervious","floor":17.0},{"not_picked":["Flame Barrier","Body Slam"],"picked":"Shrug It Off","floor":18.0},{"not_picked":["Heavy Blade","Perfected Strike","Twin Strike"],"picked":"SKIP","floor":19.0},{"not_picked":["Inflame","Blood for Blood","Double Tap"],"picked":"SKIP","floor":21.0}],"player_experience":2244250,"relics_obtained":[{"floor":7.0,"key":"Oddly Smooth Stone"},{"floor":9.0,"key":"Boot"},{"floor":21.0,"key":"Turnip"}],"event_choices":[{"damage_healed":0.0,"max_hp_gain":0.0,"max_hp_loss":0.0,"gold_gain":0.0,"event_name":"Golden Idol","player_choice":"Take Damage","floor":4.0,"gold_loss":0.0,"damage_taken":20.0,"relics_obtained":["Golden Idol"]},{"cards_removed":["Strike_R"],"damage_healed":0.0,"max_hp_gain":0.0,"max_hp_loss":0.0,"gold_gain":0.0,"event_name":"Living Wall","player_choice":"Forget","floor":11.0,"gold_loss":0.0,"damage_taken":0.0},{"cards_removed":["Strike_R"],"damage_healed":0.0,"max_hp_gain":0.0,"max_hp_loss":0.0,"gold_gain":0.0,"event_name":"Purifier","player_choice":"Purged","floor":20.0,"gold_loss":0.0,"damage_taken":0.0}],"is_beta":false,"boss_relics":[{"not_picked":["Busted Crown","Mark of Pain"],"picked":"Orrery"}],"items_purged_floors":[5,10],"is_endless":false,"potions_floor_spawned":[1,12,14,18,19],"killed_by":"Gremlin Leader","ascension_level":0}