{"gold_per_floor":[119,119,119,139,139,139,157,157,184,217,217,132,132,142,142,247,297,308,308,43,58,71,71],"floor_reached":23,"playtime":1225,"items_purged":["Strike_B"],"score":189,"play_id":"91999380-e26c-42e9-a78d-e111d12c6105","local_time":"20191006224609","is_ascension_mode":false,"campfire_choices":[{"data":"Rainbow","floor":6,"key":"SMITH"},{"data":"Barrage","floor":8,"key":"SMITH"},{"data":"Stack","floor":11,"key":"SMITH"},{"data":"Static Discharge","floor":13,"key":"SMITH"},{"data":"Barrage","floor":15,"key":"SMITH"}],"neow_cost":"NONE","seed_source_timestamp":603916997062900,"circlet_count":0,"master_deck":["Strike_B","Strike_B+1","Strike_B","Defend_B+1","Defend_B","Defend_B","Defend_B","Zap","Dualcast","Rainbow+1","Ball Lightning+1","Barrage+1","Ball Lightning","Stack+1","Static Discharge+1","Barrage+1","Echo Form+1","Hello World","Stack","Self Repair","Conserve Battery+1","Turbo+1"],"relics":["Cracked Core","Happy Flower","Smiling Mask","StoneCalendar","Tiny House","ClockworkSouvenir"],"potions_floor_usage":[],"damage_taken":[{"damage":7,"enemies":"2 Louse","floor":1,"turns":3},{"damage":2,"enemies":"Small Slimes","floor":4,"turns":3},{"damage":0,"enemies":"Cultist","floor":7,"turns":2},{"damage":23,"enemies":"3 Sentries","floor":10,"turns":6},{"damage":7,"enemies":"2 Fungi Beasts","floor":14,"turns":2},{"damage":3,"enemies":"Hexaghost","floor":16,"turns":6},{"damage":10,"enemies":"Chosen","floor":18,"turns":4},{"damage":29,"enemies":"2 Thieves","floor":21,"turns":4},{"damage":27,"enemies":"Snake Plant","floor":22,"turns":3},{"damage":33,"enemies":"Slavers","floor":23,"turns":2}],"seed_played":"-2693282400518422519","potions_obtained":[{"floor":1,"key":"Ancient Potion"},{"floor":4,"key":"Strength Potion"},{"floor":17,"key":"EssenceOfSteel"}],"is_trial":false,"path_per_floor":["M","?","?","M","?","R","M","R","T","E","R","$","R","M","R","B",null,"M","?","$","M","M","E"],"character_chosen":"DEFECT","items_purchased":["Static Discharge","Self Repair","ClockworkSouvenir"],"campfire_rested":0,"item_purchase_floors":[12,20,20],"current_hp_per_floor":[68,68,53,51,44,44,44,44,44,21,21,21,21,14,14,11,80,70,70,70,48,28,0],"gold":71,"neow_bonus":"ONE_RANDOM_RARE_CARD","is_prod":false,"is_daily":false,"chose_seed":false,"campfire_upgraded":5,"win_rate":0.0,"timestamp":1570373169,"path_taken":["M","?","?","M","?","R","M","R","T","E","R","$","R","M","R","BOSS","M","?","$","M","M","E"],"build_version":"2019-07-17","purchased_purges":1,"victory":false,"max_hp_per_floor":[75,75,75,75,75,75,75,75,75,75,75,75,75,75,75,75,80,80,80,80,80,80,80],"card_choices":[{"not_picked":["Melter","Defragment"],"picked":"Ball Lightning","floor":1},{"not_picked":["Go for the Eyes","Turbo"],"picked":"Barrage","floor":4},{"not_picked":["Stack","Hologram"],"picked":"Ball Lightning","floor":7},{"not_picked":["Aggregate","FTL"],"picked":"Stack","floor":10},{"not_picked":["Go for the Eyes","Meteor Strike"],"picked":"Barrage","floor":14},{"not_picked":["All For One","Amplify"],"picked":"Echo Form","floor":16},{"not_picked":["Steam","Compile Driver"],"picked":"Hello World","floor":17},{"not_picked":["Fusion+1","Hello World"],"picked":"Stack","floor":18},{"not_picked":["Go for the Eyes","Sunder"],"picked":"Conserve Battery+1","floor":21},{"not_picked":["Echo Form","Hello World"],"picked":"Turbo+1","floor":22}],"player_experience":113165,"relics_obtained":[{"floor":9,"key":"Smiling Mask"},{"floor":10,"key":"StoneCalendar"}],"event_choices":[{"damage_healed":0,"gold_gain":0,"player_choice":"Box","damage_taken":0,"relics_obtained":["Happy Flower"],"max_hp_gain":0,"max_hp_loss":0,"event_name":"Big Fish","floor":2,"gold_loss":0,"cards_obtained":["Regret"]},{"damage_healed":0,"gold_gain":0,"player_choice":"Entered Light","damage_taken":15,"max_hp_gain":0,"max_hp_loss":0,"event_name":"Shining Light","floor":3,"gold_loss":0,"cards_upgraded":["Ball Lightning","Strike_B"]},{"cards_removed":["Regret"],"damage_healed":0,"gold_gain":0,"player_choice":"Card Removal","damage_taken":7,"max_hp_gain":0,"max_hp_loss":0,"event_name":"Golden Wing","floor":5,"gold_loss":0},{"damage_healed":0,"gold_gain":0,"player_choice":"Upgraded","damage_taken":0,"max_hp_gain":0,"max_hp_loss":0,"event_name":"Upgrade Shrine","floor":19,"gold_loss":0,"cards_upgraded":["Echo Form"]}],"is_beta":false,"boss_relics":[{"not_picked":["Snecko Eye","Fusion Hammer"],"picked":"Tiny House"}],"items_purged_floors":[12],"is_endless":false,"potions_floor_spawned":[1,4,18],"killed_by":"Slavers","ascension_level":0}