{"gold_per_floor":[109,124,144,162,112,112,112,30,102,128,128,128,141,172,172,267,267,278,291,36,53,70,70,97,115,115,115,115,115,115,148,148,245,245,265,265,279,289,25,25,36,54,54,54,72,72,48,62,62,62],"floor_reached":50,"playtime":5088,"items_purged":["Strike_G"],"score":935,"play_id":"96df3ff5-85af-4ac7-830c-0d2dc2cbd22b","local_time":"20181117182915","is_ascension_mode":true,"campfire_choices":[{"data":"Neutralize","floor":7.0,"key":"SMITH"},{"data":"Glass Knife","floor":11.0,"key":"SMITH"},{"data":"Predator","floor":15.0,"key":"SMITH"},{"data":"Adrenaline","floor":23.0,"key":"SMITH"},{"data":"Burst","floor":27.0,"key":"SMITH"},{"floor":30.0,"key":"REST"},{"data":"RitualDagger","floor":32.0,"key":"SMITH"},{"floor":40.0,"key":"REST"},{"floor":44.0,"key":"REST"},{"floor":46.0,"key":"REST"},{"floor":49.0,"key":"REST"}],"neow_cost":"NONE","seed_source_timestamp":0,"circlet_count":0,"master_deck":["AscendersBane","Defend_G","Defend_G","Defend_G","Defend_G","Strike_G","Strike_G","Strike_G","Survivor","Neutralize+1","Choke","Footwork","Predator+1","Flying Knee","Masterful Stab","Dagger Spray","Glass Knife+1","Backflip","Slice","Adrenaline+1","PiercingWail","PiercingWail","Burst+1","Slice","Deflect","Clumsy","Acrobatics","RitualDagger+1","Prepared","Envenom","Prepared","Skewer+1","Outmaneuver","Secret Weapon","Outmaneuver","Prepared+1","Leg Sweep","Clumsy","Backstab","Acrobatics","Sucker Punch+1"],"special_seed":0,"relics":["Ring of the Snake","Happy Flower","Ninja Scroll","Orichalcum","Pocketwatch","Cursed Key","Blue Candle","Blood Vial","Sundial","Oddly Smooth Stone","Lizard Tail","Letter Opener","Ornamental Fan"],"potions_floor_usage":[50,50],"damage_taken":[{"damage":2.0,"enemies":"Cultist","floor":1.0,"turns":4.0},{"damage":3.0,"enemies":"2 Louse","floor":2.0,"turns":6.0},{"damage":0.0,"enemies":"Small Slimes","floor":3.0,"turns":4.0},{"damage":0.0,"enemies":"Blue Slaver","floor":4.0,"turns":5.0},{"damage":3.0,"enemies":"3 Sentries","floor":10.0,"turns":6.0},{"damage":1.0,"enemies":"Red Slaver","floor":13.0,"turns":2.0},{"damage":0.0,"enemies":"Gremlin Nob","floor":14.0,"turns":3.0},{"damage":0.0,"enemies":"Slime Boss","floor":16.0,"turns":4.0},{"damage":0.0,"enemies":"3 Byrds","floor":18.0,"turns":3.0},{"damage":0.0,"enemies":"Spheric Guardian","floor":19.0,"turns":1.0},{"damage":3.0,"enemies":"Snecko","floor":21.0,"turns":3.0},{"damage":19.0,"enemies":"Snake Plant","floor":22.0,"turns":3.0},{"damage":1.0,"enemies":"Slavers","floor":24.0,"turns":4.0},{"damage":3.0,"enemies":"Sentry and Sphere","floor":25.0,"turns":4.0},{"damage":4.0,"enemies":"Book of Stabbing","floor":31.0,"turns":5.0},{"damage":56.0,"enemies":"Automaton","floor":33.0,"turns":16.0},{"damage":0.0,"enemies":"Orb Walker","floor":35.0,"turns":1.0},{"damage":20.0,"enemies":"3 Darklings","floor":37.0,"turns":5.0},{"damage":31.0,"enemies":"Transient","floor":38.0,"turns":5.0},{"damage":2.0,"enemies":"Jaw Worm Horde","floor":41.0,"turns":3.0},{"damage":5.0,"enemies":"3 Darklings","floor":42.0,"turns":7.0},{"damage":27.0,"enemies":"Spire Growth","floor":45.0,"turns":5.0},{"damage":20.0,"enemies":"Jaw Worm Horde","floor":48.0,"turns":5.0},{"damage":97,"enemies":"Donu and Deca","floor":50,"turns":15}],"seed_played":"-3158158698431952013","potions_obtained":[{"floor":1.0,"key":"AttackPotion"},{"floor":10.0,"key":"Fire Potion"},{"floor":21.0,"key":"Weak Potion"},{"floor":25.0,"key":"Weak Potion"},{"floor":33.0,"key":"Weak Potion"},{"floor":38.0,"key":"GamblersBrew"},{"floor":45.0,"key":"Weak Potion"}],"is_trial":false,"path_per_floor":["M","M","M","M","?","?","R","$","T","E","R","?","M","E","R","B",null,"M","M","$","M","M","R","E","M","T","R","?","?","R","E","R","B",null,"M","?","M","M","$","R","M","M","T","R","M","R","$","M","R","B"],"character_chosen":"THE_SILENT","items_purchased":["Masterful Stab","Dagger Spray","Blue Candle","Secret Weapon","Outmaneuver","Acrobatics"],"campfire_rested":5,"item_purchase_floors":[8,8,20,39,39,47],"current_hp_per_floor":[61,58,58,58,58,63,63,63,63,60,60,60,59,59,59,59,71,71,71,71,68,49,49,48,47,47,47,47,41,63,61,61,7,58,60,60,42,13,13,35,35,32,32,54,29,51,51,33,55,0],"gold":62,"neow_bonus":"RANDOM_COMMON_RELIC","is_prod":false,"is_daily":false,"chose_seed":false,"campfire_upgraded":6,"win_rate":0,"timestamp":1542497355,"path_taken":["M","M","M","?","?","?","R","$","T","E","R","?","?","E","R","BOSS","M","M","$","M","M","R","E","M","T","R","?","?","R","E","R","BOSS","M","?","M","?","?","R","M","M","T","R","M","R","$","M","R","BOSS"],"build_version":"2018-11-15","purchased_purges":1,"victory":false,"max_hp_per_floor":[70,70,70,70,70,75,75,75,75,75,75,75,75,75,75,75,75,75,75,75,75,75,75,75,75,75,75,75,75,75,75,75,75,75,75,75,75,75,75,75,75,75,75,75,75,75,75,75,75,75],"card_choices":[{"not_picked":["PiercingWail","Flying Knee"],"picked":"Choke","floor":1.0},{"not_picked":["Prepared","Catalyst"],"picked":"Footwork","floor":2.0},{"not_picked":["Outmaneuver","Prepared"],"picked":"Predator","floor":3.0},{"not_picked":["Blade Dance","Bane"],"picked":"Flying Knee","floor":4.0},{"not_picked":["Reflex","Backflip"],"picked":"Glass Knife","floor":10.0},{"not_picked":["Catalyst","Calculated Gamble"],"picked":"Backflip","floor":13.0},{"not_picked":["Outmaneuver","Dodge and Roll"],"picked":"Slice","floor":14.0},{"not_picked":["Doppelganger","Wraith Form v2"],"picked":"Adrenaline","floor":16.0},{"not_picked":["Prepared","Sucker Punch"],"picked":"PiercingWail","floor":18.0},{"not_picked":["Dagger Throw","Blade Dance"],"picked":"PiercingWail","floor":19.0},{"not_picked":["Backflip","Dash"],"picked":"Burst","floor":21.0},{"not_picked":["Backflip","Flying Knee"],"picked":"Slice","floor":22.0},{"not_picked":["Heel Hook","Finisher"],"picked":"Deflect","floor":24.0},{"not_picked":["Bullet Time","All Out Attack","Endless Agony"],"picked":"SKIP","floor":25.0},{"not_picked":["Deadly Poison","Choke"],"picked":"Prepared","floor":31.0},{"not_picked":["Doppelganger","A Thousand Cuts"],"picked":"Envenom","floor":33.0},{"not_picked":["Flechettes","Dagger Throw"],"picked":"Prepared","floor":35.0},{"not_picked":["Deadly Poison","Outmaneuver"],"picked":"Skewer+1","floor":37.0},{"not_picked":["Dodge and Roll+1","Blade Dance"],"picked":"Outmaneuver","floor":38.0},{"not_picked":["All Out Attack","Heel Hook"],"picked":"Prepared+1","floor":41.0},{"not_picked":["All Out Attack+1","Poisoned Stab+1"],"picked":"Leg Sweep","floor":42.0},{"not_picked":["Heel Hook+1","Flechettes"],"picked":"Backstab","floor":45.0},{"not_picked":["Flying Knee","Quick Slash+1"],"picked":"Sucker Punch+1","floor":48.0}],"player_experience":1990096,"relics_obtained":[{"floor":9.0,"key":"Ninja Scroll"},{"floor":10.0,"key":"Orichalcum"},{"floor":14.0,"key":"Pocketwatch"},{"floor":24.0,"key":"Blood Vial"},{"floor":26.0,"key":"Sundial"},{"floor":31.0,"key":"Oddly Smooth Stone"},{"floor":43.0,"key":"Ornamental Fan"}],"event_choices":[{"cards_removed":["Strike_G"],"damage_healed":0.0,"max_hp_gain":0.0,"max_hp_loss":0.0,"gold_gain":0.0,"event_name":"The Cleric","player_choice":"Card Removal","floor":5.0,"gold_loss":50.0,"damage_taken":0.0},{"damage_healed":0.0,"max_hp_gain":5.0,"max_hp_loss":0.0,"gold_gain":0.0,"event_name":"Big Fish","player_choice":"Donut","floor":6.0,"gold_loss":0.0,"damage_taken":0.0},{"cards_removed":["Defend_G"],"damage_healed":0.0,"max_hp_gain":0.0,"max_hp_loss":0.0,"gold_gain":0.0,"event_name":"Living Wall","player_choice":"Forget","floor":12.0,"gold_loss":0.0,"damage_taken":0.0},{"damage_healed":0.0,"max_hp_gain":0.0,"max_hp_loss":0.0,"gold_gain":0.0,"event_name":"The Library","player_choice":"Read","floor":28.0,"gold_loss":0.0,"damage_taken":0.0,"cards_obtained":["Acrobatics"]},{"damage_healed":0.0,"max_hp_gain":0.0,"max_hp_loss":0.0,"gold_gain":0.0,"event_name":"Nest","player_choice":"Joined the Cult","floor":29.0,"gold_loss":0.0,"damage_taken":6.0,"cards_obtained":["RitualDagger"]},{"damage_healed":0.0,"max_hp_gain":0.0,"max_hp_loss":0.0,"gold_gain":0.0,"event_name":"WeMeetAgain","player_choice":"Gave Potion","floor":36.0,"gold_loss":0.0,"damage_taken":0.0,"relics_obtained":["Letter Opener"]}],"is_beta":false,"boss_relics":[{"not_picked":["Eternal Feather","Ring of the Serpent"],"picked":"Cursed Key"},{"not_picked":["Snecko Eye","White Beast Statue"],"picked":"Lizard Tail"}],"items_purged_floors":[39],"is_endless":false,"potions_floor_spawned":[1,10,14,21,25,33,38,45,48],"killed_by":"Donu and Deca","ascension_level":12}