{"gold_per_floor":[114,129,144,12,12,50,69,244,269,288,288,326,357,388,400,537,549,580,611,623,635,662,704,731,758,795,822,849,19,19,19,19,119,119,134,149,44,59,63,63,93,93,118,133,163,178,178,193,193,193],"floor_reached":51,"playtime":1106,"items_purged":[],"score":1395,"play_id":"9e5a44f2-1d8b-4302-b293-8327d91e7700","local_time":"20190907111548","daily_mods":["Cursed Run","Hoarder","Night Terrors"],"is_ascension_mode":false,"campfire_choices":[{"floor":11,"key":"REST"},{"data":"Slice","floor":15,"key":"SMITH"},{"floor":32,"key":"REST"},{"floor":40,"key":"REST"},{"floor":47,"key":"REST"},{"floor":49,"key":"REST"}],"neow_cost":"","seed_source_timestamp":0,"circlet_count":0,"master_deck":["Strike_G","Strike_G","Strike_G","Strike_G","Strike_G","Defend_G","Defend_G","Defend_G","Defend_G","Defend_G","Survivor","Choke","Choke","Choke","Flying Knee","Flying Knee","Flying Knee","Slice+1","Slice","Slice","Quick Slash","Quick Slash","Quick Slash","Good Instincts","Good Instincts","Good Instincts","Injury","Injury","Injury","Deflect","Deflect","Deflect","Bane","Bane","Bane","Doubt","Doubt","Doubt","Regret","Regret","Regret","Adrenaline","Adrenaline","Adrenaline","Poisoned Stab","Poisoned Stab","Poisoned Stab","Backstab","Backstab","Backstab","Dagger Spray","Dagger Spray","Dagger Spray","Doubt","Doubt","Doubt","Bullet Time","Bullet Time","Bullet Time","PiercingWail+1","PiercingWail+1","PiercingWail+1","Dagger Throw","Dagger Throw","Dagger Throw","Neutralize","Neutralize","Neutralize","Deadly Poison+1","Deadly Poison+1","Deadly Poison+1","Backstab","Backstab","Backstab","Crippling Poison","Crippling Poison","Crippling Poison","Poisoned Stab+1","Poisoned Stab+1","Poisoned Stab+1","Normality","Normality","Normality","Deflect","Deflect","Deflect","Deadly Poison+1","Deadly Poison+1","Deadly Poison+1","Deflect","Deflect","Deflect","Footwork","Footwork","Footwork","Pain","Pain","Pain","Corpse Explosion","Corpse Explosion","Corpse Explosion","Dagger Spray","Dagger Spray","Dagger Spray","Dagger Throw+1","Dagger Throw+1","Dagger Throw+1","Backflip","Backflip","Backflip","Caltrops","Caltrops","Caltrops","Backflip+1","Backflip+1","Backflip+1","Backstab","Backstab","Backstab","Slice","Slice","Slice","Cloak And Dagger+1","Cloak And Dagger+1","Cloak And Dagger+1","Venomology","Venomology","Venomology","Decay","Decay","Decay","Bouncing Flask","Bouncing Flask","Bouncing Flask","Blade Dance+1","Blade Dance+1","Blade Dance+1","Envenom","Envenom","Envenom","Accuracy+1","Accuracy+1","Accuracy+1","Dagger Spray","Dagger Spray","Dagger Spray","Die Die Die","Die Die Die","Die Die Die","Regret","Regret","Regret"],"special_seed":18146,"relics":["Cursed Key","Darkstone Periapt","Du-Vu Doll","Bloody Idol","PreservedInsect","Bag of Marbles","MawBank","Lizard Tail","Mummified Hand","Dream Catcher","Thread and Needle","Strange Spoon","Ornamental Fan","Enchiridion","Fusion Hammer","Nunchaku","The Courier","Anchor","Snake Skull"],"potions_floor_usage":[6],"damage_taken":[{"damage":0,"enemies":"Cultist","floor":1,"turns":4},{"damage":0,"enemies":"2 Louse","floor":2,"turns":2},{"damage":3,"enemies":"Jaw Worm","floor":3,"turns":2},{"damage":8,"enemies":"3 Sentries","floor":6,"turns":4},{"damage":6,"enemies":"Large Slime","floor":7,"turns":2},{"damage":0,"enemies":"3 Louse","floor":10,"turns":1},{"damage":0,"enemies":"Lagavulin","floor":12,"turns":1},{"damage":3,"enemies":"Exordium Thugs","floor":13,"turns":2},{"damage":0,"enemies":"Lots of Slimes","floor":14,"turns":2},{"damage":38,"enemies":"The Guardian","floor":16,"turns":5},{"damage":0,"enemies":"Shell Parasite","floor":18,"turns":1},{"damage":35,"enemies":"3 Byrds","floor":19,"turns":4},{"damage":0,"enemies":"Snecko","floor":22,"turns":1},{"damage":2,"enemies":"Book of Stabbing","floor":23,"turns":2},{"damage":0,"enemies":"Shelled Parasite and Fungi","floor":24,"turns":1},{"damage":0,"enemies":"Sentry and Sphere","floor":25,"turns":1},{"damage":0,"enemies":"Snake Plant","floor":27,"turns":1},{"damage":0,"enemies":"Shelled Parasite and Fungi","floor":28,"turns":1},{"damage":0,"enemies":"Collector","floor":33,"turns":2},{"damage":8,"enemies":"3 Shapes","floor":35,"turns":1},{"damage":0,"enemies":"Orb Walker","floor":36,"turns":1},{"damage":22,"enemies":"Transient","floor":38,"turns":5},{"damage":0,"enemies":"2 Orb Walkers","floor":39,"turns":1},{"damage":0,"enemies":"Nemesis","floor":41,"turns":1},{"damage":0,"enemies":"Sphere and 2 Shapes","floor":44,"turns":1},{"damage":0,"enemies":"Reptomancer","floor":45,"turns":1},{"damage":0,"enemies":"Maw","floor":46,"turns":1},{"damage":0,"enemies":"Writhing Mass","floor":48,"turns":1},{"damage":0,"enemies":"Time Eater","floor":50,"turns":2}],"seed_played":"1355614524646077970","potions_obtained":[{"floor":1,"key":"SpeedPotion"},{"floor":3,"key":"Explosive Potion"},{"floor":12,"key":"Dexterity Potion"},{"floor":14,"key":"GhostInAJar"},{"floor":22,"key":"PowerPotion"},{"floor":27,"key":"PowerPotion"},{"floor":36,"key":"FairyPotion"}],"is_trial":false,"path_per_floor":["M","M","M","$","?","E","M","?","T","M","R","E","M","M","R","B",null,"M","M","?","?","M","E","M","M","T","M","M","$","?","?","R","B",null,"M","M","$","M","?","R","E","?","T","M","E","M","R","M","R","B",null],"character_chosen":"THE_SILENT","items_purchased":["Quick Slash","Good Instincts","Thread and Needle","Strange Spoon","Ornamental Fan","Deflect","Footwork","Backflip","Caltrops"],"campfire_rested":5,"item_purchase_floors":[4,4,29,29,29,29,29,37,37],"current_hp_per_floor":[70,70,67,67,85,77,71,89,107,107,119,119,116,116,116,96,137,137,102,102,107,117,125,135,137,155,155,155,155,155,139,150,168,168,165,168,168,151,156,163,163,163,181,181,181,181,176,176,171,189],"gold":193,"neow_bonus":"","is_prod":false,"is_daily":true,"chose_seed":false,"campfire_upgraded":1,"win_rate":0,"timestamp":1567865748,"path_taken":["M","M","M","$","?","E","M","?","T","M","R","E","M","?","R","BOSS","M","M","?","?","M","E","M","?","T","?","?","$","?","?","R","BOSS","M","M","$","M","?","R","E","?","T","M","E","M","R","M","R","BOSS"],"build_version":"2019-07-17","purchased_purges":0,"victory":true,"max_hp_per_floor":[70,70,70,70,88,88,88,106,124,124,119,119,119,119,119,137,137,137,137,137,137,137,137,137,137,155,155,155,155,155,155,150,168,168,168,168,168,168,168,163,163,163,181,181,181,181,176,176,171,189],"card_choices":[{"not_picked":["Dash","Flying Knee"],"picked":"Choke","floor":1},{"not_picked":["Eviscerate","Skewer"],"picked":"Flying Knee","floor":2},{"not_picked":["Acrobatics","Bane"],"picked":"Slice","floor":3},{"not_picked":["Prepared","Acrobatics"],"picked":"Deflect","floor":6},{"not_picked":["Outmaneuver","Acrobatics"],"picked":"Bane","floor":7},{"not_picked":["Acrobatics","Flechettes"],"picked":"Adrenaline","floor":10},{"not_picked":["Flying Knee","Underhanded Strike"],"picked":"Poisoned Stab","floor":12},{"not_picked":["Accuracy","Caltrops"],"picked":"Backstab","floor":13},{"not_picked":["Blur","Dodge and Roll"],"picked":"Dagger Spray","floor":14},{"not_picked":["Grand Finale","A Thousand Cuts"],"picked":"Bullet Time","floor":16},{"not_picked":["Outmaneuver","Sucker Punch"],"picked":"PiercingWail+1","floor":18},{"not_picked":["Well Laid Plans","Sucker Punch"],"picked":"Dagger Throw","floor":19},{"not_picked":["Underhanded Strike","Prepared"],"picked":"Deadly Poison+1","floor":22},{"not_picked":["All Out Attack","Calculated Gamble+1"],"picked":"Backstab","floor":23},{"not_picked":["Blur","Dash+1"],"picked":"Crippling Poison","floor":24},{"not_picked":["Underhanded Strike","Prepared"],"picked":"Poisoned Stab+1","floor":25},{"not_picked":["After Image","Heel Hook"],"picked":"Deflect","floor":27},{"not_picked":["Skewer","Dodge and Roll+1"],"picked":"Deadly Poison+1","floor":28},{"not_picked":["Doppelganger","Venomology"],"picked":"Corpse Explosion","floor":33},{"not_picked":["Prepared","Dagger Throw+1"],"picked":"Dagger Spray","floor":35},{"not_picked":["Flying Knee","Calculated Gamble"],"picked":"Dagger Throw+1","floor":36},{"not_picked":["Acrobatics","Prepared+1"],"picked":"Backflip+1","floor":38},{"not_picked":["PiercingWail+1","Caltrops+1"],"picked":"Backstab","floor":39},{"not_picked":["Outmaneuver+1","All Out Attack+1"],"picked":"Slice","floor":40},{"not_picked":["Backflip","Expertise"],"picked":"Cloak And Dagger+1","floor":41},{"not_picked":["Deflect","Acrobatics"],"picked":"Bouncing Flask","floor":44},{"not_picked":["Poisoned Stab","PiercingWail"],"picked":"Blade Dance+1","floor":45},{"not_picked":["Underhanded Strike+1","Dodge and Roll"],"picked":"Envenom","floor":46},{"not_picked":["Outmaneuver+1","Choke"],"picked":"Accuracy+1","floor":47},{"not_picked":["Dagger Throw","Cloak And Dagger"],"picked":"Dagger Spray","floor":48},{"not_picked":["Dagger Throw+1","Leg Sweep"],"picked":"Die Die Die","floor":49}],"player_experience":388475,"relics_obtained":[{"floor":6,"key":"PreservedInsect"},{"floor":9,"key":"Bag of Marbles"},{"floor":12,"key":"MawBank"},{"floor":23,"key":"Mummified Hand"},{"floor":26,"key":"Dream Catcher"},{"floor":31,"key":"Enchiridion"},{"floor":39,"key":"Nunchaku"},{"floor":41,"key":"The Courier"},{"floor":43,"key":"Anchor"},{"floor":45,"key":"Snake Skull"}],"event_choices":[{"damage_healed":0,"gold_gain":0,"player_choice":"Take Wound","damage_taken":0,"relics_obtained":["Golden Idol"],"max_hp_gain":0,"max_hp_loss":0,"event_name":"Golden Idol","floor":5,"gold_loss":0,"cards_obtained":["Injury"]},{"damage_healed":0,"gold_gain":175,"player_choice":"AGREE","damage_taken":0,"max_hp_gain":0,"max_hp_loss":0,"event_name":"Liars Game","floor":8,"gold_loss":0,"cards_obtained":["Doubt"]},{"damage_healed":0,"gold_gain":0,"player_choice":"Gave Idol","damage_taken":0,"relics_obtained":["Bloody Idol"],"max_hp_gain":0,"max_hp_loss":0,"event_name":"Forgotten Altar","floor":20,"relics_lost":["Golden Idol"],"gold_loss":0},{"damage_healed":0,"gold_gain":0,"player_choice":"Copied","damage_taken":0,"max_hp_gain":0,"max_hp_loss":0,"event_name":"Duplicator","floor":21,"gold_loss":0,"cards_obtained":["Neutralize"]},{"damage_healed":0,"gold_gain":0,"player_choice":"Ignored","damage_taken":0,"max_hp_gain":0,"max_hp_loss":0,"event_name":"Vampires","floor":30,"gold_loss":0},{"damage_healed":0,"gold_gain":0,"player_choice":"Obtained Book","damage_taken":16,"max_hp_gain":0,"max_hp_loss":0,"event_name":"Cursed Tome","floor":31,"gold_loss":0},{"damage_healed":0,"gold_gain":0,"player_choice":"Fight","damage_taken":0,"max_hp_gain":0,"max_hp_loss":0,"event_name":"Mysterious Sphere","floor":39,"gold_loss":0},{"damage_healed":0,"gold_gain":0,"cards_transformed":["Neutralize"],"player_choice":"Transformed","damage_taken":0,"max_hp_gain":0,"max_hp_loss":0,"event_name":"Transmorgrifier","floor":42,"gold_loss":0,"cards_obtained":["Venomology"]}],"is_beta":false,"boss_relics":[{"not_picked":["Busted Crown","Tiny House"],"picked":"Lizard Tail"},{"not_picked":["Coffee Dripper","Velvet Choker"],"picked":"Fusion Hammer"}],"items_purged_floors":[],"is_endless":false,"potions_floor_spawned":[1,3,12,14,22,25,27,33,36,44,46,48],"ascension_level":0}