{"gold_per_floor":[361,371,371,321,132,132,132,41,118,418,432,432,452,469,469,566,566,581,581,504,205,221,221,221,221,296,51,85,4,4,18,18,117,117,127,127,5,5,5,5,38,38,64,64,74,74,103,103,103,103],"floor_reached":50,"playtime":4430,"items_purged":["Strike_B","Defend_B","Strike_B"],"score":650,"play_id":"79d45db8-7f9b-4b58-90bf-561ac8473f07","local_time":"20180729212938","is_ascension_mode":true,"campfire_choices":[{"data":"Dualcast","floor":6.0,"key":"SMITH"},{"data":"Double Energy","floor":12.0,"key":"SMITH"},{"data":"Sunder","floor":15.0,"key":"SMITH"},{"floor":23.0,"key":"REST"},{"floor":25.0,"key":"REST"},{"floor":30.0,"key":"REST"},{"floor":32,"key":"REST"},{"data":"Echo Form","floor":40,"key":"SMITH"},{"floor":42,"key":"REST"},{"floor":44,"key":"REST"},{"floor":46,"key":"REST"},{"data":"Defragment","floor":49,"key":"SMITH"}],"neow_cost":"CURSE","seed_source_timestamp":0,"circlet_count":0,"master_deck":["Strike_B","Strike_B","Defend_B","Defend_B","Defend_B","Zap","Dualcast+1","Sunder+1","Double Energy+1","Auto Shields","Conserve Battery","Steam Power","Compile Driver","FTL","All For One","Ball Lightning","J.A.X.","Sunder+1","Defragment+1","Undo","Conserve Battery","Core Surge","Glacier","Conserve Battery","Turbo","Mind Blast","Go for the Eyes+1","Echo Form+1","Tempest","Ball Lightning","Madness","Madness","Melter","Steam","Glacier+1"],"special_seed":0,"relics":["Cracked Core","Incense Burner","Dead Branch","Shuriken","Old Coin","Philosopher\u0027s Stone","DollysMirror","Enchiridion","The Courier","Nunchaku","Sozu","CultistMask","Bronze Scales","Oddly Smooth Stone","Toxic Egg 2"],"potions_floor_usage":[31,33,50],"damage_taken":[{"damage":8.0,"enemies":"Jaw Worm","floor":1.0,"turns":4.0},{"damage":1.0,"enemies":"Small Slimes","floor":2.0,"turns":4.0},{"damage":0.0,"enemies":"2 Louse","floor":11.0,"turns":3.0},{"damage":1.0,"enemies":"Looter","floor":13.0,"turns":3.0},{"damage":0.0,"enemies":"Exordium Thugs","floor":14.0,"turns":4.0},{"damage":7.0,"enemies":"Slime Boss","floor":16.0,"turns":6.0},{"damage":31.0,"enemies":"3 Byrds","floor":18.0,"turns":4.0},{"damage":6.0,"enemies":"Shell Parasite","floor":22.0,"turns":3.0},{"damage":28.0,"enemies":"Gremlin Leader","floor":28.0,"turns":5.0},{"damage":0,"enemies":"Chosen and Byrds","floor":31,"turns":4},{"damage":20,"enemies":"Champ","floor":33,"turns":9},{"damage":0,"enemies":"Flame Bruiser 1 Orb","floor":35,"turns":7},{"damage":51,"enemies":"Giant Head","floor":41,"turns":6},{"damage":14,"enemies":"3 Darklings","floor":45,"turns":3},{"damage":40,"enemies":"2 Orb Walkers","floor":47,"turns":3},{"damage":70,"enemies":"Time Eater","floor":50,"turns":7}],"seed_played":"-3660408778468493088","potions_obtained":[{"floor":11.0,"key":"Swift Potion"},{"floor":13.0,"key":"Ancient Potion"},{"floor":16.0,"key":"Energy Potion"},{"floor":18.0,"key":"SpeedPotion"},{"floor":31,"key":"Swift Potion"},{"floor":33,"key":"Ancient Potion"}],"is_trial":false,"path_per_floor":["M","M","?","?","$","R","?","$","T","T","M","R","M","M","R","B",null,"M","?","?","$","M","R","?","R","T","$","E","$","R","M","R","B",null,"M","?","$","?","?","R","E","R","T","R","M","R","E","?","R"],"character_chosen":"DEFECT","items_purchased":["Defragment","Double Energy","Auto Shields","Conserve Battery","DollysMirror","Defragment","Undo","Core Surge","Glacier","Conserve Battery","Mind Blast","Ball Lightning"],"campfire_rested":7,"item_purchase_floors":[5,5,8,8,21,21,21,27,27,27,29,37],"current_hp_per_floor":[67,66,63,63,63,63,63,63,63,63,63,63,62,62,62,55,75,44,30,30,30,24,48,32,56,56,56,28,28,52,52,76,63,80,80,80,80,70,70,70,19,43,43,67,53,77,37,70,70,0],"gold":103,"neow_bonus":"TWO_FIFTY_GOLD","is_prod":false,"is_daily":false,"chose_seed":false,"campfire_upgraded":5,"win_rate":0,"timestamp":1532914178,"path_taken":["M","M","?","?","$","R","?","$","T","?","M","R","M","?","R","BOSS","M","?","?","$","M","R","?","R","T","$","E","?","R","M","R","BOSS","M","?","$","?","?","R","E","R","T","R","M","R","E","?","R","BOSS"],"build_version":"2018-07-26","purchased_purges":3,"victory":false,"max_hp_per_floor":[75,75,75,75,75,75,75,75,75,75,75,75,75,75,75,75,75,75,80,80,80,80,80,80,80,80,80,80,80,80,80,80,80,80,80,80,80,80,80,80,80,80,80,80,80,80,80,70,70,70],"card_choices":[{"not_picked":["Steam","Rebound"],"picked":"Sweeping Beam","floor":1.0},{"not_picked":["BootSequence","Lockon"],"picked":"Sunder","floor":2.0},{"not_picked":["Rebound","Steam"],"picked":"Steam Power","floor":11.0},{"not_picked":["Hello World","Cold Snap"],"picked":"Compile Driver","floor":13.0},{"not_picked":["Consume","Redo"],"picked":"FTL","floor":14.0},{"not_picked":["Fission","Rainbow"],"picked":"All For One","floor":16.0},{"not_picked":["Compile Driver","Coolheaded"],"picked":"Ball Lightning","floor":18.0},{"not_picked":["Compile Driver","Rebound"],"picked":"Conserve Battery","floor":22.0},{"not_picked":["Gash","Beam Cell"],"picked":"Turbo","floor":28.0},{"not_picked":["Hologram","Rebound"],"picked":"Go for the Eyes+1","floor":31},{"not_picked":["Machine Learning","Biased Cognition"],"picked":"Echo Form","floor":33},{"not_picked":["Loop","Compile Driver"],"picked":"Tempest","floor":35},{"not_picked":["Leap","Hello World+1"],"picked":"Melter","floor":41},{"not_picked":["Ball Lightning","Glacier"],"picked":"Steam","floor":45},{"not_picked":["Hologram+1","Consume"],"picked":"Glacier","floor":47}],"player_experience":1405950,"relics_obtained":[{"floor":9.0,"key":"Shuriken"},{"floor":10.0,"key":"Old Coin"},{"floor":24.0,"key":"Enchiridion"},{"floor":26.0,"key":"The Courier"},{"floor":28.0,"key":"Nunchaku"},{"floor":41,"key":"Bronze Scales"},{"floor":43,"key":"Oddly Smooth Stone"},{"floor":47,"key":"Toxic Egg 2"}],"event_choices":[{"event_name":"Scrap Ooze","player_choice":"success","floor":3.0,"damage_taken":3.0},{"event_name":"The Cleric","player_choice":"Card Removal","floor":4.0,"damage_taken":0.0},{"event_name":"WeMeetAgain","player_choice":"Card","floor":7.0,"damage_taken":0.0},{"event_name":"Forgotten Altar","player_choice":"Shed Blood","floor":19.0,"damage_taken":0.0},{"event_name":"Drug Dealer","player_choice":"Got JAXXED","floor":20.0,"damage_taken":0.0},{"event_name":"Cursed Tome","player_choice":"Obtained Book","floor":24.0,"damage_taken":0.0},{"event_name":"FaceTrader","player_choice":"Trade","floor":36,"damage_taken":0},{"event_name":"Winding Halls","player_choice":"Embrace Madness","floor":38,"damage_taken":0},{"event_name":"Falling","player_choice":"Removed Power","floor":39,"damage_taken":0},{"event_name":"The Moai Head","player_choice":"Heal","floor":48,"damage_taken":0}],"is_beta":false,"boss_relics":[{"not_picked":["Lizard Tail","Velvet Choker"],"picked":"Philosopher\u0027s Stone"},{"not_picked":["Orrery","FrozenCore"],"picked":"Sozu"}],"items_purged_floors":[5,27,37],"is_endless":false,"potions_floor_spawned":[11,13,16,18,31,33],"killed_by":"Time Eater","ascension_level":4}