{"gold_per_floor":[112,125,22,37,50,50,75,90,90,90,90,102,102,67,67,165,165,178,12,0,14,28,28,42,42,67,84,84],"floor_reached":28,"playtime":1379,"items_purged":[],"score":222,"play_id":"f348bf38-f331-435b-8ce6-de953dbb7728","local_time":"20190728155824","is_ascension_mode":false,"campfire_choices":[{"data":"Rainbow","floor":6,"key":"SMITH"},{"floor":10,"key":"REST"},{"data":"Chill","floor":15,"key":"SMITH"},{"floor":23,"key":"REST"},{"floor":25,"key":"REST"}],"neow_cost":"NONE","seed_source_timestamp":138559851550299,"circlet_count":0,"master_deck":["Strike_B","Strike_B","Strike_B","Strike_B","Defend_B","Defend_B","Defend_B","Defend_B","Zap","Dualcast","Rainbow+1","Streamline","Turbo","Auto Shields","Ball Lightning","Glacier","Redo","Sweeping Beam","Seek","Chill+1","Echo Form","Self Repair","Genetic Algorithm","PanicButton","Steam+1","Sweeping Beam+1","BootSequence","Leap"],"relics":["Cracked Core","Oddly Smooth Stone","Pantograph","Nuclear Battery","Potion Belt"],"potions_floor_usage":[16,16,16,22,27],"damage_taken":[{"damage":3,"enemies":"Small Slimes","floor":1,"turns":3},{"damage":0,"enemies":"Cultist","floor":2,"turns":2},{"damage":6,"enemies":"2 Louse","floor":4,"turns":3},{"damage":0,"enemies":"Large Slime","floor":5,"turns":5},{"damage":16,"enemies":"3 Sentries","floor":7,"turns":8},{"damage":6,"enemies":"2 Fungi Beasts","floor":8,"turns":2},{"damage":3,"enemies":"Exordium Wildlife","floor":12,"turns":3},{"damage":39,"enemies":"Hexaghost","floor":16,"turns":9},{"damage":12,"enemies":"Shell Parasite","floor":18,"turns":6},{"damage":6,"enemies":"Chosen","floor":21,"turns":4},{"damage":53,"enemies":"Sentry and Sphere","floor":22,"turns":8},{"damage":30,"enemies":"Snake Plant","floor":24,"turns":5},{"damage":4,"enemies":"Centurion and Healer","floor":27,"turns":7},{"damage":52,"enemies":"Book of Stabbing","floor":28,"turns":7}],"seed_played":"-750750096571962042","potions_obtained":[{"floor":2,"key":"FearPotion"},{"floor":4,"key":"Block Potion"},{"floor":7,"key":"Ancient Potion"},{"floor":8,"key":"Explosive Potion"},{"floor":18,"key":"EssenceOfSteel"},{"floor":24,"key":"SteroidPotion"}],"is_trial":false,"path_per_floor":["M","M","$","M","M","R","E","M","T","R","?","M","?","?","R","B",null,"M","$","?","M","M","R","M","R","T","M","E"],"character_chosen":"DEFECT","items_purchased":["Auto Shields","Ball Lightning","Genetic Algorithm","PanicButton"],"campfire_rested":3,"item_purchase_floors":[3,3,19,19],"current_hp_per_floor":[72,72,72,66,66,66,50,44,44,66,66,63,68,80,80,41,80,68,68,68,69,23,47,24,48,48,51,0],"gold":84,"neow_bonus":"ONE_RANDOM_RARE_CARD","is_prod":false,"is_daily":false,"chose_seed":false,"campfire_upgraded":2,"win_rate":0.0,"timestamp":1564340304,"path_taken":["M","M","$","M","M","R","E","M","T","R","?","?","?","?","R","BOSS","M","$","?","M","M","R","M","R","T","M","E"],"build_version":"2019-07-17","purchased_purges":0,"victory":false,"max_hp_per_floor":[75,75,75,75,75,75,75,75,75,75,75,75,80,80,80,80,80,80,80,80,80,80,80,80,80,80,80,80],"card_choices":[{"not_picked":["Stack","Hello World"],"picked":"Streamline","floor":1},{"not_picked":["Storm","Scrape"],"picked":"Turbo","floor":2},{"not_picked":["Turbo","Force Field"],"picked":"Glacier","floor":4},{"not_picked":["Cold Snap","Stack"],"picked":"Redo","floor":5},{"not_picked":["Heatsinks","Stack"],"picked":"Sweeping Beam","floor":7},{"not_picked":["Gash","Rebound"],"picked":"Seek","floor":8},{"not_picked":["Double Energy","Go for the Eyes"],"picked":"Chill","floor":12},{"not_picked":["Hyperbeam","Amplify"],"picked":"Echo Form","floor":16},{"not_picked":["Redo","Hologram"],"picked":"Self Repair","floor":18},{"not_picked":["Coolheaded","Turbo"],"picked":"Steam+1","floor":21},{"not_picked":["Hologram","Consume"],"picked":"Sweeping Beam+1","floor":22},{"not_picked":["Coolheaded","Streamline"],"picked":"BootSequence","floor":24},{"not_picked":["Beam Cell","Ball Lightning"],"picked":"Leap","floor":27}],"player_experience":249709,"relics_obtained":[{"floor":7,"key":"Oddly Smooth Stone"},{"floor":9,"key":"Pantograph"},{"floor":26,"key":"Potion Belt"}],"event_choices":[{"damage_healed":0,"gold_gain":0,"player_choice":"Got Potions","damage_taken":0,"max_hp_gain":0,"max_hp_loss":0,"event_name":"Lab","floor":11,"gold_loss":0},{"damage_healed":0,"gold_gain":0,"player_choice":"Donut","damage_taken":0,"max_hp_gain":5,"max_hp_loss":0,"event_name":"Big Fish","floor":13,"gold_loss":0},{"damage_healed":20,"gold_gain":0,"player_choice":"Healed","damage_taken":0,"max_hp_gain":0,"max_hp_loss":0,"event_name":"The Cleric","floor":14,"gold_loss":35},{"damage_healed":0,"gold_gain":0,"player_choice":"Paid Fearfully","damage_taken":0,"max_hp_gain":0,"max_hp_loss":0,"event_name":"Masked Bandits","floor":20,"gold_loss":12}],"is_beta":false,"boss_relics":[{"not_picked":["Runic Dome","Sozu"],"picked":"Nuclear Battery"}],"items_purged_floors":[],"is_endless":false,"potions_floor_spawned":[2,4,7,8,18,24],"killed_by":"Book of Stabbing","ascension_level":0}