{"path_per_floor":["M","M","M","$","?","E","R","E","T","R","M","E","M","?","R","B",null,"M","$","M","?","M"],"character_chosen":"IRONCLAD","items_purchased":["Clash","Rupture","Whirlwind"],"gold_per_floor":[17,33,51,6,106,135,135,160,160,160,179,240,255,255,255,351,351,370,192,207,207,225,225],"floor_reached":23,"campfire_rested":2,"playtime":2114,"item_purchase_floors":[4,19,19],"current_hp_per_floor":[80,75,80,80,80,58,80,78,78,78,63,47,41,38,62,21,82,76,76,58,58,51,0],"items_purged":["Strike_R"],"gold":225,"score":232,"play_id":"4998055d-ba10-4a28-afeb-f9caf22cf565","local_time":"20180528192957","is_prod":false,"is_daily":false,"chose_seed":false,"is_ascension_mode":true,"campfire_upgraded":1,"win_rate":0,"timestamp":1527550197,"campfire_choices":[{"floor":7,"key":"REST"},{"data":"Limit Break","floor":10,"key":"SMITH"},{"floor":15,"key":"REST"}],"path_taken":["M","?","M","?","?","E","R","E","T","R","M","E","M","?","R","BOSS","M","$","M","?","M","E"],"build_version":"2018-05-24","seed_source_timestamp":693428608088147,"purchased_purges":1,"victory":false,"master_deck":["Strike_R","Strike_R","Strike_R","Strike_R","Defend_R","Defend_R","Defend_R","Defend_R","Bash","Limit Break+1","Pummel","Blood for Blood","Clash","Cleave","Flex","Headbutt","Ghostly Armor","Berserk","Headbutt","Rupture","Whirlwind","Intimidate+1","Rupture","Limit Break"],"max_hp_per_floor":[80,80,80,80,80,80,80,80,80,80,80,80,82,82,82,82,82,82,82,82,82,82,82],"relics":["Black Blood","Paper Frog","Singing Bowl","Dodecahedron","Tiny Chest","Orichalcum"],"card_choices":[{"not_picked":["Berserk","Reaper"],"picked":"Limit Break","floor":0},{"not_picked":["Flame Barrier","Sever Soul"],"picked":"Pummel","floor":1},{"not_picked":["Evolve","Perfected Strike","Sever Soul"],"picked":"SKIP","floor":2},{"not_picked":["Sever Soul","Sentinel"],"picked":"Blood for Blood","floor":3},{"not_picked":["Clothesline","Twin Strike"],"picked":"Cleave","floor":6},{"not_picked":["Brutality","Dual Wield"],"picked":"Flex","floor":8},{"not_picked":["Dropkick","Havoc"],"picked":"Headbutt","floor":11},{"not_picked":["Body Slam","Sentinel"],"picked":"Ghostly Armor","floor":12},{"not_picked":["Clothesline","Iron Wave","Twin Strike"],"picked":"Singing Bowl","floor":13},{"not_picked":["Bludgeon","Dark Embrace"],"picked":"Berserk","floor":16},{"not_picked":["Ghostly Armor","Fire Breathing+1"],"picked":"Headbutt","floor":18},{"not_picked":["Armaments","Perfected Strike"],"picked":"Intimidate+1","floor":20},{"not_picked":["Metallicize","Armaments+1"],"picked":"Limit Break","floor":22}],"player_experience":503516,"potions_floor_usage":[6,6,8,18,22,22,23],"damage_taken":[{"damage":1,"enemies":"Cultist","floor":1,"turns":4},{"damage":11,"enemies":"Jaw Worm","floor":2,"turns":4},{"damage":0,"enemies":"Small Slimes","floor":3,"turns":3},{"damage":28,"enemies":"Gremlin Nob","floor":6,"turns":4},{"damage":8,"enemies":"Lagavulin","floor":8,"turns":4},{"damage":21,"enemies":"2 Fungi Beasts","floor":11,"turns":4},{"damage":22,"enemies":"3 Sentries","floor":12,"turns":7},{"damage":14,"enemies":"Exordium Wildlife","floor":13,"turns":5},{"damage":47,"enemies":"Slime Boss","floor":16,"turns":12},{"damage":16,"enemies":"Spheric Guardian","floor":18,"turns":4},{"damage":28,"enemies":"Shell Parasite","floor":20,"turns":7},{"damage":32,"enemies":"Snake Plant","floor":22,"turns":6},{"damage":60,"enemies":"Slavers","floor":23,"turns":3}],"relics_obtained":[{"floor":6,"key":"Paper Frog"},{"floor":8,"key":"Singing Bowl"},{"floor":9,"key":"Dodecahedron"},{"floor":12,"key":"Tiny Chest"}],"event_choices":[{"event_name":"Golden Shrine","player_choice":"Pray","floor":5,"damage_taken":0},{"event_name":"Scrap Ooze","player_choice":"success","floor":14,"damage_taken":3},{"event_name":"The Library","player_choice":"Read","floor":21,"damage_taken":0}],"boss_relics":[{"not_picked":["Tiny House","Astrolabe"],"picked":"Black Blood"}],"items_purged_floors":[19],"potions_floor_spawned":[1,3,6,16,18,20,22],"seed_played":"8567646850399528434","killed_by":"Slavers","ascension_level":2,"potions_obtained":[{"floor":1,"key":"Swift Potion"},{"floor":3,"key":"Energy Potion"},{"floor":6,"key":"Strength Potion"},{"floor":16,"key":"AttackPotion"},{"floor":18,"key":"Block Potion"},{"floor":20,"key":"Regen Potion"},{"floor":22,"key":"Energy Potion"}],"is_trial":false}