{"gold_per_floor":[118,49,49,67,83,83,113,113,113,144,144,162,18,45,57,168,180,209,321,302,326,338],"floor_reached":22,"playtime":1922,"items_purged":[],"score":343,"play_id":"378e21af-2ad0-4ff5-89e0-67bc3d8b850e","local_time":"20181103144634","is_ascension_mode":true,"campfire_choices":[{"data":"Neutralize","floor":6.0,"key":"SMITH"},{"floor":8.0,"key":"REST"},{"data":"Malaise","floor":15,"key":"SMITH"}],"neow_cost":"NONE","seed_source_timestamp":0,"circlet_count":0,"master_deck":["AscendersBane","Defend_G","Defend_G","Defend_G","Defend_G","Defend_G","Strike_G","Strike_G","Strike_G","Strike_G","Survivor","Neutralize+1","Dramatic Entrance","PiercingWail","Riddle With Holes","Footwork","Dash","Choke","Malaise+1","Terror","Predator","Adrenaline","Flying Knee","Concentrate","Footwork+1"],"special_seed":0,"relics":["Ring of the Snake","Turnip","Meat on the Bone","Snake Skull","Singing Bowl","MawBank","Black Star"],"potions_floor_usage":[10,10,16,20,21],"damage_taken":[{"damage":1.0,"enemies":"Cultist","floor":1.0,"turns":4.0},{"damage":0.0,"enemies":"Jaw Worm","floor":4.0,"turns":5.0},{"damage":2.0,"enemies":"Small Slimes","floor":5.0,"turns":4.0},{"damage":20.0,"enemies":"3 Sentries","floor":7.0,"turns":12.0},{"damage":0,"enemies":"Gremlin Nob","floor":10,"turns":2},{"damage":3,"enemies":"Blue Slaver","floor":12,"turns":5},{"damage":4,"enemies":"Red Slaver","floor":14,"turns":2},{"damage":10,"enemies":"Hexaghost","floor":16,"turns":15},{"damage":11,"enemies":"Shell Parasite","floor":18,"turns":10},{"damage":13,"enemies":"2 Thieves","floor":20,"turns":5},{"damage":9,"enemies":"Snecko","floor":21,"turns":8},{"damage":45,"enemies":"Sentry and Sphere","floor":22,"turns":5}],"seed_played":"-4633524193180650023","potions_obtained":[{"floor":1.0,"key":"FearPotion"},{"floor":4.0,"key":"Energy Potion"},{"floor":10,"key":"Energy Potion"},{"floor":18,"key":"SkillPotion"},{"floor":20,"key":"Ancient Potion"}],"is_trial":false,"path_per_floor":["M","$","?","M","M","R","E","R","T","E","?","M","$","M","R","B",null,"M","?","M","M","M"],"character_chosen":"THE_SILENT","items_purchased":["Riddle With Holes","MawBank"],"campfire_rested":1,"item_purchase_floors":[2,13],"current_hp_per_floor":[62,62,55,55,53,53,33,54,54,54,47,44,44,40,40,42,63,52,52,39,42,0],"gold":338,"neow_bonus":"RANDOM_COLORLESS","is_prod":false,"is_daily":false,"chose_seed":false,"campfire_upgraded":2,"win_rate":0,"timestamp":1541270794,"path_taken":["M","?","?","M","M","R","E","R","T","E","?","M","$","M","R","BOSS","M","?","M","?","M"],"build_version":"2018-11-01","purchased_purges":0,"victory":false,"max_hp_per_floor":[70,70,70,70,70,70,70,70,70,70,70,70,70,70,70,70,70,70,70,70,70,70],"card_choices":[{"not_picked":["Caltrops","Well Laid Plans"],"picked":"PiercingWail","floor":1.0},{"not_picked":["Sucker Punch","PiercingWail"],"picked":"Footwork","floor":4.0},{"not_picked":["Dodge and Roll","Dagger Spray"],"picked":"Dash","floor":5.0},{"not_picked":["Deflect","Bane"],"picked":"Choke","floor":7.0},{"not_picked":["Dodge and Roll","Blade Dance"],"picked":"Malaise","floor":10},{"not_picked":["Outmaneuver","Blade Dance"],"picked":"Terror","floor":12},{"not_picked":["Dagger Spray","Acrobatics"],"picked":"Predator","floor":14},{"not_picked":["Phantasmal Killer","Malaise"],"picked":"Adrenaline","floor":16},{"not_picked":["Quick Slash","Predator+1"],"picked":"Flying Knee","floor":18},{"not_picked":["Cloak And Dagger","Flechettes"],"picked":"Concentrate","floor":20},{"not_picked":["Blade Dance","Finisher+1"],"picked":"Footwork+1","floor":21}],"player_experience":1915995,"relics_obtained":[{"floor":7.0,"key":"Turnip"},{"floor":9.0,"key":"Meat on the Bone"},{"floor":10,"key":"Snake Skull"}],"event_choices":[{"cards_removed":["Strike_G"],"damage_healed":0.0,"max_hp_gain":0.0,"max_hp_loss":0.0,"gold_gain":0.0,"event_name":"Golden Wing","player_choice":"Card Removal","floor":3.0,"gold_loss":0.0,"damage_taken":7.0},{"damage_healed":0,"gold_gain":0,"player_choice":"Success","damage_taken":7,"relics_obtained":["Singing Bowl"],"max_hp_gain":0,"max_hp_loss":0,"event_name":"Scrap Ooze","floor":11,"gold_loss":0},{"damage_healed":0,"gold_gain":100,"player_choice":"Pray","damage_taken":0,"max_hp_gain":0,"max_hp_loss":0,"event_name":"Golden Shrine","floor":19,"gold_loss":0}],"is_beta":false,"boss_relics":[{"not_picked":["Tiny House","Calling Bell"],"picked":"Black Star"}],"items_purged_floors":[],"is_endless":false,"potions_floor_spawned":[1,4,10,18,20],"killed_by":"Sentry and Sphere","ascension_level":11}