{"gold_per_floor":[119,119,132,132,132,165,165,193,193,209,224,239,252,270,270,347,347,363,383,238,258,113,113,113,139,215,215,229,244,244,256,256,333,333,344,344,344,364,380,380,395,395,395,395,414,414],"floor_reached":46,"playtime":5612,"items_purged":["Strike_B"],"score":967,"play_id":"9c0491cf-66d6-41cd-aba3-402ff834f6d2","local_time":"20190126164626","is_ascension_mode":true,"campfire_choices":[{"floor":15.0,"key":"REST"},{"floor":24.0,"key":"REST"},{"floor":27.0,"key":"DIG"},{"data":"Hyperbeam","floor":30.0,"key":"SMITH"},{"floor":32.0,"key":"REST"},{"floor":40.0,"key":"DIG"},{"floor":42.0,"key":"REST"},{"floor":44.0,"key":"REST"}],"neow_cost":"NONE","seed_source_timestamp":516285807612168,"circlet_count":0,"master_deck":["AscendersBane","Strike_B","Strike_B","Defend_B","Defend_B","Defend_B+1","Defend_B","Zap+1","Dualcast","Sunder+1","Beam Cell","Gash","Echo Form","Go for the Eyes","Gash","Stack","Turbo","Melter","Thunder Strike","Hologram","Reinforced Body","Electrodynamics","Ball Lightning","Echo Form","Hyperbeam+1","Regret","Ball Lightning+1","Ball Lightning+1","All For One+1","Go for the Eyes+1","Madness","Madness","Beam Cell+1","Parasite","Rebound+1","Steam","Pain","Conserve Battery"],"special_seed":0,"relics":["Cracked Core","NeowsBlessing","Matryoshka","Anchor","Ornamental Fan","Mummified Hand","Cursed Key","Shovel","Lantern","Molten Egg 2","Blood Vial","Fusion Hammer","The Courier","Pantograph"],"potions_floor_usage":[46],"damage_taken":[{"damage":0.0,"enemies":"2 Louse","floor":1.0,"turns":1.0},{"damage":0.0,"enemies":"Jaw Worm","floor":3.0,"turns":1.0},{"damage":0.0,"enemies":"3 Sentries","floor":6.0,"turns":1.0},{"damage":16.0,"enemies":"Gremlin Nob","floor":8.0,"turns":3.0},{"damage":10.0,"enemies":"Small Slimes","floor":10.0,"turns":3.0},{"damage":0.0,"enemies":"Exordium Wildlife","floor":11.0,"turns":3.0},{"damage":4.0,"enemies":"Red Slaver","floor":12.0,"turns":3.0},{"damage":0.0,"enemies":"3 Louse","floor":13.0,"turns":3.0},{"damage":0.0,"enemies":"2 Fungi Beasts","floor":14.0,"turns":3.0},{"damage":0.0,"enemies":"Slime Boss","floor":16.0,"turns":7.0},{"damage":2.0,"enemies":"Shell Parasite","floor":18.0,"turns":3.0},{"damage":23.0,"enemies":"Chosen","floor":19.0,"turns":6.0},{"damage":4.0,"enemies":"Snake Plant","floor":21.0,"turns":5.0},{"damage":24.0,"enemies":"Colosseum Slavers","floor":23.0,"turns":5.0},{"damage":0.0,"enemies":"Gremlin Leader","floor":25.0,"turns":3.0},{"damage":17.0,"enemies":"Centurion and Healer","floor":28.0,"turns":6.0},{"damage":0.0,"enemies":"3 Cultists","floor":29.0,"turns":2.0},{"damage":24.0,"enemies":"Snake Plant","floor":31.0,"turns":4.0},{"damage":31.0,"enemies":"Champ","floor":33.0,"turns":8.0},{"damage":2.0,"enemies":"3 Darklings","floor":35.0,"turns":2.0},{"damage":0.0,"enemies":"3 Shapes","floor":38.0,"turns":2.0},{"damage":35.0,"enemies":"Writhing Mass","floor":39.0,"turns":8.0},{"damage":33.0,"enemies":"4 Shapes","floor":41.0,"turns":7.0},{"damage":25.0,"enemies":"3 Darklings","floor":45.0,"turns":3.0},{"damage":37,"enemies":"Spire Growth","floor":46,"turns":5}],"seed_played":"-644971953174741476","potions_obtained":[{"floor":3.0,"key":"Strength Potion"},{"floor":10.0,"key":"Explosive Potion"},{"floor":11.0,"key":"Fruit Juice"},{"floor":16.0,"key":"Fruit Juice"},{"floor":18.0,"key":"FearPotion"},{"floor":28.0,"key":"Regen Potion"},{"floor":29.0,"key":"Weak Potion"},{"floor":31.0,"key":"Strength Potion"},{"floor":33.0,"key":"LiquidBronze"},{"floor":38.0,"key":"Ancient Potion"},{"floor":39.0,"key":"Ancient Potion"}],"is_trial":false,"path_per_floor":["M","?","M","?","?","E","?","E","T","M","M","M","M","M","R","B",null,"M","M","$","M","$","?","R","E","T","R","M","M","R","M","R","B",null,"M","?","?","M","M","R","M","R","T","R","M","M"],"character_chosen":"DEFECT","items_purchased":["Electrodynamics","Echo Form"],"campfire_rested":5,"item_purchase_floors":[20,22],"current_hp_per_floor":[68,53,53,58,58,58,58,42,42,32,37,33,33,33,58,63,83,81,58,58,54,54,30,57,57,57,57,42,44,44,22,49,35,76,76,76,65,67,34,34,3,30,30,57,34,0],"gold":414,"neow_bonus":"THREE_ENEMY_KILL","is_prod":false,"is_daily":false,"chose_seed":false,"campfire_upgraded":1,"win_rate":0,"timestamp":1548539186,"path_taken":["M","?","M","?","?","E","?","E","T","?","M","M","M","M","R","BOSS","M","M","$","M","$","?","R","E","T","R","M","M","R","M","R","BOSS","M","?","?","M","M","R","M","R","T","R","M","M"],"build_version":"2019-01-23","purchased_purges":1,"victory":false,"max_hp_per_floor":[75,75,75,80,80,80,80,80,80,80,85,85,85,85,85,90,90,90,90,90,90,90,90,90,90,90,90,90,90,90,90,90,90,90,90,90,90,90,90,90,90,90,90,90,90,90],"card_choices":[{"not_picked":["Beam Cell","Steam"],"picked":"Sunder","floor":1.0},{"not_picked":["Streamline","Go for the Eyes"],"picked":"Beam Cell","floor":3.0},{"not_picked":["Compile Driver","Ball Lightning"],"picked":"Gash","floor":6.0},{"not_picked":["Undo","Ball Lightning"],"picked":"Echo Form","floor":8.0},{"not_picked":["Double Energy","Rebound"],"picked":"Go for the Eyes","floor":10.0},{"not_picked":["Chaos","Sweeping Beam"],"picked":"Gash","floor":11.0},{"not_picked":["Barrage","Rip and Tear"],"picked":"Stack","floor":12.0},{"not_picked":["Beam Cell","Barrage"],"picked":"Turbo","floor":13.0},{"not_picked":["Reprogram","Auto Shields"],"picked":"Melter","floor":14.0},{"not_picked":["Amplify","Buffer"],"picked":"Thunder Strike","floor":16.0},{"not_picked":["Compile Driver+1","Streamline"],"picked":"Hologram","floor":18.0},{"not_picked":["Loop","Ball Lightning"],"picked":"Reinforced Body","floor":19.0},{"not_picked":["Chill","BootSequence+1"],"picked":"Ball Lightning","floor":21.0},{"not_picked":["BootSequence","Chill"],"picked":"Hyperbeam","floor":25.0},{"not_picked":["Defragment","Barrage+1"],"picked":"Ball Lightning+1","floor":28.0},{"not_picked":["Glacier","Conserve Battery"],"picked":"Ball Lightning+1","floor":29.0},{"not_picked":["Rip and Tear+1","Cold Snap+1","Steam"],"picked":"SKIP","floor":31.0},{"not_picked":["Meteor Strike+1","Core Surge+1"],"picked":"All For One+1","floor":33.0},{"not_picked":["Compile Driver+1","Conserve Battery"],"picked":"Go for the Eyes+1","floor":35.0},{"not_picked":["Tempest","Hologram"],"picked":"Beam Cell+1","floor":38.0},{"not_picked":["Fusion+1","Lockon+1"],"picked":"Rebound+1","floor":39.0},{"not_picked":["Conserve Battery","Machine Learning"],"picked":"Steam","floor":41.0},{"not_picked":["Stack","Hologram"],"picked":"Conserve Battery","floor":45.0}],"player_experience":2232842,"relics_obtained":[{"floor":6.0,"key":"Matryoshka"},{"floor":8.0,"key":"Anchor"},{"floor":9.0,"key":"Ornamental Fan"},{"floor":9.0,"key":"Mummified Hand"},{"floor":25.0,"key":"Shovel"},{"floor":26.0,"key":"Lantern"},{"floor":26.0,"key":"Molten Egg 2"},{"floor":27.0,"key":"Blood Vial"},{"floor":40.0,"key":"The Courier"},{"floor":43.0,"key":"Pantograph"}],"event_choices":[{"damage_healed":0.0,"max_hp_gain":0.0,"max_hp_loss":0.0,"gold_gain":0.0,"event_name":"Shining Light","player_choice":"Entered Light","floor":2.0,"gold_loss":0.0,"damage_taken":15.0,"cards_upgraded":["Defend_B","Zap"]},{"damage_healed":0.0,"max_hp_gain":5.0,"max_hp_loss":0.0,"gold_gain":0.0,"event_name":"Big Fish","player_choice":"Donut","floor":4.0,"gold_loss":0.0,"damage_taken":0.0},{"damage_healed":0.0,"max_hp_gain":0.0,"max_hp_loss":0.0,"gold_gain":0.0,"event_name":"Living Wall","player_choice":"Grow","floor":5.0,"gold_loss":0.0,"damage_taken":0.0,"cards_upgraded":["Sunder"]},{"damage_healed":0.0,"max_hp_gain":0.0,"max_hp_loss":0.0,"gold_gain":0.0,"event_name":"Liars Game","player_choice":"Ignored","floor":7.0,"gold_loss":0.0,"damage_taken":0.0},{"damage_healed":0.0,"max_hp_gain":0.0,"max_hp_loss":0.0,"gold_gain":0.0,"event_name":"Colosseum","player_choice":"Fight","floor":23.0,"gold_loss":0.0,"damage_taken":0.0},{"damage_healed":0.0,"max_hp_gain":0.0,"max_hp_loss":0.0,"gold_gain":0.0,"event_name":"Colosseum","player_choice":"Fled From Nobs","floor":23.0,"gold_loss":0.0,"damage_taken":0.0},{"cards_removed":["Strike_B"],"damage_healed":0.0,"max_hp_gain":0.0,"max_hp_loss":0.0,"gold_gain":0.0,"event_name":"Falling","player_choice":"Removed Attack","floor":36.0,"gold_loss":0.0,"damage_taken":0.0},{"damage_healed":0.0,"max_hp_gain":0.0,"max_hp_loss":0.0,"gold_gain":0.0,"event_name":"Winding Halls","player_choice":"Embrace Madness","floor":37.0,"gold_loss":0.0,"damage_taken":11.0,"cards_obtained":["Madness","Madness"]}],"is_beta":false,"boss_relics":[{"not_picked":["Lizard Tail","Nuclear Battery"],"picked":"Cursed Key"},{"not_picked":["Coffee Dripper","White Beast Statue"],"picked":"Fusion Hammer"}],"items_purged_floors":[22],"is_endless":false,"potions_floor_spawned":[3,10,11,16,18,28,29,31,33,38,39],"killed_by":"Spire Growth","ascension_level":13}