{"gold_per_floor":[112,25,39,39,39,39,72,86,113,113,113,113,129,14,14,105,105,126,149,49,69,69,108,108,108,108,124,144,144,178,178,178,178],"floor_reached":33,"playtime":3445,"items_purged":[],"score":585,"play_id":"0f046a5f-6413-4601-b87a-e274bbe371dc","local_time":"20190510003008","is_ascension_mode":true,"campfire_choices":[{"floor":6.0,"key":"REST"},{"data":"Rupture","floor":10.0,"key":"SMITH"},{"data":"Disarm","floor":15.0,"key":"SMITH"},{"data":"Armaments","floor":25,"key":"SMITH"},{"floor":29,"key":"REST"},{"data":"True Grit","floor":32,"key":"SMITH"}],"neow_cost":"NONE","seed_source_timestamp":305492450579624,"circlet_count":0,"master_deck":["AscendersBane","Strike_R","Strike_R","Strike_R","Strike_R","Defend_R","Defend_R","Defend_R+1","Bash","True Grit+1","Offering","Iron Wave","Reaper","Rupture+1","Disarm+1","Sword Boomerang","Inflame","Intimidate","Fiend Fire","Spot Weakness","Headbutt","Blind","Armaments+1","Feel No Pain","Pummel","Power Through+1","True Grit+1","Feel No Pain+1"],"special_seed":0,"relics":["Burning Blood","NeowsBlessing","War Paint","Golden Idol","Mummified Hand","Art of War","Cursed Key","Lantern","Meat on the Bone","Happy Flower"],"potions_floor_usage":[27,30],"damage_taken":[{"damage":0.0,"enemies":"Small Slimes","floor":1.0,"turns":1.0},{"damage":0.0,"enemies":"2 Louse","floor":3.0,"turns":2.0},{"damage":0.0,"enemies":"Lagavulin","floor":7.0,"turns":1.0},{"damage":7.0,"enemies":"Cultist","floor":8.0,"turns":3.0},{"damage":0.0,"enemies":"2 Fungi Beasts","floor":13.0,"turns":7.0},{"damage":10.0,"enemies":"The Guardian","floor":16.0,"turns":14.0},{"damage":18.0,"enemies":"Shell Parasite","floor":18.0,"turns":6.0},{"damage":15.0,"enemies":"Chosen","floor":19.0,"turns":3.0},{"damage":24,"enemies":"Snecko","floor":21,"turns":7},{"damage":42,"enemies":"Gremlin Leader","floor":23,"turns":7},{"damage":37,"enemies":"Snake Plant","floor":27,"turns":6},{"damage":28,"enemies":"Cultist and Chosen","floor":28,"turns":9},{"damage":22,"enemies":"Book of Stabbing","floor":30,"turns":6},{"damage":62,"enemies":"Automaton","floor":33,"turns":6}],"seed_played":"2315489125538896198","potions_obtained":[{"floor":1.0,"key":"Weak Potion"},{"floor":7.0,"key":"Dexterity Potion"},{"floor":18.0,"key":"Fire Potion"},{"floor":23,"key":"BloodPotion"},{"floor":27,"key":"AttackPotion"}],"is_trial":false,"path_per_floor":["M","$","M","?","?","R","E","M","T","R","?","?","M","$","R","B",null,"M","M","$","M","?","E","?","R","T","M","M","R","E","?","R","B"],"character_chosen":"IRONCLAD","items_purchased":["Offering","Inflame","Intimidate","Blind"],"campfire_rested":2,"item_purchase_floors":[2,14,14,20],"current_hp_per_floor":[74,74,75,64,38,60,66,69,69,69,69,62,72,72,72,71,74,71,71,71,57,57,40,40,40,40,28,24,46,51,51,51,0],"gold":178,"neow_bonus":"THREE_ENEMY_KILL","is_prod":false,"is_daily":false,"chose_seed":false,"campfire_upgraded":4,"win_rate":0,"timestamp":1557462608,"path_taken":["M","$","M","?","?","R","E","M","T","R","?","?","M","?","R","BOSS","M","M","$","M","?","E","?","R","T","?","M","R","E","?","R","BOSS"],"build_version":"2019-01-23","purchased_purges":0,"victory":false,"max_hp_per_floor":[75,75,75,75,75,75,75,75,75,75,75,75,75,75,75,75,75,75,75,75,75,75,75,75,75,75,75,75,75,75,75,75,75],"card_choices":[{"not_picked":["Blood for Blood","Second Wind"],"picked":"True Grit","floor":1.0},{"not_picked":["Heavy Blade","Perfected Strike"],"picked":"Iron Wave","floor":3.0},{"not_picked":["Flex","Heavy Blade"],"picked":"Reaper","floor":7.0},{"not_picked":["Clothesline","Body Slam"],"picked":"Rupture","floor":8.0},{"not_picked":["Thunderclap","Anger"],"picked":"Sword Boomerang","floor":13.0},{"not_picked":["Barricade","Berserk"],"picked":"Fiend Fire","floor":16.0},{"not_picked":["Seeing Red","Evolve"],"picked":"Spot Weakness","floor":18.0},{"not_picked":["Sword Boomerang","Sentinel"],"picked":"Headbutt","floor":19.0},{"not_picked":["Sword Boomerang","Clothesline"],"picked":"Armaments","floor":21},{"not_picked":["Dark Embrace","Warcry"],"picked":"Feel No Pain","floor":23},{"not_picked":["Iron Wave","Sentinel"],"picked":"Power Through+1","floor":27},{"not_picked":["Reckless Charge+1","Warcry"],"picked":"True Grit","floor":28},{"not_picked":["Clothesline","Sever Soul"],"picked":"Feel No Pain+1","floor":30}],"player_experience":2585891,"relics_obtained":[{"floor":7.0,"key":"Mummified Hand"},{"floor":9.0,"key":"Art of War"},{"floor":23,"key":"Lantern"},{"floor":26,"key":"Meat on the Bone"},{"floor":30,"key":"Happy Flower"}],"event_choices":[{"damage_healed":0.0,"max_hp_gain":0.0,"max_hp_loss":0.0,"gold_gain":0.0,"event_name":"Scrap Ooze","player_choice":"Success","floor":4.0,"gold_loss":0.0,"damage_taken":11.0,"relics_obtained":["War Paint"]},{"damage_healed":0.0,"max_hp_gain":0.0,"max_hp_loss":0.0,"gold_gain":0.0,"event_name":"Golden Idol","player_choice":"Take Damage","floor":5.0,"gold_loss":0.0,"damage_taken":26.0,"relics_obtained":["Golden Idol"]},{"damage_healed":0.0,"max_hp_gain":0.0,"max_hp_loss":0.0,"gold_gain":0.0,"cards_transformed":["Defend_R"],"event_name":"Living Wall","player_choice":"Change","floor":11.0,"gold_loss":0.0,"damage_taken":0.0,"cards_obtained":["Disarm"]},{"cards_removed":["Strike_R"],"damage_healed":0.0,"max_hp_gain":0.0,"max_hp_loss":0.0,"gold_gain":0.0,"event_name":"Golden Wing","player_choice":"Card Removal","floor":12.0,"gold_loss":0.0,"damage_taken":7.0},{"damage_healed":0,"gold_gain":0,"player_choice":"Ignored","damage_taken":0,"max_hp_gain":0,"max_hp_loss":0,"event_name":"Beggar","floor":22,"gold_loss":0},{"damage_healed":0,"gold_gain":0,"player_choice":"1 cards matched","damage_taken":0,"max_hp_gain":0,"max_hp_loss":0,"event_name":"Match and Keep!","floor":24,"gold_loss":0,"cards_obtained":["Pummel"]},{"cards_removed":["Normality"],"damage_healed":0,"gold_gain":0,"player_choice":"Purged","damage_taken":0,"max_hp_gain":0,"max_hp_loss":0,"event_name":"Purifier","floor":31,"gold_loss":0}],"is_beta":false,"boss_relics":[{"not_picked":["Snecko Eye","Calling Bell"],"picked":"Cursed Key"}],"items_purged_floors":[],"is_endless":false,"potions_floor_spawned":[1,7,8,13,18,23,27],"killed_by":"Automaton","ascension_level":18}