{"gold_per_floor":[110,110,122,134,134,134,165,175,200,214,214,214,234,254,254,328,328,348,364,50,64,64],"floor_reached":22,"playtime":1846,"items_purged":["Strike_R"],"score":333,"play_id":"52d8d74b-84ff-470f-845f-d082d39ef64d","local_time":"20181224122451","is_ascension_mode":true,"campfire_choices":[{"data":"Thunderclap","floor":6,"key":"SMITH"},{"data":"Armaments","floor":11,"key":"SMITH"},{"data":"Uppercut","floor":15,"key":"SMITH"}],"neow_cost":"NONE","seed_source_timestamp":1133189887831855,"circlet_count":0,"master_deck":["AscendersBane","Strike_R","Defend_R","Defend_R","Bash","Disarm","Headbutt","Thunderclap+1","Clash","Armaments+1","Spot Weakness","Uppercut+1","Pommel Strike","Fiend Fire","Flame Barrier+1","Reckless Charge+1","Dual Wield+1","True Grit","Sword Boomerang","Evolve","Burning Pact"],"relics":["Burning Blood","Ancient Tea Set","Red Skull","Astrolabe","Medical Kit"],"potions_floor_usage":[4,14,16,18],"damage_taken":[{"damage":4,"enemies":"Jaw Worm","floor":1,"turns":4},{"damage":3,"enemies":"Small Slimes","floor":3,"turns":7},{"damage":0,"enemies":"2 Louse","floor":4,"turns":2},{"damage":24,"enemies":"Gremlin Nob","floor":7,"turns":4},{"damage":8,"enemies":"Red Slaver","floor":8,"turns":5},{"damage":7,"enemies":"Blue Slaver","floor":10,"turns":5},{"damage":1,"enemies":"Looter","floor":13,"turns":3},{"damage":10,"enemies":"Exordium Thugs","floor":14,"turns":3},{"damage":10,"enemies":"Hexaghost","floor":16,"turns":10},{"damage":17,"enemies":"Spheric Guardian","floor":18,"turns":4},{"damage":8,"enemies":"Chosen","floor":19,"turns":2},{"damage":54,"enemies":"Snake Plant","floor":21,"turns":7},{"damage":14,"enemies":"Shelled Parasite and Fungi","floor":22,"turns":2}],"seed_played":"-6623042645643515943","potions_obtained":[{"floor":1,"key":"Fire Potion"},{"floor":7,"key":"Fire Potion"},{"floor":10,"key":"Ancient Potion"},{"floor":16,"key":"Poison Potion"},{"floor":21,"key":"Strength Potion"}],"is_trial":false,"path_per_floor":["M","?","M","M","?","R","E","M","T","M","R","?","M","M","R","B",null,"M","M","$","M","M"],"character_chosen":"IRONCLAD","items_purchased":["Medical Kit","Evolve"],"campfire_rested":0,"item_purchase_floors":[20,20],"current_hp_per_floor":[70,59,62,68,61,61,43,41,41,40,40,45,50,46,46,42,71,60,58,58,10,0],"gold":64,"neow_bonus":"REMOVE_CARD","is_prod":false,"is_daily":false,"chose_seed":false,"campfire_upgraded":3,"win_rate":0,"timestamp":1545672291,"path_taken":["M","?","M","M","?","R","E","M","T","M","R","?","?","M","R","BOSS","M","M","$","M","M"],"build_version":"2018-12-20","purchased_purges":1,"victory":false,"max_hp_per_floor":[75,75,75,75,75,75,75,75,75,75,75,80,80,80,80,80,80,80,80,80,80,80],"card_choices":[{"not_picked":["Shockwave","Body Slam"],"picked":"Disarm","floor":1},{"not_picked":["Flex","Havoc"],"picked":"Headbutt","floor":3},{"not_picked":["Second Wind","Wild Strike"],"picked":"Thunderclap","floor":4},{"not_picked":["Sentinel","Juggernaut"],"picked":"Clash","floor":7},{"not_picked":["Perfected Strike","Clothesline"],"picked":"Armaments","floor":8},{"not_picked":["Ghostly Armor","Body Slam"],"picked":"Spot Weakness","floor":10},{"not_picked":["Armaments","Havoc"],"picked":"Uppercut","floor":13},{"not_picked":["Inflame","Fire Breathing"],"picked":"Pommel Strike","floor":14},{"not_picked":["Offering","Impervious"],"picked":"Fiend Fire","floor":16},{"not_picked":["Clash+1","Uppercut"],"picked":"True Grit","floor":18},{"not_picked":["Perfected Strike","Thunderclap"],"picked":"Sword Boomerang","floor":19},{"not_picked":["Blood for Blood","Combust"],"picked":"Burning Pact","floor":21}],"player_experience":2111397,"relics_obtained":[{"floor":7,"key":"Red Skull"}],"event_choices":[{"damage_healed":0,"gold_gain":0,"player_choice":"Success","damage_taken":11,"relics_obtained":["Ancient Tea Set"],"max_hp_gain":0,"max_hp_loss":0,"event_name":"Scrap Ooze","floor":2,"gold_loss":0},{"cards_removed":["Strike_R"],"damage_healed":0,"gold_gain":0,"player_choice":"Card Removal","damage_taken":7,"max_hp_gain":0,"max_hp_loss":0,"event_name":"Golden Wing","floor":5,"gold_loss":0},{"damage_healed":0,"gold_gain":0,"player_choice":"Donut","damage_taken":0,"max_hp_gain":5,"max_hp_loss":0,"event_name":"Big Fish","floor":12,"gold_loss":0}],"is_beta":false,"boss_relics":[{"not_picked":["Empty Cage","Coffee Dripper"],"picked":"Astrolabe"}],"items_purged_floors":[20],"is_endless":false,"potions_floor_spawned":[1,7,10,13,16,21],"killed_by":"Shelled Parasite and Fungi","ascension_level":15}