{"gold_per_floor":[110,110,62,62,74,74,99,113,113,129,129,145,145,145,145,249,249,268,268,268,282,298,298],"floor_reached":23,"playtime":1558,"items_purged":[],"score":191,"play_id":"fd0fdc46-7d8a-43f4-8e3f-d1b0261d2120","local_time":"20190714185948","is_ascension_mode":false,"campfire_choices":[{"data":"Blade Dance","floor":6,"key":"SMITH"},{"floor":11,"key":"REST"},{"floor":13,"key":"REST"},{"floor":15,"key":"REST"}],"neow_cost":"NONE","seed_source_timestamp":75636789996893,"circlet_count":0,"master_deck":["Strike_G","Strike_G","Strike_G","Strike_G","Strike_G","Defend_G","Defend_G","Defend_G","Defend_G","Defend_G","Survivor","Neutralize","Cloak And Dagger","Bandage Up","Sucker Punch","Blade Dance+1","Endless Agony","Infinite Blades","Dagger Spray","Accuracy","Terror","Cloak And Dagger","Accuracy","Corpse Explosion","Poisoned Stab","Deflect","Deadly Poison"],"relics":["Ring of the Snake","Dream Catcher","Dodecahedron","Question Card","Omamori","Busted Crown"],"potions_floor_usage":[16,21,23,23],"damage_taken":[{"damage":2,"enemies":"Jaw Worm","floor":1,"turns":6},{"damage":2,"enemies":"Small Slimes","floor":5,"turns":5},{"damage":41,"enemies":"Gremlin Nob","floor":7,"turns":6},{"damage":0,"enemies":"2 Louse","floor":8,"turns":3},{"damage":9,"enemies":"Red Slaver","floor":10,"turns":4},{"damage":26,"enemies":"Exordium Thugs","floor":12,"turns":5},{"damage":13,"enemies":"Slime Boss","floor":16,"turns":10},{"damage":16,"enemies":"Chosen","floor":18,"turns":5},{"damage":6,"enemies":"Shell Parasite","floor":21,"turns":4},{"damage":44,"enemies":"Sentry and Sphere","floor":22,"turns":6},{"damage":9,"enemies":"Snake Plant","floor":23,"turns":1}],"seed_played":"4565793774240876718","potions_obtained":[{"floor":5,"key":"Swift Potion"},{"floor":12,"key":"Weak Potion"},{"floor":16,"key":"Energy Potion"},{"floor":22,"key":"Block Potion"}],"is_trial":false,"path_per_floor":["M","?","?","?","M","R","E","M","T","M","R","M","R","T","R","B",null,"M","?","?","M","M","M"],"character_chosen":"THE_SILENT","items_purchased":[],"campfire_rested":3,"item_purchase_floors":[],"current_hp_per_floor":[68,68,68,68,70,70,33,37,37,32,53,31,52,52,70,57,70,58,58,45,43,3,0],"gold":298,"neow_bonus":"RANDOM_COMMON_RELIC","is_prod":false,"is_daily":false,"chose_seed":false,"campfire_upgraded":1,"win_rate":0.0,"timestamp":1563141588,"path_taken":["M","?","?","?","M","R","E","M","T","M","R","?","R","?","R","BOSS","M","?","?","M","M","M"],"build_version":"2019-07-05","purchased_purges":0,"victory":false,"max_hp_per_floor":[70,70,70,70,70,70,70,70,70,70,70,70,70,70,70,70,70,70,70,75,75,75,75],"card_choices":[{"not_picked":["Acrobatics","Quick Slash"],"picked":"Cloak And Dagger","floor":1},{"not_picked":["Outmaneuver","Dagger Throw"],"picked":"Blade Dance","floor":5},{"not_picked":["Tactician","Night Terror"],"picked":"Endless Agony","floor":7},{"not_picked":["Underhanded Strike","Outmaneuver"],"picked":"Infinite Blades","floor":8},{"not_picked":["Predator","Eviscerate","Poisoned Stab"],"picked":"Dagger Spray","floor":10},{"not_picked":["Flying Knee","Leg Sweep","Underhanded Strike"],"picked":"Accuracy","floor":11},{"not_picked":["PiercingWail","Caltrops","Acrobatics"],"picked":"Terror","floor":12},{"not_picked":["Deflect","Dagger Throw","Doppelganger"],"picked":"Cloak And Dagger","floor":13},{"not_picked":["Poisoned Stab","Backflip","Acrobatics"],"picked":"Accuracy","floor":15},{"not_picked":["Doppelganger","Phantasmal Killer","Venomology"],"picked":"Corpse Explosion","floor":16},{"not_picked":["Bane"],"picked":"Poisoned Stab","floor":18},{"not_picked":["Distraction"],"picked":"Deflect","floor":21},{"not_picked":["Eviscerate"],"picked":"Deadly Poison","floor":22}],"player_experience":139462,"relics_obtained":[{"floor":7,"key":"Dodecahedron"},{"floor":9,"key":"Question Card"},{"floor":14,"key":"Omamori"}],"event_choices":[{"damage_healed":0,"gold_gain":0,"player_choice":"Ignored","damage_taken":0,"max_hp_gain":0,"max_hp_loss":0,"event_name":"Golden Idol","floor":2,"gold_loss":0},{"damage_healed":0,"gold_gain":0,"player_choice":"Left Gold","damage_taken":0,"max_hp_gain":0,"max_hp_loss":0,"event_name":"World of Goop","floor":3,"gold_loss":48},{"damage_healed":0,"gold_gain":0,"player_choice":"2 cards matched","damage_taken":0,"max_hp_gain":0,"max_hp_loss":0,"event_name":"Match and Keep!","floor":4,"gold_loss":0,"cards_obtained":["Bandage Up","Sucker Punch"]},{"damage_healed":0,"gold_gain":0,"player_choice":"Ignored","damage_taken":0,"max_hp_gain":0,"max_hp_loss":0,"event_name":"Vampires","floor":19,"gold_loss":0},{"damage_healed":0,"gold_gain":0,"player_choice":"Shed Blood","damage_taken":18,"max_hp_gain":5,"max_hp_loss":0,"event_name":"Forgotten Altar","floor":20,"gold_loss":0}],"is_beta":false,"boss_relics":[{"not_picked":["Ectoplasm","Empty Cage"],"picked":"Busted Crown"}],"items_purged_floors":[],"is_endless":false,"potions_floor_spawned":[5,12,16,22],"killed_by":"Snake Plant","ascension_level":0}