{"gold_per_floor":[119,119,135,152,7,35,35,62,88,88,6,6,19,30,30,30],"floor_reached":16,"playtime":478,"items_purged":[],"score":121,"play_id":"9f3e46be-313f-4c54-b53a-509a1e0ce896","local_time":"20190808092935","is_ascension_mode":true,"campfire_choices":[{"floor":7,"key":"REST"},{"floor":10,"key":"REST"},{"data":"Heavy Blade","floor":15,"key":"SMITH"}],"neow_cost":"NONE","seed_source_timestamp":41638373375484,"circlet_count":0,"master_deck":["Strike_R","Strike_R","Strike_R","Strike_R","Defend_R","Defend_R","Defend_R","Defend_R","Bash","Bloodletting+1","Wild Strike","Headbutt","Combust","Flex","Twin Strike","Perfected Strike","Power Through","Heavy Blade+1","Ghostly Armor","Anger","Cleave"],"relics":["Burning Blood","Boot","Happy Flower","Blood Vial"],"potions_floor_usage":[4,6],"damage_taken":[{"damage":15,"enemies":"2 Louse","floor":1,"turns":3},{"damage":13,"enemies":"Cultist","floor":3,"turns":5},{"damage":4,"enemies":"Jaw Worm","floor":4,"turns":3},{"damage":31,"enemies":"Lagavulin","floor":6,"turns":5},{"damage":24,"enemies":"3 Sentries","floor":8,"turns":4},{"damage":11,"enemies":"Looter","floor":13,"turns":2},{"damage":3,"enemies":"Large Slime","floor":14,"turns":3},{"damage":88,"enemies":"The Guardian","floor":16,"turns":9}],"seed_played":"-6022583095265458880","potions_obtained":[{"floor":1,"key":"Energy Potion"},{"floor":4,"key":"FearPotion"},{"floor":6,"key":"SpeedPotion"},{"floor":13,"key":"Dexterity Potion"}],"is_trial":false,"path_per_floor":["M","?","M","M","$","E","R","E","T","R","$","?","M","M","R","B"],"character_chosen":"IRONCLAD","items_purchased":["Combust","Flex","Twin Strike","Heavy Blade","Ghostly Armor"],"campfire_rested":2,"item_purchase_floors":[5,5,5,11,11],"current_hp_per_floor":[79,79,72,74,74,49,75,57,57,83,83,83,80,85,85,0],"gold":30,"neow_bonus":"TEN_PERCENT_HP_BONUS","is_prod":false,"is_daily":false,"chose_seed":false,"campfire_upgraded":1,"win_rate":0,"timestamp":1565267375,"path_taken":["M","?","M","M","$","E","R","E","T","R","$","?","M","M","R","BOSS"],"build_version":"2019-07-17","purchased_purges":0,"victory":false,"max_hp_per_floor":[88,88,88,88,88,88,88,88,88,88,88,88,88,88,88,88],"card_choices":[{"not_picked":["Battle Trance","Shockwave"],"picked":"Bloodletting","floor":1},{"not_picked":["Twin Strike","Shockwave"],"picked":"Wild Strike","floor":3},{"not_picked":["Whirlwind","Clothesline"],"picked":"Headbutt","floor":4},{"not_picked":["Inflame","Iron Wave"],"picked":"Perfected Strike","floor":6},{"not_picked":["Offering","Clash"],"picked":"Power Through","floor":8},{"not_picked":["Intimidate","Bloodletting"],"picked":"Anger","floor":13},{"not_picked":["Rupture","Reckless Charge"],"picked":"Cleave","floor":14}],"player_experience":284307,"relics_obtained":[{"floor":6,"key":"Boot"},{"floor":8,"key":"Happy Flower"},{"floor":9,"key":"Blood Vial"}],"event_choices":[{"damage_healed":0,"gold_gain":0,"player_choice":"Grow","damage_taken":0,"max_hp_gain":0,"max_hp_loss":0,"event_name":"Living Wall","floor":2,"gold_loss":0,"cards_upgraded":["Bloodletting"]},{"cards_removed":["Strike_R"],"damage_healed":0,"gold_gain":0,"player_choice":"Purged","damage_taken":0,"max_hp_gain":0,"max_hp_loss":0,"event_name":"Purifier","floor":12,"gold_loss":0}],"is_beta":false,"boss_relics":[],"items_purged_floors":[],"is_endless":false,"potions_floor_spawned":[1,4,6,13],"killed_by":"The Guardian","ascension_level":2}