{"gold_per_floor":[119,194,204,215,58,58,74,107,107,133,150,162,162,190,190,265,265,277,290,302,302,302],"floor_reached":22,"playtime":2202,"items_purged":[],"score":356,"play_id":"a48eb81b-2a18-4232-b82a-9efdd4a923e4","local_time":"20190402000016","is_ascension_mode":true,"campfire_choices":[{"data":"Armaments","floor":6,"key":"SMITH"},{"data":"Bludgeon","floor":13,"key":"SMITH"},{"data":"Pommel Strike","floor":15,"key":"SMITH"}],"neow_cost":"TEN_PERCENT_HP_LOSS","seed_source_timestamp":1982679081747549,"circlet_count":0,"master_deck":["AscendersBane","Strike_R","Strike_R","Strike_R","Strike_R","Strike_R","Defend_R","Defend_R","Defend_R","Defend_R","Bash","Armaments+1","Flame Barrier","Pommel Strike+1","Bludgeon+1","Anger","True Grit","Reaper","Metallicize","Juggernaut","Clash+1","Clothesline","Spot Weakness"],"relics":["Burning Blood","Peace Pipe","Bag of Marbles","Pantograph","Boot","Ice Cream","Mark of Pain"],"potions_floor_usage":[4,8,14,16,20],"damage_taken":[{"damage":7,"enemies":"Jaw Worm","floor":1,"turns":5},{"damage":1,"enemies":"Cultist","floor":3,"turns":4},{"damage":5,"enemies":"2 Louse","floor":4,"turns":3},{"damage":4,"enemies":"Large Slime","floor":7,"turns":8},{"damage":43,"enemies":"Gremlin Nob","floor":8,"turns":5},{"damage":4,"enemies":"Exordium Wildlife","floor":11,"turns":5},{"damage":0,"enemies":"2 Fungi Beasts","floor":12,"turns":3},{"damage":3,"enemies":"3 Sentries","floor":14,"turns":9},{"damage":18,"enemies":"The Guardian","floor":16,"turns":12},{"damage":26,"enemies":"Shell Parasite","floor":18,"turns":4},{"damage":12,"enemies":"3 Byrds","floor":19,"turns":3},{"damage":13,"enemies":"Centurion and Healer","floor":20,"turns":5},{"damage":54,"enemies":"Chosen and Byrds","floor":22,"turns":8}],"seed_played":"-6028797232074479083","potions_obtained":[{"floor":3,"key":"EssenceOfSteel"},{"floor":4,"key":"SteroidPotion"},{"floor":8,"key":"Block Potion"},{"floor":11,"key":"Block Potion"},{"floor":14,"key":"Explosive Potion"},{"floor":20,"key":"Energy Potion"}],"is_trial":false,"path_per_floor":["M","?","M","M","$","R","M","E","T","T","M","M","R","E","R","B",null,"M","M","M","?","M"],"character_chosen":"IRONCLAD","items_purchased":["Bludgeon"],"campfire_rested":0,"item_purchase_floors":[5],"current_hp_per_floor":[67,56,61,62,62,62,64,27,27,27,29,35,35,48,48,56,65,45,44,42,42,0],"gold":302,"neow_bonus":"ONE_RARE_RELIC","is_prod":false,"is_daily":false,"chose_seed":false,"campfire_upgraded":3,"win_rate":0,"timestamp":1554177616,"path_taken":["M","?","M","M","$","R","M","E","T","?","?","M","R","E","R","BOSS","M","M","M","?","M"],"build_version":"2019-01-23","purchased_purges":0,"victory":false,"max_hp_per_floor":[68,68,68,68,68,68,68,68,68,68,68,68,68,68,68,68,68,68,68,68,68,68],"card_choices":[{"not_picked":["Havoc","Reckless Charge"],"picked":"Armaments","floor":1},{"not_picked":["Armaments","Sword Boomerang"],"picked":"Flame Barrier","floor":3},{"not_picked":["Flame Barrier","Fire Breathing"],"picked":"Pommel Strike","floor":4},{"not_picked":["Havoc","Power Through"],"picked":"Anger","floor":7},{"not_picked":["Inflame","Flex"],"picked":"True Grit","floor":8},{"not_picked":["Sword Boomerang","Cleave"],"picked":"Reaper","floor":11},{"not_picked":["Havoc","Fire Breathing","Sword Boomerang"],"picked":"SKIP","floor":12},{"not_picked":["Clash","True Grit"],"picked":"Metallicize","floor":14},{"not_picked":["Berserk","Exhume"],"picked":"Juggernaut","floor":16},{"not_picked":["Carnage","Armaments"],"picked":"Clash+1","floor":18},{"not_picked":["True Grit","Headbutt"],"picked":"Clothesline","floor":19},{"not_picked":["Sever Soul+1","Uppercut","Infernal Blade"],"picked":"SKIP","floor":20}],"player_experience":2444144,"relics_obtained":[{"floor":8,"key":"Bag of Marbles"},{"floor":9,"key":"Pantograph"},{"floor":10,"key":"Boot"},{"floor":14,"key":"Ice Cream"}],"event_choices":[{"damage_healed":0,"gold_gain":75,"player_choice":"Gather Gold","damage_taken":11,"max_hp_gain":0,"max_hp_loss":0,"event_name":"World of Goop","floor":2,"gold_loss":0},{"damage_healed":0,"gold_gain":0,"player_choice":"Read","damage_taken":0,"max_hp_gain":0,"max_hp_loss":0,"event_name":"The Library","floor":21,"gold_loss":0,"cards_obtained":["Spot Weakness"]}],"is_beta":false,"boss_relics":[{"not_picked":["White Beast Statue","Philosopher\u0027s Stone"],"picked":"Mark of Pain"}],"items_purged_floors":[],"is_endless":false,"potions_floor_spawned":[3,4,8,11,14,20],"killed_by":"Chosen and Byrds","ascension_level":16}