{"gold_per_floor":[114,114,114,5,5,44,60,60,60,93,108,133,157,230,230,230],"floor_reached":16,"playtime":965,"items_purged":[],"score":270,"play_id":"fa74f344-c2bc-46a7-b0f8-98ead5126891","local_time":"20190818201737","is_ascension_mode":true,"campfire_choices":[{"data":"Pommel Strike","floor":8.0,"key":"SMITH"},{"data":"Blood for Blood","floor":15,"key":"SMITH"}],"neow_cost":"NONE","seed_source_timestamp":675314946990861,"circlet_count":0,"master_deck":["AscendersBane","Strike_R","Strike_R","Strike_R","Strike_R","Defend_R","Defend_R","Defend_R","Defend_R","Bash","Pummel","Iron Wave","Combust","Pommel Strike+1","Impervious","Hemokinesis","Headbutt","Power Through","Ghostly Armor","Flame Barrier","Blood for Blood+1"],"special_seed":0,"relics":["Burning Blood","NeowsBlessing","Anchor","Golden Idol","Orichalcum","Pantograph","Regal Pillow","Frozen Egg 2"],"potions_floor_usage":[14],"damage_taken":[{"damage":0.0,"enemies":"2 Louse","floor":1.0,"turns":1.0},{"damage":0.0,"enemies":"Lagavulin","floor":6.0,"turns":1.0},{"damage":0.0,"enemies":"Jaw Worm","floor":7.0,"turns":1.0},{"damage":30.0,"enemies":"Gremlin Nob","floor":10.0,"turns":5.0},{"damage":3.0,"enemies":"Small Slimes","floor":11.0,"turns":3.0},{"damage":8.0,"enemies":"Blue Slaver","floor":12.0,"turns":4.0},{"damage":4.0,"enemies":"3 Louse","floor":13.0,"turns":4.0},{"damage":53,"enemies":"Lagavulin Event","floor":14,"turns":7},{"damage":48,"enemies":"The Guardian","floor":16,"turns":8}],"seed_played":"7434016078914807014","potions_obtained":[{"floor":1.0,"key":"Swift Potion"},{"floor":6.0,"key":"Regen Potion"},{"floor":7.0,"key":"Regen Potion"},{"floor":13.0,"key":"Poison Potion"}],"is_trial":false,"path_per_floor":["M","?","?","$","?","E","M","R","T","E","M","M","M","?","R","B"],"character_chosen":"IRONCLAD","items_purchased":["Combust","Pommel Strike"],"campfire_rested":0,"item_purchase_floors":[4,4],"current_hp_per_floor":[74,69,69,69,43,49,55,55,55,64,67,65,67,20,20,0],"gold":230,"neow_bonus":"THREE_ENEMY_KILL","is_prod":false,"is_daily":false,"chose_seed":false,"campfire_upgraded":2,"win_rate":0,"timestamp":1566173857,"path_taken":["M","?","?","$","?","E","M","R","T","E","M","M","M","?","R","BOSS"],"build_version":"2019-01-23","purchased_purges":0,"victory":false,"max_hp_per_floor":[75,75,75,75,75,75,75,75,75,75,75,75,75,75,75,75],"card_choices":[{"not_picked":["Feel No Pain","Havoc"],"picked":"Pummel","floor":1.0},{"not_picked":["Blood for Blood","Fire Breathing"],"picked":"Impervious","floor":6.0},{"not_picked":["Clash","Entrench"],"picked":"Hemokinesis","floor":7.0},{"not_picked":["Berserk","Dropkick"],"picked":"Headbutt","floor":10.0},{"not_picked":["Headbutt","Thunderclap"],"picked":"Power Through","floor":11.0},{"not_picked":["Flex","Headbutt"],"picked":"Ghostly Armor","floor":12.0},{"not_picked":["Cleave","Sword Boomerang"],"picked":"Flame Barrier","floor":13.0},{"not_picked":["Wild Strike","Havoc"],"picked":"Blood for Blood","floor":14}],"player_experience":2823148,"relics_obtained":[{"floor":6.0,"key":"Orichalcum"},{"floor":9.0,"key":"Pantograph"},{"floor":10.0,"key":"Regal Pillow"},{"floor":14,"key":"Frozen Egg 2"}],"event_choices":[{"damage_healed":0.0,"max_hp_gain":0.0,"max_hp_loss":0.0,"gold_gain":0.0,"event_name":"Scrap Ooze","player_choice":"Success","floor":2.0,"gold_loss":0.0,"damage_taken":5.0,"relics_obtained":["Anchor"]},{"damage_healed":0.0,"max_hp_gain":0.0,"max_hp_loss":0.0,"gold_gain":0.0,"cards_transformed":["Strike_R"],"event_name":"Living Wall","player_choice":"Change","floor":3.0,"gold_loss":0.0,"damage_taken":0.0,"cards_obtained":["Iron Wave"]},{"damage_healed":0.0,"max_hp_gain":0.0,"max_hp_loss":0.0,"gold_gain":0.0,"event_name":"Golden Idol","player_choice":"Take Damage","floor":5.0,"gold_loss":0.0,"damage_taken":26.0,"relics_obtained":["Golden Idol"]},{"damage_healed":0,"gold_gain":30,"player_choice":"Searched \u00273\u0027 times","damage_taken":0,"max_hp_gain":0,"max_hp_loss":0,"event_name":"Dead Adventurer","floor":14,"gold_loss":0}],"is_beta":false,"boss_relics":[],"items_purged_floors":[],"is_endless":false,"potions_floor_spawned":[1,6,7,13],"killed_by":"The Guardian","ascension_level":20}