{"gold_per_floor":[119,119,119,194,123,123,154,182,230,20,33,33,43,62,62,164,164,89,89,89,89,89,89,89,89,89,89,89,89,89,89,89,89,89,89,89,89,89,89,89,89,89,89,89,89,89,89,89,89,89],"floor_reached":51,"playtime":4277,"items_purged":[],"score":674,"play_id":"94ae7316-0e4a-4cde-b8d3-dc0b72d0cab4","local_time":"20190816192759","is_ascension_mode":false,"campfire_choices":[{"data":"Noxious Fumes","floor":6.0,"key":"SMITH"},{"floor":12.0,"key":"REST"},{"floor":15.0,"key":"REST"},{"floor":23.0,"key":"REST"},{"floor":27.0,"key":"REST"},{"floor":32.0,"key":"REST"},{"floor":40,"key":"REST"},{"data":"After Image","floor":49,"key":"SMITH"}],"neow_cost":"NONE","seed_source_timestamp":0,"circlet_count":0,"master_deck":["Strike_G","Strike_G","Strike_G","Strike_G","Strike_G","Defend_G","Defend_G+1","Defend_G","Defend_G","Defend_G","Survivor+1","Neutralize","Flying Knee","Noxious Fumes+1","After Image+1","Heel Hook","Crippling Poison+1","Metamorphosis+1","Blade Dance+1","Flechettes","Poisoned Stab","Venomology+1","Blade Dance+1","Outmaneuver+1","Infinite Blades+1","Deadly Poison+1","Venomology+1","Prepared+1","Deflect+1","Malaise+1","Unload","Backstab","Dagger Spray+1","Madness+1","Distraction+1","Malaise+1","Writhe","Bouncing Flask+1","Blur+1","Doubt"],"special_seed":0,"relics":["Ring of the Snake","Toxic Egg 2","Potion Belt","Odd Mushroom","War Paint","Ectoplasm","Nilry\u0027s Codex","Question Card","Ice Cream","Bronze Scales","Pear"],"potions_floor_usage":[36,36,39,39,39,41,45,45,45,46,46,50,50,50,50],"damage_taken":[{"damage":0.0,"enemies":"2 Louse","floor":1.0,"turns":4.0},{"damage":27.0,"enemies":"Lagavulin","floor":7.0,"turns":7.0},{"damage":7.0,"enemies":"The Mushroom Lair","floor":8.0,"turns":4.0},{"damage":14.0,"enemies":"Small Slimes","floor":11.0,"turns":4.0},{"damage":8.0,"enemies":"Jaw Worm","floor":13.0,"turns":3.0},{"damage":6.0,"enemies":"Lots of Slimes","floor":14.0,"turns":2.0},{"damage":30.0,"enemies":"Hexaghost","floor":16.0,"turns":9.0},{"damage":17.0,"enemies":"2 Thieves","floor":18.0,"turns":4.0},{"damage":11.0,"enemies":"Spheric Guardian","floor":22.0,"turns":4.0},{"damage":10.0,"enemies":"Snecko","floor":24.0,"turns":5.0},{"damage":22.0,"enemies":"Chosen and Byrds","floor":25.0,"turns":7.0},{"damage":18.0,"enemies":"Centurion and Healer","floor":29.0,"turns":5.0},{"damage":10.0,"enemies":"Snecko","floor":30.0,"turns":6.0},{"damage":17.0,"enemies":"Snake Plant","floor":31.0,"turns":4.0},{"damage":19.0,"enemies":"Automaton","floor":33.0,"turns":9.0},{"damage":8.0,"enemies":"Orb Walker","floor":35.0,"turns":4.0},{"damage":31,"enemies":"3 Darklings","floor":36,"turns":5},{"damage":16,"enemies":"Maw","floor":39,"turns":8},{"damage":41,"enemies":"Spire Growth","floor":41,"turns":5},{"damage":14,"enemies":"3 Darklings","floor":45,"turns":7},{"damage":30,"enemies":"Transient","floor":46,"turns":5},{"damage":37,"enemies":"Awakened One","floor":50,"turns":16}],"seed_played":"-2669514229360661496","potions_obtained":[{"floor":1.0,"key":"LiquidBronze"},{"floor":14.0,"key":"LiquidBronze"},{"floor":16.0,"key":"Regen Potion"},{"floor":25.0,"key":"SpeedPotion"},{"floor":31.0,"key":"Explosive Potion"},{"floor":33.0,"key":"SteroidPotion"},{"floor":35.0,"key":"AttackPotion"},{"floor":36,"key":"Fire Potion"},{"floor":46,"key":"SkillPotion"}],"is_trial":false,"path_per_floor":["M","?","?","?","$","R","E","?","T","$","M","R","M","M","R","B",null,"M","$","?","?","M","R","M","M","T","R","?","M","M","M","R","B",null,"M","M","?","?","M","R","M","?","T","T","M","M","$","?","R","B",null],"character_chosen":"THE_SILENT","items_purchased":["Noxious Fumes","Crippling Poison+1","Metamorphosis+1"],"campfire_rested":6,"item_purchase_floors":[5,10,10],"current_hp_per_floor":[77,77,70,59,59,59,32,25,25,25,11,34,26,20,43,13,77,60,60,44,44,33,56,46,39,39,62,62,44,34,17,40,21,77,69,38,38,38,22,45,4,23,23,33,19,8,8,87,87,50],"gold":89,"neow_bonus":"TEN_PERCENT_HP_BONUS","is_prod":false,"is_daily":false,"chose_seed":false,"campfire_upgraded":2,"win_rate":0.0,"timestamp":1565976479,"path_taken":["M","?","?","?","$","R","E","?","T","$","M","R","M","?","R","BOSS","M","?","?","?","M","R","?","?","T","R","?","?","M","M","R","BOSS","M","M","?","?","M","R","M","?","T","?","?","?","$","?","R","BOSS"],"build_version":"2019-07-17","purchased_purges":0,"victory":true,"max_hp_per_floor":[77,77,77,77,77,77,77,77,77,77,77,77,77,77,77,77,77,77,77,77,77,77,77,77,77,77,77,77,77,77,77,77,77,77,77,77,77,77,77,77,77,77,77,87,87,87,87,87,87,87],"card_choices":[{"not_picked":["Calculated Gamble","Acrobatics"],"picked":"Flying Knee","floor":1.0},{"not_picked":["Reflex+1","Quick Slash"],"picked":"After Image","floor":7.0},{"not_picked":["Slice","Escape Plan+1"],"picked":"Heel Hook","floor":8.0},{"not_picked":["Footwork","PiercingWail+1"],"picked":"Blade Dance+1","floor":11.0},{"not_picked":["Choke","Quick Slash"],"picked":"Flechettes","floor":13.0},{"not_picked":["PiercingWail+1","Infinite Blades"],"picked":"Poisoned Stab","floor":14.0},{"not_picked":["Burst+1","Doppelganger+1"],"picked":"Venomology+1","floor":16.0},{"not_picked":["Endless Agony","Dagger Spray"],"picked":"Blade Dance+1","floor":18.0},{"not_picked":["Dodge and Roll+1","Underhanded Strike","Heel Hook"],"picked":"Outmaneuver+1","floor":22.0},{"not_picked":["Underhanded Strike+1","Heel Hook","Dagger Spray"],"picked":"Infinite Blades+1","floor":24.0},{"not_picked":["Backflip+1","Sucker Punch","Masterful Stab+1"],"picked":"Deadly Poison+1","floor":25.0},{"not_picked":["Sucker Punch","Dagger Spray","PiercingWail+1"],"picked":"Prepared+1","floor":29.0},{"not_picked":["Heel Hook","Malaise+1","Dagger Spray"],"picked":"Deflect+1","floor":30.0},{"not_picked":["Deflect+1","Acrobatics+1","Backflip+1"],"picked":"Malaise+1","floor":31.0},{"not_picked":["Doppelganger+1","Adrenaline+1","Phantasmal Killer+1"],"picked":"Unload","floor":33.0},{"not_picked":["PiercingWail+1","Prepared+1","Well Laid Plans"],"picked":"Backstab","floor":35.0},{"not_picked":["Deadly Poison+1","Outmaneuver+1","Slice"],"picked":"Dagger Spray+1","floor":36},{"not_picked":["PanicButton+1","Swift Strike","Blind+1"],"picked":"Madness+1","floor":38},{"not_picked":["Masterful Stab","Prepared+1","Flying Knee"],"picked":"Distraction+1","floor":39},{"not_picked":["Blade Dance+1","Acrobatics+1","Flying Knee"],"picked":"Malaise+1","floor":41},{"not_picked":["Dagger Throw+1","Prepared+1","Flechettes"],"picked":"Bouncing Flask+1","floor":45},{"not_picked":["Calculated Gamble+1","PiercingWail+1","Quick Slash"],"picked":"Blur+1","floor":46}],"player_experience":2894,"relics_obtained":[{"floor":7.0,"key":"Potion Belt"},{"floor":8.0,"key":"Odd Mushroom"},{"floor":9.0,"key":"War Paint"},{"floor":20.0,"key":"Nilry\u0027s Codex"},{"floor":26.0,"key":"Ice Cream"},{"floor":43,"key":"Bronze Scales"},{"floor":44,"key":"Pear"}],"event_choices":[{"damage_healed":0.0,"max_hp_gain":0.0,"max_hp_loss":0.0,"gold_gain":0.0,"event_name":"The Cleric","player_choice":"Leave","floor":2.0,"gold_loss":0.0,"damage_taken":0.0},{"damage_healed":0.0,"max_hp_gain":0.0,"max_hp_loss":0.0,"gold_gain":0.0,"event_name":"Scrap Ooze","player_choice":"Success","floor":3.0,"gold_loss":0.0,"damage_taken":7.0,"relics_obtained":["Toxic Egg 2"]},{"damage_healed":0.0,"max_hp_gain":0.0,"max_hp_loss":0.0,"gold_gain":75.0,"event_name":"World of Goop","player_choice":"Gather Gold","floor":4.0,"gold_loss":0.0,"damage_taken":11.0},{"damage_healed":0.0,"max_hp_gain":0.0,"max_hp_loss":0.0,"gold_gain":0.0,"event_name":"Mushrooms","player_choice":"Fought Mushrooms","floor":8.0,"gold_loss":0.0,"damage_taken":0.0},{"damage_healed":0.0,"max_hp_gain":0.0,"max_hp_loss":0.0,"gold_gain":0.0,"event_name":"Cursed Tome","player_choice":"Obtained Book","floor":20.0,"gold_loss":0.0,"damage_taken":16.0},{"damage_healed":0.0,"max_hp_gain":0.0,"max_hp_loss":0.0,"gold_gain":0.0,"event_name":"The Mausoleum","player_choice":"Opened","floor":21.0,"gold_loss":0.0,"damage_taken":0.0,"relics_obtained":["Question Card"]},{"damage_healed":0.0,"max_hp_gain":0.0,"max_hp_loss":0.0,"gold_gain":0.0,"event_name":"Duplicator","player_choice":"Copied","floor":28.0,"gold_loss":0.0,"damage_taken":0.0,"cards_obtained":["Venomology"]},{"damage_healed":0,"gold_gain":0,"player_choice":"Ignored","damage_taken":0,"max_hp_gain":0,"max_hp_loss":0,"event_name":"The Moai Head","floor":37,"gold_loss":0},{"damage_healed":0,"gold_gain":0,"player_choice":"Memory 1","damage_taken":0,"max_hp_gain":0,"max_hp_loss":0,"event_name":"SensoryStone","floor":38,"gold_loss":0},{"damage_healed":19,"gold_gain":0,"player_choice":"Writhe","damage_taken":0,"max_hp_gain":0,"max_hp_loss":0,"event_name":"Winding Halls","floor":42,"gold_loss":0,"cards_obtained":["Writhe"]},{"damage_healed":79,"gold_gain":0,"player_choice":"Heal","damage_taken":0,"max_hp_gain":0,"max_hp_loss":0,"event_name":"MindBloom","floor":48,"gold_loss":0,"cards_obtained":["Doubt"]}],"is_beta":false,"boss_relics":[{"not_picked":["Eternal Feather","HoveringKite"],"picked":"Ectoplasm"},{"not_picked":["Coffee Dripper","Runic Dome","Sozu"]}],"items_purged_floors":[],"is_endless":false,"potions_floor_spawned":[1,14,16,25,31,33,35,36,46],"ascension_level":0}