{"gold_per_floor":[116,116,2,13,13,13,39,39,65,79,79,89,108,122,122,193,193,210,135,150,26,46,46,81,93,93,105,122,134,134,134,134,210,210,222,235,261,275,150,150,181,181,481,481,508,33,33,45,45,45],"floor_reached":51,"playtime":5473,"items_purged":["Strike_R","Strike_R"],"score":1417,"play_id":"882ddaee-0159-4eff-b4a5-e86511ba2812","local_time":"20181126003302","is_ascension_mode":true,"campfire_choices":[{"data":"Pommel Strike","floor":6,"key":"SMITH"},{"floor":8,"key":"REST"},{"data":"True Grit","floor":11,"key":"SMITH"},{"floor":15,"key":"REST"},{"floor":23,"key":"REST"},{"floor":30,"key":"REST"},{"floor":32,"key":"RECALL"},{"floor":40,"key":"REST"},{"data":"Fiend Fire","floor":42,"key":"SMITH"},{"data":"Armaments","floor":47,"key":"SMITH"},{"data":"Burning Pact","floor":49,"key":"SMITH"}],"neow_cost":"NONE","seed_source_timestamp":721219873373962,"circlet_count":0,"master_deck":["AscendersBane","Strike_R","Strike_R","Defend_R","Defend_R","Defend_R","Defend_R","Bash","Rage","Pommel Strike+1","Spot Weakness","True Grit+1","Disarm","Corruption+1","Burning Pact+1","Fiend Fire+1","Doubt","Decay","Injury","Bloodletting+1","Whirlwind","Rupture+1","Warcry","Warcry+1","Flex+1","Fire Breathing+1","Disarm","Armaments+1","Fiend Fire+1","Flex+1","Feel No Pain+1","Ghostly Armor","Corruption+1","Infernal Blade+1","Corruption+1","Burning Pact+1"],"relics":["Burning Blood","Dead Branch","Frozen Egg 2","Blue Candle","Calling Bell","PreservedInsect","Matryoshka","Gambling Chip","Happy Flower","Boot","Letter Opener","Eternal Feather","Bag of Preparation","Smiling Mask","Dodecahedron","Old Coin","Oddly Smooth Stone","Lee\u0027s Waffle","Strawberry"],"potions_floor_usage":[18,29,33,33,50,50],"damage_taken":[{"damage":14,"enemies":"Jaw Worm","floor":1,"turns":4},{"damage":1,"enemies":"Cultist","floor":4,"turns":3},{"damage":40,"enemies":"Gremlin Nob","floor":7,"turns":5},{"damage":10,"enemies":"2 Louse","floor":10,"turns":3},{"damage":10,"enemies":"Blue Slaver","floor":12,"turns":4},{"damage":17,"enemies":"Large Slime","floor":13,"turns":6},{"damage":20,"enemies":"Lots of Slimes","floor":14,"turns":4},{"damage":0,"enemies":"Hexaghost","floor":16,"turns":4},{"damage":8,"enemies":"Chosen","floor":18,"turns":1},{"damage":4,"enemies":"Shell Parasite","floor":20,"turns":4},{"damage":45,"enemies":"Shelled Parasite and Fungi","floor":22,"turns":6},{"damage":12,"enemies":"Book of Stabbing","floor":24,"turns":3},{"damage":7,"enemies":"3 Cultists","floor":25,"turns":2},{"damage":6,"enemies":"Centurion and Healer","floor":27,"turns":3},{"damage":26,"enemies":"Cultist and Chosen","floor":28,"turns":4},{"damage":22,"enemies":"Snake Plant","floor":29,"turns":5},{"damage":14,"enemies":"Collector","floor":33,"turns":3},{"damage":71,"enemies":"3 Darklings","floor":35,"turns":7},{"damage":3,"enemies":"Orb Walker","floor":36,"turns":2},{"damage":8,"enemies":"3 Darklings","floor":38,"turns":4},{"damage":9,"enemies":"Giant Head","floor":41,"turns":1},{"damage":30,"enemies":"Nemesis","floor":45,"turns":6},{"damage":0,"enemies":"Sphere and 2 Shapes","floor":48,"turns":1},{"damage":83,"enemies":"Time Eater","floor":50,"turns":10}],"seed_played":"-8379721422514231193","potions_obtained":[{"floor":7,"key":"SteroidPotion"},{"floor":13,"key":"SteroidPotion"},{"floor":16,"key":"Dexterity Potion"},{"floor":24,"key":"Regen Potion"},{"floor":29,"key":"Poison Potion"},{"floor":33,"key":"SpeedPotion"},{"floor":35,"key":"AttackPotion"},{"floor":41,"key":"Regen Potion"}],"is_trial":false,"path_per_floor":["M","?","?","M","?","R","E","R","T","M","R","M","M","M","R","B",null,"M","?","M","$","M","R","E","M","T","M","M","M","R","?","R","B",null,"M","M","T","M","$","R","E","R","T","?","E","$","R","M","R","B",null],"character_chosen":"IRONCLAD","items_purchased":["Rupture+1","Warcry","Corruption+1","Lee\u0027s Waffle","Corruption+1","Strawberry"],"campfire_rested":5,"item_purchase_floors":[21,21,39,46,46,46],"current_hp_per_floor":[67,60,60,65,70,70,36,62,62,58,58,54,43,29,55,61,81,79,79,81,81,42,68,62,61,61,61,41,37,63,63,63,55,79,14,17,17,15,15,59,56,74,74,74,50,101,101,101,101,39],"gold":45,"neow_bonus":"TEN_PERCENT_HP_BONUS","is_prod":false,"is_daily":false,"chose_seed":false,"campfire_upgraded":5,"win_rate":0,"timestamp":1543210382,"path_taken":["M","?","?","?","?","R","E","R","T","M","R","M","M","M","R","BOSS","M","?","M","$","M","R","E","M","T","M","M","M","R","?","R","BOSS","M","?","?","M","$","R","E","R","T","?","E","$","R","?","R","BOSS"],"build_version":"2018-11-15","purchased_purges":2,"victory":true,"max_hp_per_floor":[82,82,82,82,87,87,87,87,87,87,87,87,87,87,87,87,87,87,87,87,87,87,87,87,87,87,87,87,87,87,87,87,87,87,87,87,87,87,87,87,87,87,87,87,87,101,101,101,101,101],"card_choices":[{"not_picked":["Twin Strike","Sentinel"],"picked":"Rage","floor":1},{"not_picked":["Sentinel","Inflame+1"],"picked":"Pommel Strike","floor":4},{"not_picked":["Wild Strike","Bloodletting"],"picked":"Spot Weakness","floor":7},{"not_picked":["Sword Boomerang","Ghostly Armor"],"picked":"True Grit","floor":10},{"not_picked":["Clash","Wild Strike"],"picked":"Disarm","floor":12},{"not_picked":["Whirlwind","Clash"],"picked":"Corruption+1","floor":13},{"not_picked":["Blood for Blood","Spot Weakness"],"picked":"Burning Pact","floor":14},{"not_picked":["Bludgeon","Impervious"],"picked":"Fiend Fire","floor":16},{"not_picked":["Headbutt","Searing Blow"],"picked":"Bloodletting+1","floor":18},{"not_picked":["Headbutt","Clash"],"picked":"Whirlwind","floor":20},{"not_picked":["Heavy Blade","Limit Break"],"picked":"Warcry+1","floor":22},{"not_picked":["Headbutt","Limit Break"],"picked":"Flex+1","floor":24},{"not_picked":["Sever Soul","Dropkick"],"picked":"Fire Breathing+1","floor":25},{"not_picked":["Shrug It Off","Heavy Blade+1"],"picked":"Disarm","floor":27},{"not_picked":["Cleave+1","Whirlwind","Fire Breathing+1"],"picked":"SKIP","floor":28},{"not_picked":["Anger","Clothesline+1"],"picked":"Armaments","floor":29},{"not_picked":["Bludgeon","Exhume"],"picked":"Fiend Fire","floor":33},{"not_picked":["Warcry","Perfected Strike+1"],"picked":"Flex+1","floor":35},{"not_picked":["Burning Pact+1","Disarm"],"picked":"Feel No Pain+1","floor":36},{"not_picked":["Headbutt","True Grit"],"picked":"Ghostly Armor","floor":38},{"not_picked":["Ghostly Armor","Inflame+1","Clash"],"picked":"SKIP","floor":41},{"not_picked":["Evolve+1","Thunderclap"],"picked":"Infernal Blade+1","floor":45},{"not_picked":["Flex","Bloodletting"],"picked":"Burning Pact+1","floor":48}],"player_experience":2030437,"relics_obtained":[{"floor":7,"key":"Blue Candle"},{"floor":17,"key":"PreservedInsect"},{"floor":17,"key":"Matryoshka"},{"floor":17,"key":"Gambling Chip"},{"floor":24,"key":"Happy Flower"},{"floor":26,"key":"Boot"},{"floor":26,"key":"Letter Opener"},{"floor":37,"key":"Bag of Preparation"},{"floor":37,"key":"Smiling Mask"},{"floor":41,"key":"Dodecahedron"},{"floor":43,"key":"Old Coin"},{"floor":45,"key":"Oddly Smooth Stone"}],"event_choices":[{"damage_healed":0,"gold_gain":0,"player_choice":"Success","damage_taken":7,"relics_obtained":["Dead Branch"],"max_hp_gain":0,"max_hp_loss":0,"event_name":"Scrap Ooze","floor":2,"gold_loss":0},{"damage_healed":0,"gold_gain":0,"player_choice":"Paid Gold","damage_taken":0,"relics_obtained":["Frozen Egg 2"],"max_hp_gain":0,"max_hp_loss":0,"event_name":"WeMeetAgain","floor":3,"gold_loss":114},{"damage_healed":0,"gold_gain":0,"player_choice":"Donut","damage_taken":0,"max_hp_gain":5,"max_hp_loss":0,"event_name":"Big Fish","floor":5,"gold_loss":0},{"cards_removed":["Strike_R"],"damage_healed":0,"gold_gain":0,"player_choice":"Gave Gold","damage_taken":0,"max_hp_gain":0,"max_hp_loss":0,"event_name":"Beggar","floor":19,"gold_loss":75},{"damage_healed":0,"gold_gain":0,"player_choice":"Got Potions","damage_taken":0,"max_hp_gain":0,"max_hp_loss":0,"event_name":"Lab","floor":31,"gold_loss":0},{"damage_healed":0,"gold_gain":0,"player_choice":"Forge","damage_taken":0,"max_hp_gain":0,"max_hp_loss":0,"event_name":"Accursed Blacksmith","floor":44,"gold_loss":0,"cards_upgraded":["Fiend Fire"]}],"is_beta":false,"boss_relics":[{"not_picked":["Busted Crown","Tiny House"],"picked":"Calling Bell"},{"not_picked":["Philosopher\u0027s Stone","Runic Dome"],"picked":"Eternal Feather"}],"items_purged_floors":[39,46],"is_endless":false,"potions_floor_spawned":[7,13,16,24,28,29,33,35,38,41,45],"ascension_level":14}