{"gold_per_floor":[116,129,143,143,218,218,229,288,314,374,386,415,427,446,458,470],"floor_reached":16,"playtime":780,"items_purged":[],"score":200,"play_id":"e10a5916-efed-4310-a114-2012f0b7f341","local_time":"20190926203954","is_ascension_mode":true,"campfire_choices":[{"data":"Eruption","floor":6,"key":"SMITH"},{"data":"TalkToTheHand","floor":13,"key":"SMITH"},{"data":"DeceiveReality","floor":15,"key":"SMITH"}],"neow_cost":"NONE","seed_source_timestamp":10517399185876,"circlet_count":0,"master_deck":["AscendersBane","Strike_P","Strike_P","Strike_P","Strike_P","Defend_P","Defend_P","Defend_P","Defend_P","Eruption+1","Vigilance","EmptyFist","DeceiveReality+1","TalkToTheHand+1","EmptyMind","Sanctity","InnerPeace","Parasite"],"relics":["PureWater","Juzu Bracelet","Tiny Chest","MawBank","CeramicFish"],"potions_floor_usage":[8,16,16],"damage_taken":[{"damage":2,"enemies":"Jaw Worm","floor":1,"turns":3},{"damage":2,"enemies":"2 Louse","floor":2,"turns":3},{"damage":1,"enemies":"Small Slimes","floor":3,"turns":2},{"damage":0,"enemies":"Exordium Wildlife","floor":7,"turns":2},{"damage":34,"enemies":"3 Sentries","floor":8,"turns":7},{"damage":4,"enemies":"Red Slaver","floor":12,"turns":5},{"damage":18,"enemies":"Slime Boss","floor":16,"turns":8}],"seed_played":"4796009701044920539","potions_obtained":[{"floor":3,"key":"Strength Potion"},{"floor":7,"key":"SpeedPotion"},{"floor":8,"key":"DuplicationPotion"}],"is_trial":false,"path_per_floor":["M","M","M","?","?","R","M","E","T","T","?","M","R","?","R","B"],"character_chosen":"WATCHER","items_purchased":[],"campfire_rested":0,"item_purchase_floors":[],"current_hp_per_floor":[59,57,56,51,40,40,40,6,6,6,6,2,2,18,18,0],"gold":470,"neow_bonus":"TEN_PERCENT_HP_BONUS","is_prod":false,"is_daily":false,"chose_seed":false,"campfire_upgraded":3,"win_rate":0,"timestamp":1569487194,"path_taken":["M","M","M","?","?","R","M","E","T","?","?","M","R","?","R","BOSS"],"build_version":"2019-09-25","purchased_purges":0,"victory":false,"max_hp_per_floor":[67,67,67,67,67,67,67,67,67,67,67,67,67,67,67,67],"card_choices":[{"not_picked":["Protect","JustLucky"],"picked":"EmptyFist","floor":1},{"not_picked":["Wireheading","ClearTheMind"],"picked":"DeceiveReality","floor":2},{"not_picked":["Prostrate","DeceiveReality"],"picked":"TalkToTheHand","floor":3},{"not_picked":["Scrawl","Weave"],"picked":"EmptyMind","floor":7},{"not_picked":["MentalFortress","WaveOfTheHand"],"picked":"Sanctity","floor":8},{"not_picked":["PathToVictory","ThirdEye"],"picked":"InnerPeace","floor":12}],"player_experience":1258581,"relics_obtained":[{"floor":8,"key":"Tiny Chest"},{"floor":9,"key":"MawBank"},{"floor":10,"key":"CeramicFish"}],"event_choices":[{"damage_healed":0,"gold_gain":0,"player_choice":"Success","damage_taken":5,"relics_obtained":["Juzu Bracelet"],"max_hp_gain":0,"max_hp_loss":0,"event_name":"Scrap Ooze","floor":4,"gold_loss":0},{"damage_healed":0,"gold_gain":75,"player_choice":"Gather Gold","damage_taken":11,"max_hp_gain":0,"max_hp_loss":0,"event_name":"World of Goop","floor":5,"gold_loss":0},{"damage_healed":0,"gold_gain":0,"player_choice":"Ignored","damage_taken":0,"max_hp_gain":0,"max_hp_loss":0,"event_name":"Liars Game","floor":11,"gold_loss":0},{"damage_healed":16,"gold_gain":0,"player_choice":"Healed and dodged fight","damage_taken":0,"max_hp_gain":0,"max_hp_loss":0,"event_name":"Mushrooms","floor":14,"gold_loss":0,"cards_obtained":["Parasite"]}],"is_beta":true,"boss_relics":[],"items_purged_floors":[],"is_endless":false,"potions_floor_spawned":[3,7,8],"killed_by":"Slime Boss","ascension_level":20}