{"gold_per_floor":[119,137,151,151,24,24,59,69,69,69,45,45,75,75,75,149,149,161,161,161,173,173,27,45,45,123,123],"floor_reached":27,"playtime":1243,"items_purged":["Regret"],"score":361,"play_id":"ca7e69a1-b3ac-4961-9a6f-5adb13495977","local_time":"20181216003314","is_ascension_mode":true,"campfire_choices":[{"data":"Neutralize","floor":6,"key":"SMITH"},{"floor":10,"key":"REST"},{"floor":12,"key":"REST"},{"data":"Phantasmal Killer","floor":15,"key":"SMITH"}],"neow_cost":"NONE","seed_source_timestamp":974168065755723,"circlet_count":0,"master_deck":["AscendersBane","Defend_G+1","Defend_G+1","Defend_G+1","Defend_G+1","Strike_G+1","Strike_G+1","Strike_G+1","Survivor","Neutralize+1","Noxious Fumes","Sucker Punch","Poisoned Stab","Cloak And Dagger","Deadly Poison","Phantasmal Killer+1","Noxious Fumes+1","Accuracy+1","Storm of Steel","Finisher","Outmaneuver","Caltrops+1","Bouncing Flask","Blade Dance"],"relics":["Ring of the Snake","Frozen Egg 2","Oddly Smooth Stone","Ornamental Fan","Shuriken","Busted Crown","Meat on the Bone"],"potions_floor_usage":[7,13,27],"damage_taken":[{"damage":1,"enemies":"2 Louse","floor":1,"turns":3},{"damage":1,"enemies":"Small Slimes","floor":2,"turns":4},{"damage":7,"enemies":"Jaw Worm","floor":3,"turns":4},{"damage":26,"enemies":"Lagavulin","floor":7,"turns":8},{"damage":10,"enemies":"Gremlin Gang","floor":8,"turns":6},{"damage":11,"enemies":"Gremlin Nob","floor":13,"turns":4},{"damage":27,"enemies":"Slime Boss","floor":16,"turns":9},{"damage":12,"enemies":"Spheric Guardian","floor":18,"turns":4},{"damage":17,"enemies":"3 Byrds","floor":21,"turns":5},{"damage":24,"enemies":"Snake Plant","floor":24,"turns":3},{"damage":8,"enemies":"Centurion and Healer","floor":27,"turns":2}],"seed_played":"8187942590824070033","potions_obtained":[{"floor":3,"key":"Strength Potion"},{"floor":7,"key":"Strength Potion"},{"floor":18,"key":"Dexterity Potion"}],"is_trial":false,"path_per_floor":["M","M","M","?","$","R","E","M","T","R","?","R","E","?","R","B",null,"M","?","?","M","?","$","M","$","T","M"],"character_chosen":"THE_SILENT","items_purchased":["Deadly Poison","Caltrops+1","Bouncing Flask"],"campfire_rested":2,"item_purchase_floors":[5,23,23],"current_hp_per_floor":[62,61,54,54,54,54,28,18,18,39,39,60,49,42,42,15,56,44,44,44,27,27,27,3,3,3,0],"gold":123,"neow_bonus":"TRANSFORM_CARD","is_prod":false,"is_daily":false,"chose_seed":false,"campfire_upgraded":2,"win_rate":0,"timestamp":1544938394,"path_taken":["M","M","M","?","$","R","E","M","T","R","?","R","E","?","R","BOSS","M","?","?","?","?","$","M","$","T","M"],"build_version":"2018-12-13","purchased_purges":1,"victory":false,"max_hp_per_floor":[70,70,70,70,70,70,70,70,70,70,70,70,70,70,70,70,70,70,70,70,70,70,70,70,70,70,70],"card_choices":[{"not_picked":["Eviscerate","Finisher"],"picked":"Sucker Punch","floor":1},{"not_picked":["Outmaneuver","Prepared"],"picked":"Poisoned Stab","floor":2},{"not_picked":["Blade Dance","Quick Slash"],"picked":"Cloak And Dagger","floor":3},{"not_picked":["Blade Dance","Dodge and Roll"],"picked":"Phantasmal Killer","floor":7},{"not_picked":["Leg Sweep","Outmaneuver"],"picked":"Noxious Fumes+1","floor":8},{"not_picked":["Quick Slash","Calculated Gamble"],"picked":"Accuracy+1","floor":13},{"not_picked":["Phantasmal Killer","Die Die Die"],"picked":"Storm of Steel","floor":16},{"not_picked":[],"picked":"Finisher","floor":18},{"not_picked":["Predator"],"picked":"SKIP","floor":21},{"not_picked":[],"picked":"Blade Dance","floor":24}],"player_experience":2067408,"relics_obtained":[{"floor":7,"key":"Oddly Smooth Stone"},{"floor":9,"key":"Ornamental Fan"},{"floor":13,"key":"Shuriken"},{"floor":26,"key":"Meat on the Bone"}],"event_choices":[{"damage_healed":0,"gold_gain":0,"player_choice":"Box","damage_taken":0,"relics_obtained":["Frozen Egg 2"],"max_hp_gain":0,"max_hp_loss":0,"event_name":"Big Fish","floor":4,"gold_loss":0,"cards_obtained":["Regret"]},{"damage_healed":0,"gold_gain":0,"player_choice":"Left Gold","damage_taken":0,"max_hp_gain":0,"max_hp_loss":0,"event_name":"World of Goop","floor":11,"gold_loss":24},{"cards_removed":["Strike_G"],"damage_healed":0,"gold_gain":0,"player_choice":"Card Removal","damage_taken":7,"max_hp_gain":0,"max_hp_loss":0,"event_name":"Golden Wing","floor":14,"gold_loss":0},{"damage_healed":0,"gold_gain":0,"player_choice":"Simplicity","damage_taken":0,"max_hp_gain":0,"max_hp_loss":0,"event_name":"Back to Basics","floor":19,"gold_loss":0,"cards_upgraded":["Defend_G","Defend_G","Defend_G","Defend_G","Defend_G","Strike_G","Strike_G","Strike_G"]},{"damage_healed":0,"gold_gain":0,"cards_transformed":["Defend_G"],"player_choice":"Transformed","damage_taken":0,"max_hp_gain":0,"max_hp_loss":0,"event_name":"Transmorgrifier","floor":20,"gold_loss":0,"cards_obtained":["Outmaneuver"]},{"damage_healed":0,"gold_gain":0,"player_choice":"Ignored","damage_taken":0,"max_hp_gain":0,"max_hp_loss":0,"event_name":"Ghosts","floor":22,"gold_loss":0}],"is_beta":false,"boss_relics":[{"not_picked":["WristBlade","Black Star"],"picked":"Busted Crown"}],"items_purged_floors":[5],"is_endless":false,"potions_floor_spawned":[3,7,18],"killed_by":"Centurion and Healer","ascension_level":13}