{"path_per_floor":["M","M","?","M","M","R","E","?","T","M","R","M","E","T","R","B",null,"M","M","?","?"],"character_chosen":"DEFECT","items_purchased":[],"gold_per_floor":[116,136,86,97,107,107,142,142,142,154,154,174,203,203,203,302,302,322,338,338,338,338],"floor_reached":22,"campfire_rested":2,"playtime":524298,"item_purchase_floors":[],"current_hp_per_floor":[75,74,74,74,52,52,31,24,24,20,42,42,21,21,43,38,75,58,55,55,55,0],"items_purged":[],"gold":338,"score":206,"play_id":"3f1e68ff-96a2-4025-b896-199cb4e2ff64","local_time":"20180623014148","is_prod":false,"is_daily":false,"chose_seed":false,"is_ascension_mode":true,"campfire_upgraded":1,"win_rate":0.0,"timestamp":1529732508,"campfire_choices":[{"data":"Static Discharge","floor":6,"key":"SMITH"},{"floor":11,"key":"REST"},{"floor":15,"key":"REST"}],"path_taken":["M","M","?","M","M","R","E","?","T","?","R","M","E","?","R","BOSS","M","M","?","?","M"],"build_version":"2018-06-14v2","seed_source_timestamp":1086858428945971,"purchased_purges":0,"victory":false,"master_deck":["Strike_B","Strike_B","Defend_B","Defend_B","Defend_B","Defend_B","Zap","Dualcast+1","Static Discharge+1","Ball Lightning","Ball Lightning","Static Discharge","Force Field","Loop","Multi-Cast","Steam","Echo Form","Conserve Battery","Undo","Fusion"],"max_hp_per_floor":[75,75,75,75,75,75,75,75,75,75,75,75,75,75,75,75,75,75,75,75,75,75],"special_seed":17699,"relics":["Cracked Core","Bag of Marbles","Dodecahedron","Ice Cream","Potion Belt","Velvet Choker"],"card_choices":[{"not_picked":["Stack","Barrage"],"picked":"Static Discharge","floor":1},{"not_picked":["Go for the Eyes","Skim"],"picked":"Ball Lightning","floor":2},{"not_picked":["Compile Driver","Defragment"],"picked":"Ball Lightning","floor":4},{"not_picked":["Cold Snap","Coolheaded"],"picked":"Static Discharge","floor":5},{"not_picked":["Hologram","Redo"],"picked":"Force Field","floor":7},{"not_picked":["Chaos","Auto Shields"],"picked":"Loop","floor":10},{"not_picked":["Sunder","Cold Snap"],"picked":"Multi-Cast","floor":12},{"not_picked":["Meteor Strike","Beam Cell"],"picked":"Steam","floor":13},{"not_picked":["Buffer","Rainbow"],"picked":"Echo Form","floor":16},{"not_picked":["Cold Snap","Capacitor"],"picked":"Conserve Battery","floor":18},{"not_picked":["Compile Driver+1","Gash"],"picked":"Undo","floor":19}],"player_experience":600809,"potions_floor_usage":[16,16,16],"damage_taken":[{"damage":0,"enemies":"Small Slimes","floor":1,"turns":3},{"damage":1,"enemies":"Cultist","floor":2,"turns":3},{"damage":0,"enemies":"2 Louse","floor":4,"turns":3},{"damage":22,"enemies":"Exordium Wildlife","floor":5,"turns":4},{"damage":21,"enemies":"Lagavulin","floor":7,"turns":4},{"damage":4,"enemies":"2 Fungi Beasts","floor":10,"turns":2},{"damage":0,"enemies":"Looter","floor":12,"turns":2},{"damage":21,"enemies":"Gremlin Nob","floor":13,"turns":3},{"damage":5,"enemies":"Hexaghost","floor":16,"turns":7},{"damage":17,"enemies":"Spheric Guardian","floor":18,"turns":4},{"damage":3,"enemies":"Shell Parasite","floor":19,"turns":5},{"damage":62,"enemies":"Cultist and Chosen","floor":22,"turns":5}],"relics_obtained":[{"floor":7,"key":"Bag of Marbles"},{"floor":9,"key":"Dodecahedron"},{"floor":13,"key":"Ice Cream"},{"floor":14,"key":"Potion Belt"}],"event_choices":[{"event_name":"The Cleric","player_choice":"Card Removal","floor":3,"damage_taken":0},{"event_name":"Golden Wing","player_choice":"Card Removal","floor":8,"damage_taken":0},{"event_name":"The Library","player_choice":"Read","floor":20,"damage_taken":0},{"event_name":"Cursed Tome","player_choice":"Ignored","floor":21,"damage_taken":0}],"boss_relics":[{"not_picked":["White Beast Statue","Lizard Tail"],"picked":"Velvet Choker"}],"items_purged_floors":[],"is_endless":false,"potions_floor_spawned":[4,7,10,12,16],"seed_played":"-4647559375247131140","killed_by":"Cultist and Chosen","ascension_level":1,"potions_obtained":[{"floor":4,"key":"PowerPotion"},{"floor":7,"key":"SkillPotion"},{"floor":10,"key":"Block Potion"},{"floor":12,"key":"PowerPotion"},{"floor":16,"key":"FearPotion"}],"is_trial":false}