{"gold_per_floor":[116,127,139,139,41,41,82,82,108,108,108,148,173,192,192,311,311,334,358,23,48,66,66,66,99,99,115,115,140,140,179,179,179],"floor_reached":33,"playtime":2233,"items_purged":["Strike_R"],"score":320,"play_id":"3a36bb60-dc29-4665-a81a-43cb534a1e96","local_time":"20191001002315","is_ascension_mode":false,"campfire_choices":[{"data":"Perfected Strike","floor":6,"key":"SMITH"},{"data":"Berserk","floor":10,"key":"SMITH"},{"data":"Bash","floor":15,"key":"SMITH"},{"data":"Pommel Strike","floor":24,"key":"SMITH"},{"data":"Ghostly Armor","floor":28,"key":"SMITH"},{"data":"Shrug It Off","floor":30,"key":"SMITH"},{"data":"Heavy Blade","floor":32,"key":"SMITH"}],"neow_cost":"TEN_PERCENT_HP_LOSS","seed_source_timestamp":90325138926100,"circlet_count":0,"master_deck":["Strike_R","Strike_R","Strike_R","Strike_R+1","Defend_R","Defend_R","Defend_R","Defend_R+1","Bash+1","Berserk+1","Perfected Strike+1","Twin Strike","Intimidate+1","Heavy Blade+1","Clothesline","Corruption+1","Heavy Blade+1","Juggernaut+1","Rampage+1","Ghostly Armor+1","Pommel Strike","Pommel Strike+1","Inflame+1","Barricade+1","Shrug It Off+1","True Grit"],"relics":["Burning Blood","Golden Idol","PreservedInsect","Oddly Smooth Stone","War Paint","Frozen Egg 2","Velvet Choker","Red Skull","Shuriken","Matryoshka","Bag of Marbles","Bag of Preparation","Whetstone"],"potions_floor_usage":[12,13,16,25,25],"damage_taken":[{"damage":9,"enemies":"Cultist","floor":1,"turns":3},{"damage":8,"enemies":"Jaw Worm","floor":2,"turns":4},{"damage":4,"enemies":"2 Louse","floor":3,"turns":3},{"damage":26,"enemies":"Gremlin Nob","floor":7,"turns":4},{"damage":0,"enemies":"Lagavulin","floor":12,"turns":4},{"damage":14,"enemies":"Exordium Thugs","floor":13,"turns":4},{"damage":0,"enemies":"Red Slaver","floor":14,"turns":2},{"damage":24,"enemies":"The Guardian","floor":16,"turns":9},{"damage":21,"enemies":"Shell Parasite","floor":18,"turns":5},{"damage":37,"enemies":"2 Thieves","floor":21,"turns":3},{"damage":14,"enemies":"Chosen and Byrds","floor":22,"turns":4},{"damage":20,"enemies":"Slavers","floor":25,"turns":4},{"damage":20,"enemies":"Shelled Parasite and Fungi","floor":27,"turns":6},{"damage":1,"enemies":"Cultist and Chosen","floor":29,"turns":5},{"damage":12,"enemies":"Book of Stabbing","floor":31,"turns":4},{"damage":54,"enemies":"Automaton","floor":33,"turns":6}],"seed_played":"6933052606222422398","potions_obtained":[{"floor":1,"key":"Explosive Potion"},{"floor":7,"key":"Block Potion"},{"floor":12,"key":"Explosive Potion"},{"floor":16,"key":"Ancient Potion"},{"floor":18,"key":"Strength Potion"},{"floor":21,"key":"Poison Potion"}],"is_trial":false,"path_per_floor":["M","M","M","?","$","R","E","?","T","R","?","E","M","M","R","B",null,"M","T","$","M","M","?","R","E","T","M","R","M","R","E","R","B"],"character_chosen":"IRONCLAD","items_purchased":["Heavy Blade","Shuriken","Ghostly Armor","Pommel Strike"],"campfire_rested":0,"item_purchase_floors":[5,20,20,20],"current_hp_per_floor":[69,67,69,51,51,51,31,31,31,31,24,30,22,28,28,10,72,57,57,57,26,18,72,72,58,58,44,44,49,49,43,43,0],"gold":179,"neow_bonus":"THREE_RARE_CARDS","is_prod":false,"is_daily":false,"chose_seed":false,"campfire_upgraded":7,"win_rate":0.0,"timestamp":1569860595,"path_taken":["M","M","?","?","$","R","E","?","T","R","?","E","?","M","R","BOSS","M","?","$","M","M","?","R","E","T","M","R","M","R","E","R","BOSS"],"build_version":"2019-07-17","purchased_purges":1,"victory":false,"max_hp_per_floor":[72,72,72,72,72,72,72,72,72,72,72,72,72,72,72,72,72,72,72,72,72,72,72,72,72,72,72,72,72,72,72,72,72],"card_choices":[{"not_picked":["Brutality","Offering"],"picked":"Berserk","floor":0},{"not_picked":["Pommel Strike","Warcry"],"picked":"Perfected Strike","floor":1},{"not_picked":["Feel No Pain","Warcry"],"picked":"Twin Strike","floor":2},{"not_picked":["Clash","Dropkick"],"picked":"Intimidate","floor":3},{"not_picked":["Disarm","Fiend Fire"],"picked":"Clothesline","floor":7},{"not_picked":["Dropkick","Dual Wield"],"picked":"Corruption","floor":12},{"not_picked":["Clash","Anger"],"picked":"Seeing Red","floor":13},{"not_picked":["Flex","Anger"],"picked":"Heavy Blade","floor":14},{"not_picked":["Berserk+1","Dark Embrace+1"],"picked":"Juggernaut+1","floor":16},{"not_picked":["Cleave","Clash"],"picked":"Rampage+1","floor":18},{"not_picked":["Reckless Charge+1","Anger"],"picked":"Pommel Strike","floor":21},{"not_picked":["Searing Blow","True Grit+1"],"picked":"Inflame+1","floor":22},{"not_picked":["Body Slam","Cleave"],"picked":"Barricade+1","floor":25},{"not_picked":["Anger+1","Pommel Strike","Thunderclap"],"picked":"SKIP","floor":27},{"not_picked":["Berserk+1","Reckless Charge"],"picked":"Shrug It Off","floor":29},{"not_picked":["Sever Soul","Fire Breathing+1"],"picked":"True Grit","floor":31}],"player_experience":53334,"relics_obtained":[{"floor":7,"key":"PreservedInsect"},{"floor":9,"key":"Oddly Smooth Stone"},{"floor":12,"key":"Frozen Egg 2"},{"floor":19,"key":"Red Skull"},{"floor":25,"key":"Matryoshka"},{"floor":26,"key":"Bag of Marbles"},{"floor":26,"key":"Bag of Preparation"},{"floor":31,"key":"Whetstone"}],"event_choices":[{"damage_healed":0,"gold_gain":0,"player_choice":"Take Damage","damage_taken":18,"relics_obtained":["Golden Idol"],"max_hp_gain":0,"max_hp_loss":0,"event_name":"Golden Idol","floor":4,"gold_loss":0},{"damage_healed":0,"gold_gain":0,"player_choice":"Ignored","damage_taken":0,"max_hp_gain":0,"max_hp_loss":0,"event_name":"Liars Game","floor":8,"gold_loss":0},{"damage_healed":0,"gold_gain":0,"player_choice":"Success","damage_taken":7,"relics_obtained":["War Paint"],"max_hp_gain":0,"max_hp_loss":0,"event_name":"Scrap Ooze","floor":11,"gold_loss":0},{"cards_removed":["Seeing Red"],"damage_healed":54,"gold_gain":0,"player_choice":"Offered Uncommon","damage_taken":0,"max_hp_gain":0,"max_hp_loss":0,"event_name":"Bonfire Elementals","floor":23,"gold_loss":0}],"is_beta":false,"boss_relics":[{"not_picked":["Mark of Pain","Philosopher\u0027s Stone"],"picked":"Velvet Choker"}],"items_purged_floors":[5],"is_endless":false,"potions_floor_spawned":[1,7,12,16,18,21],"killed_by":"Automaton","ascension_level":0}