{"gold_per_floor":[119,136,36,54,64,94,94,113,161,194,232,259,271,293,305,391,403,433,459,481,153,153,153,166,194,194,194,206,220,220,255,255,255],"floor_reached":33,"playtime":3846,"items_purged":["Strike_R"],"score":542,"play_id":"b7429182-44df-4791-8262-c21d4d44ef8c","local_time":"20190404211857","is_ascension_mode":true,"campfire_choices":[{"data":"Whirlwind","floor":7.0,"key":"SMITH"},{"data":"Bloodletting","floor":13.0,"key":"SMITH"},{"floor":15.0,"key":"REST"},{"floor":23,"key":"REST"},{"data":"Bludgeon","floor":27,"key":"SMITH"},{"floor":32,"key":"REST"}],"neow_cost":"NONE","seed_source_timestamp":2010828743624342,"circlet_count":0,"master_deck":["AscendersBane","Strike_R","Strike_R","Strike_R","Defend_R","Defend_R","Defend_R","Defend_R+1","Bash","Shockwave","Anger","Iron Wave","Whirlwind+1","Shrug It Off+1","Spot Weakness","Bloodletting+1","Pummel","Bludgeon+1","Armaments+1","True Grit+1","True Grit+1","Demon Form","Feel No Pain","Flex+1","Disarm+1","Spot Weakness+1","Flame Barrier+1","Ghostly Armor+1","Ghostly Armor+1","Decay","Fiend Fire+1"],"special_seed":0,"relics":["Burning Blood","Vajra","MawBank","Odd Mushroom","Toxic Egg 2","Black Star","Mercury Hourglass","Nilry\u0027s Codex","Red Skull","Happy Flower","War Paint","Ancient Tea Set","Molten Egg 2"],"potions_floor_usage":[24,28,31],"damage_taken":[{"damage":8.0,"enemies":"Small Slimes","floor":1.0,"turns":5.0},{"damage":5.0,"enemies":"2 Louse","floor":2.0,"turns":3.0},{"damage":2.0,"enemies":"Jaw Worm","floor":4.0,"turns":4.0},{"damage":7.0,"enemies":"Lots of Slimes","floor":5.0,"turns":2.0},{"damage":27.0,"enemies":"3 Sentries","floor":6.0,"turns":6.0},{"damage":9.0,"enemies":"Exordium Wildlife","floor":8.0,"turns":2.0},{"damage":6.0,"enemies":"The Mushroom Lair","floor":10.0,"turns":3.0},{"damage":32.0,"enemies":"Lagavulin","floor":11.0,"turns":7.0},{"damage":0.0,"enemies":"Looter","floor":12.0,"turns":2.0},{"damage":0.0,"enemies":"Large Slime","floor":14.0,"turns":4.0},{"damage":32.0,"enemies":"Hexaghost","floor":16.0,"turns":12.0},{"damage":3.0,"enemies":"3 Byrds","floor":18.0,"turns":4.0},{"damage":9,"enemies":"Shell Parasite","floor":19,"turns":4},{"damage":15,"enemies":"Cultist and Chosen","floor":20,"turns":6},{"damage":0,"enemies":"Chosen and Byrds","floor":24,"turns":4},{"damage":25,"enemies":"Slavers","floor":25,"turns":3},{"damage":5,"enemies":"Snecko","floor":28,"turns":4},{"damage":3,"enemies":"Snake Plant","floor":29,"turns":6},{"damage":40,"enemies":"Gremlin Leader","floor":31,"turns":7},{"damage":34,"enemies":"Collector","floor":33,"turns":7}],"seed_played":"6938452591633357167","potions_obtained":[{"floor":1.0,"key":"Strength Potion"},{"floor":8.0,"key":"Fire Potion"},{"floor":14.0,"key":"Fire Potion"},{"floor":19,"key":"Explosive Potion"},{"floor":20,"key":"Poison Potion"},{"floor":24,"key":"GamblersBrew"},{"floor":25,"key":"Swift Potion"}],"is_trial":false,"path_per_floor":["M","M","$","M","M","E","R","M","T","?","E","M","R","M","R","B",null,"M","M","M","$","?","R","M","E","T","R","M","M","?","E","R","B"],"character_chosen":"IRONCLAD","items_purchased":["Whirlwind","Shrug It Off","Mercury Hourglass"],"campfire_rested":3,"item_purchase_floors":[3,3,21],"current_hp_per_floor":[66,67,67,71,70,49,49,46,46,46,20,26,26,32,54,28,63,66,63,54,54,33,55,61,42,42,42,43,46,46,12,34,0],"gold":255,"neow_bonus":"TRANSFORM_CARD","is_prod":false,"is_daily":false,"chose_seed":false,"campfire_upgraded":3,"win_rate":0,"timestamp":1554427137,"path_taken":["M","M","$","M","M","E","R","M","T","?","E","M","R","M","R","BOSS","M","M","M","$","?","R","M","E","T","R","M","M","?","E","R","BOSS"],"build_version":"2019-01-23","purchased_purges":1,"victory":false,"max_hp_per_floor":[75,75,75,75,75,75,75,75,75,75,75,75,75,75,75,75,75,75,75,75,75,75,75,75,75,75,75,75,75,75,75,75,75],"card_choices":[{"not_picked":["Body Slam","Warcry"],"picked":"Anger","floor":1.0},{"not_picked":["Corruption","Reckless Charge"],"picked":"Iron Wave","floor":2.0},{"not_picked":["Heavy Blade","Sword Boomerang","Twin Strike"],"picked":"SKIP","floor":4.0},{"not_picked":["Cleave","Iron Wave"],"picked":"Spot Weakness","floor":5.0},{"not_picked":["Clash","Sword Boomerang"],"picked":"Bloodletting","floor":6.0},{"not_picked":["Sever Soul","Carnage"],"picked":"Pummel","floor":8.0},{"not_picked":["Perfected Strike","Armaments"],"picked":"Bludgeon","floor":10.0},{"not_picked":["Pommel Strike","Havoc"],"picked":"Armaments","floor":11.0},{"not_picked":["Rupture","Uppercut"],"picked":"True Grit+1","floor":12.0},{"not_picked":["Havoc+1","Wild Strike"],"picked":"True Grit+1","floor":14.0},{"not_picked":["Double Tap+1","Juggernaut"],"picked":"Demon Form","floor":16.0},{"not_picked":["Thunderclap","True Grit+1"],"picked":"Feel No Pain","floor":18.0},{"not_picked":["Anger","Perfected Strike"],"picked":"Flex+1","floor":19},{"not_picked":["Dual Wield+1","Iron Wave+1"],"picked":"Disarm+1","floor":20},{"not_picked":["Pummel","Havoc+1"],"picked":"Spot Weakness+1","floor":24},{"not_picked":["Rage+1","Shrug It Off+1"],"picked":"Flame Barrier+1","floor":25},{"not_picked":["Sword Boomerang","Searing Blow"],"picked":"Ghostly Armor+1","floor":28},{"not_picked":["Wild Strike","Twin Strike"],"picked":"Ghostly Armor+1","floor":29},{"not_picked":["Feel No Pain","Rampage"],"picked":"Fiend Fire","floor":31}],"player_experience":2452565,"relics_obtained":[{"floor":6.0,"key":"Vajra"},{"floor":9.0,"key":"MawBank"},{"floor":10.0,"key":"Odd Mushroom"},{"floor":11.0,"key":"Toxic Egg 2"},{"floor":22,"key":"Nilry\u0027s Codex"},{"floor":25,"key":"Red Skull"},{"floor":25,"key":"Happy Flower"},{"floor":26,"key":"War Paint"},{"floor":31,"key":"Ancient Tea Set"},{"floor":31,"key":"Molten Egg 2"}],"event_choices":[{"damage_healed":0.0,"max_hp_gain":0.0,"max_hp_loss":0.0,"gold_gain":0.0,"event_name":"Mushrooms","player_choice":"Fought Mushrooms","floor":10.0,"gold_loss":0.0,"damage_taken":0.0},{"damage_healed":0,"gold_gain":0,"player_choice":"Obtained Book","damage_taken":21,"max_hp_gain":0,"max_hp_loss":0,"event_name":"Cursed Tome","floor":22,"gold_loss":0},{"damage_healed":0,"gold_gain":0,"player_choice":"Smashed Altar","damage_taken":0,"max_hp_gain":0,"max_hp_loss":0,"event_name":"Forgotten Altar","floor":30,"gold_loss":0,"cards_obtained":["Decay"]}],"is_beta":false,"boss_relics":[{"not_picked":["Lizard Tail","Eternal Feather"],"picked":"Black Star"}],"items_purged_floors":[21],"is_endless":false,"potions_floor_spawned":[1,8,14,16,19,20,24,25],"killed_by":"Collector","ascension_level":16}