{"gold_per_floor":[111,111,129,129,229,262,274,312,400,429,441,464,431],"floor_reached":13,"playtime":909,"items_purged":[],"score":140,"play_id":"ccfcdfd3-9e1a-4821-88ef-364af1284948","local_time":"20180919003950","is_ascension_mode":true,"campfire_choices":[{"floor":7,"key":"REST"}],"neow_cost":"PERCENT_DAMAGE","seed_source_timestamp":213632076813622,"circlet_count":0,"master_deck":["Strike_R","Strike_R","Strike_R","Strike_R","Defend_R","Defend_R","Defend_R","Bash","AscendersBane","Flex","Sword Boomerang","Blood for Blood","Feed","Shrug It Off","Flex"],"relics":["Burning Blood","MawBank","Blue Candle","Question Card","Vajra"],"potions_floor_usage":[8,8],"damage_taken":[{"damage":9,"enemies":"Jaw Worm","floor":1,"turns":5},{"damage":10,"enemies":"Small Slimes","floor":3,"turns":4},{"damage":50,"enemies":"Lagavulin","floor":6,"turns":6},{"damage":40,"enemies":"3 Sentries","floor":8,"turns":9},{"damage":1,"enemies":"Cultist","floor":10,"turns":3},{"damage":20,"enemies":"Exordium Thugs","floor":12,"turns":5},{"damage":13,"enemies":"Looter","floor":13,"turns":3}],"seed_played":"-7616452556292677048","potions_obtained":[{"floor":3,"key":"Explosive Potion"},{"floor":6,"key":"SpeedPotion"}],"is_trial":false,"path_per_floor":["M","?","M","?","?","E","R","E","T","M","?","M"],"character_chosen":"IRONCLAD","items_purchased":[],"campfire_rested":1,"item_purchase_floors":[],"current_hp_per_floor":[48,48,44,80,80,36,60,26,26,31,24,10,0],"gold":431,"neow_bonus":"REMOVE_TWO","is_prod":false,"is_daily":false,"chose_seed":false,"campfire_upgraded":0,"win_rate":0,"timestamp":1537331990,"path_taken":["M","?","M","?","?","E","R","E","T","M","?","M","M"],"build_version":"2018-08-23v2","purchased_purges":0,"victory":false,"max_hp_per_floor":[80,80,80,80,80,80,80,80,80,80,80,80,80],"card_choices":[{"not_picked":["Iron Wave","Body Slam"],"picked":"Flex","floor":1},{"not_picked":["Twin Strike","Iron Wave"],"picked":"Sword Boomerang","floor":3},{"not_picked":["Pommel Strike","Pummel"],"picked":"Blood for Blood","floor":6},{"not_picked":["Battle Trance","Shrug It Off"],"picked":"Feed","floor":8},{"not_picked":["Clothesline","Pommel Strike","Ghostly Armor"],"picked":"Shrug It Off","floor":10},{"not_picked":["Carnage","Heavy Blade","Sword Boomerang"],"picked":"Flex","floor":12}],"player_experience":1741694,"relics_obtained":[{"floor":6,"key":"MawBank"},{"floor":8,"key":"Blue Candle"},{"floor":9,"key":"Question Card"}],"event_choices":[{"event_name":"Shining Light","player_choice":"Ignored","floor":2,"damage_taken":0},{"event_name":"Wheel of Change","player_choice":"Full Heal","floor":4,"damage_taken":0},{"event_name":"Golden Shrine","player_choice":"Pray","floor":5,"damage_taken":0},{"event_name":"Scrap Ooze","player_choice":"success","floor":11,"damage_taken":7}],"is_beta":false,"boss_relics":[],"items_purged_floors":[],"is_endless":false,"potions_floor_spawned":[3,6],"killed_by":"Looter","ascension_level":10}