{"gold_per_floor":[118,135,153,163,173,173,205,222,222,222],"floor_reached":10,"playtime":537,"items_purged":[],"score":115,"play_id":"98e56320-ca8e-4b04-80a2-e1687ff7f781","local_time":"20181221165500","is_ascension_mode":true,"campfire_choices":[{"data":"Zap","floor":6,"key":"SMITH"}],"neow_cost":"NONE","seed_source_timestamp":1077296772336224,"circlet_count":0,"master_deck":["AscendersBane","Strike_B","Strike_B","Strike_B","Strike_B","Defend_B","Defend_B","Defend_B","Defend_B","Zap+1","Dualcast","Madness","Gash","Gash","Sunder","Redo","Go for the Eyes","Skim","Conserve Battery"],"relics":["Cracked Core","Dodecahedron","Gremlin Horn"],"potions_floor_usage":[5,7],"damage_taken":[{"damage":7,"enemies":"Small Slimes","floor":1,"turns":3},{"damage":1,"enemies":"Cultist","floor":2,"turns":4},{"damage":7,"enemies":"Jaw Worm","floor":3,"turns":3},{"damage":1,"enemies":"3 Louse","floor":4,"turns":3},{"damage":1,"enemies":"2 Fungi Beasts","floor":5,"turns":2},{"damage":37,"enemies":"Gremlin Nob","floor":7,"turns":4},{"damage":13,"enemies":"Large Slime","floor":8,"turns":5},{"damage":3,"enemies":"The Mushroom Lair","floor":10,"turns":1}],"seed_played":"-3509504229416022691","potions_obtained":[{"floor":3,"key":"Explosive Potion"},{"floor":5,"key":"FocusPotion"}],"is_trial":false,"path_per_floor":["M","M","M","M","M","R","E","M","T","?"],"character_chosen":"DEFECT","items_purchased":[],"campfire_rested":0,"item_purchase_floors":[],"current_hp_per_floor":[61,60,53,52,51,51,14,1,1,0],"gold":222,"neow_bonus":"RANDOM_COLORLESS","is_prod":false,"is_daily":false,"chose_seed":false,"campfire_upgraded":1,"win_rate":0,"timestamp":1545429300,"path_taken":["M","M","M","M","M","R","E","M","T","?"],"build_version":"2018-12-13","purchased_purges":0,"victory":false,"max_hp_per_floor":[75,75,75,75,75,75,75,75,75,75],"card_choices":[{"not_picked":["Hologram","Streamline"],"picked":"Gash","floor":1},{"not_picked":["Tempest","Cold Snap"],"picked":"Gash","floor":2},{"not_picked":["Coolheaded","White Noise"],"picked":"Sunder","floor":3},{"not_picked":["Lockon","Fusion"],"picked":"Redo","floor":4},{"not_picked":["Cold Snap","Sunder"],"picked":"Go for the Eyes","floor":5},{"not_picked":["Glacier","Cold Snap"],"picked":"Skim","floor":7},{"not_picked":["White Noise","Ball Lightning"],"picked":"Conserve Battery","floor":8}],"player_experience":2089860,"relics_obtained":[{"floor":7,"key":"Dodecahedron"},{"floor":9,"key":"Gremlin Horn"}],"event_choices":[{"damage_healed":0,"gold_gain":0,"player_choice":"Fought Mushrooms","damage_taken":0,"max_hp_gain":0,"max_hp_loss":0,"event_name":"Mushrooms","floor":10,"gold_loss":0}],"is_beta":false,"boss_relics":[],"items_purged_floors":[],"is_endless":false,"potions_floor_spawned":[3,5],"killed_by":"The Mushroom Lair","ascension_level":12}