{"gold_per_floor":[116,127,146,321,29,64,64,17,17,30,30,45,80,10,10,115,115,133,148,148,160,178,178,203,216,216,229,229,15,15,35,35,139,139,153,113,124,37,37,37,11,27,27,38,57,57,68,68],"floor_reached":48,"playtime":4541,"items_purged":["Doubt"],"score":541,"play_id":"85281d46-d1a8-416b-b789-0e3750119e63","local_time":"20190702141906","is_ascension_mode":false,"campfire_choices":[{"floor":7,"key":"REST"},{"floor":11,"key":"REST"},{"data":"Chill","floor":15,"key":"SMITH"},{"floor":23,"key":"REST"},{"floor":30,"key":"REST"},{"floor":32,"key":"REST"},{"floor":40,"key":"REST"},{"floor":46,"key":"REST"}],"neow_cost":"NONE","seed_source_timestamp":732333303971525,"circlet_count":0,"master_deck":["Strike_B","Strike_B","Strike_B","Strike_B","Defend_B","Defend_B","Defend_B","Zap","Dualcast","Chill+1","Coolheaded","Gash","Gash","Rip and Tear","Turbo+1","Gash+1","Coolheaded","Doom and Gloom+1","Coolheaded","Barrage+1","Meteor Strike+1","Conserve Battery","Glacier+1","Redo","FTL+1","Darkness+1","Seek","Streamline+1","White Noise","Deep Breath","Cold Snap+1","Conserve Battery+1","Seek","Ball Lightning+1","Chaos+1","Capacitor","Stack","Coolheaded","Sunder+1","Cold Snap+1","Parasite","Conserve Battery+1","Glacier+1"],"relics":["Cracked Core","TheAbacus","Calipers","Molten Egg 2","Ornamental Fan","Lizard Tail","Pen Nib","Pocketwatch","Mummified Hand","Pantograph","Runic Pyramid","Torii"],"potions_floor_usage":[6,13,18,21,24,27,33,44,44,48],"damage_taken":[{"damage":12,"enemies":"Small Slimes","floor":1,"turns":4},{"damage":13,"enemies":"Jaw Worm","floor":2,"turns":4},{"damage":2,"enemies":"Cultist","floor":3,"turns":4},{"damage":13,"enemies":"Gremlin Nob","floor":6,"turns":5},{"damage":0,"enemies":"Lots of Slimes","floor":10,"turns":5},{"damage":11,"enemies":"Large Slime","floor":12,"turns":5},{"damage":0,"enemies":"3 Sentries","floor":13,"turns":7},{"damage":15,"enemies":"The Guardian","floor":16,"turns":7},{"damage":14,"enemies":"2 Thieves","floor":18,"turns":4},{"damage":6,"enemies":"Chosen","floor":19,"turns":6},{"damage":2,"enemies":"3 Cultists","floor":21,"turns":4},{"damage":4,"enemies":"Chosen and Byrds","floor":22,"turns":5},{"damage":29,"enemies":"Slavers","floor":24,"turns":9},{"damage":10,"enemies":"Sentry and Sphere","floor":25,"turns":4},{"damage":0,"enemies":"Snecko","floor":27,"turns":4},{"damage":0,"enemies":"Cultist and Chosen","floor":31,"turns":4},{"damage":82,"enemies":"Champ","floor":33,"turns":11},{"damage":40,"enemies":"3 Shapes","floor":35,"turns":5},{"damage":12,"enemies":"Orb Walker","floor":37,"turns":4},{"damage":17,"enemies":"3 Darklings","floor":42,"turns":8},{"damage":0,"enemies":"Spire Growth","floor":44,"turns":5},{"damage":9,"enemies":"Writhing Mass","floor":45,"turns":6},{"damage":0,"enemies":"Sphere and 2 Shapes","floor":47,"turns":4},{"damage":44,"enemies":"Reptomancer","floor":48,"turns":2}],"seed_played":"-7064508632299048195","potions_obtained":[{"floor":1,"key":"EssenceOfSteel"},{"floor":10,"key":"LiquidBronze"},{"floor":16,"key":"Strength Potion"},{"floor":19,"key":"Swift Potion"},{"floor":22,"key":"Dexterity Potion"},{"floor":24,"key":"Block Potion"},{"floor":25,"key":"Strength Potion"},{"floor":37,"key":"Strength Potion"},{"floor":42,"key":"SkillPotion"},{"floor":44,"key":"LiquidBronze"}],"is_trial":false,"path_per_floor":["M","M","M","?","$","E","R","$","T","M","R","M","E","$","R","B",null,"M","M","?","M","M","R","E","M","T","M","T","$","R","M","R","B",null,"M","?","M","$","?","R","$","M","T","M","M","R","M","E"],"character_chosen":"DEFECT","items_purchased":["Gash","TheAbacus","Turbo","Coolheaded","Barrage+1","White Noise","Deep Breath","Cold Snap+1","Capacitor","Stack","Coolheaded"],"campfire_rested":7,"item_purchase_floors":[5,5,8,14,14,29,29,29,38,38,41],"current_hp_per_floor":[63,50,48,48,48,35,57,57,57,57,75,64,64,64,64,49,75,61,55,55,53,49,71,42,32,32,32,32,32,54,54,75,37,75,35,35,23,23,23,45,45,28,28,28,19,41,41,0],"gold":68,"neow_bonus":"REMOVE_CARD","is_prod":false,"is_daily":false,"chose_seed":false,"campfire_upgraded":1,"win_rate":0.0,"timestamp":1562087946,"path_taken":["M","M","M","?","$","E","R","?","T","M","R","M","E","$","R","BOSS","M","M","?","M","M","R","E","M","T","M","?","$","R","M","R","BOSS","M","?","?","$","?","R","?","M","T","M","M","R","M","E"],"build_version":"2019-07-01","purchased_purges":1,"victory":false,"max_hp_per_floor":[75,75,75,75,75,75,75,75,75,75,75,75,75,75,75,75,75,75,75,75,75,75,75,75,75,75,75,75,75,75,75,75,75,75,75,75,75,75,75,75,75,75,75,75,75,75,75,75],"card_choices":[{"not_picked":["Hologram","Consume"],"picked":"Chill","floor":1},{"not_picked":["Rebound","Doom and Gloom"],"picked":"Coolheaded","floor":2},{"not_picked":["Conserve Battery","Skim"],"picked":"Gash","floor":3},{"not_picked":["Hello World","Doom and Gloom"],"picked":"Rip and Tear","floor":6},{"not_picked":["Steam","Leap"],"picked":"Gash+1","floor":10},{"not_picked":["Conserve Battery","Recycle"],"picked":"Coolheaded","floor":12},{"not_picked":["Skim","Thunder Strike+1"],"picked":"Doom and Gloom+1","floor":13},{"not_picked":["Fission","Reboot"],"picked":"Meteor Strike+1","floor":16},{"not_picked":["Go for the Eyes+1","Tempest"],"picked":"Conserve Battery","floor":18},{"not_picked":["Redo","Streamline+1"],"picked":"Glacier+1","floor":19},{"not_picked":["Buffer","Fusion"],"picked":"Redo","floor":21},{"not_picked":["Ball Lightning+1","Turbo"],"picked":"FTL+1","floor":22},{"not_picked":["Rebound+1","Defragment"],"picked":"Darkness+1","floor":24},{"not_picked":["Compile Driver+1","Barrage+1"],"picked":"Seek","floor":25},{"not_picked":["Conserve Battery","Compile Driver+1"],"picked":"Streamline+1","floor":27},{"not_picked":["Cold Snap+1","Turbo"],"picked":"Conserve Battery+1","floor":31},{"not_picked":["Multi-Cast","Thunder Strike+1"],"picked":"Seek","floor":33},{"not_picked":["Compile Driver+1","Rip and Tear+1"],"picked":"Ball Lightning+1","floor":35},{"not_picked":["Streamline+1","Beam Cell+1"],"picked":"Chaos+1","floor":37},{"not_picked":["Turbo","BootSequence+1"],"picked":"Sunder+1","floor":42},{"not_picked":["Rebound+1","Loop"],"picked":"Cold Snap+1","floor":44},{"not_picked":["Barrage+1","Seek"],"picked":"Conserve Battery+1","floor":45},{"not_picked":["Steam+1","Rebound+1"],"picked":"Glacier+1","floor":47}],"player_experience":51140,"relics_obtained":[{"floor":6,"key":"Calipers"},{"floor":9,"key":"Molten Egg 2"},{"floor":13,"key":"Ornamental Fan"},{"floor":24,"key":"Pocketwatch"},{"floor":26,"key":"Mummified Hand"},{"floor":28,"key":"Pantograph"},{"floor":43,"key":"Torii"}],"event_choices":[{"damage_healed":0,"gold_gain":175,"player_choice":"AGREE","damage_taken":0,"max_hp_gain":0,"max_hp_loss":0,"event_name":"Liars Game","floor":4,"gold_loss":0,"cards_obtained":["Doubt"]},{"damage_healed":0,"gold_gain":0,"player_choice":"Opened","damage_taken":0,"relics_obtained":["Pen Nib"],"max_hp_gain":0,"max_hp_loss":0,"event_name":"The Mausoleum","floor":20,"gold_loss":0},{"damage_healed":0,"gold_gain":0,"player_choice":"Upgrade","damage_taken":0,"max_hp_gain":0,"max_hp_loss":0,"event_name":"Designer","floor":36,"gold_loss":40,"cards_upgraded":["Turbo"]},{"damage_healed":0,"gold_gain":0,"player_choice":"Ignored","damage_taken":0,"max_hp_gain":0,"max_hp_loss":0,"event_name":"SecretPortal","floor":39,"gold_loss":0}],"is_beta":false,"boss_relics":[{"not_picked":["Fusion Hammer","Calling Bell"],"picked":"Lizard Tail"},{"not_picked":["Empty Cage","Busted Crown"],"picked":"Runic Pyramid"}],"items_purged_floors":[5],"is_endless":false,"potions_floor_spawned":[1,10,16,19,22,24,25,37,42,44],"killed_by":"Reptomancer","ascension_level":0}