{"gold_per_floor":[110,82,98,109,122,122,139,170,197,197,211,223,287,287,287,287],"floor_reached":16,"playtime":1363,"items_purged":[],"score":278,"play_id":"c00ff27d-cb30-48c9-87c9-608ccdcb16d7","local_time":"20190821211648","is_ascension_mode":true,"campfire_choices":[{"data":"True Grit","floor":6,"key":"SMITH"},{"data":"Metallicize","floor":10,"key":"SMITH"},{"data":"True Grit","floor":15,"key":"SMITH"}],"neow_cost":"PERCENT_DAMAGE","seed_source_timestamp":715707029198692,"circlet_count":0,"master_deck":["AscendersBane","Strike_R","Strike_R","Strike_R","Strike_R","Defend_R","Defend_R","Defend_R","Defend_R","Bash","Anger","True Grit+1","Shrug It Off","Metallicize+1","Metallicize","Thunderclap","True Grit+1","Clothesline","Power Through"],"relics":["Burning Blood","Kunai","Juzu Bracelet","Tiny Chest"],"potions_floor_usage":[8,8,13,13],"damage_taken":[{"damage":6,"enemies":"Small Slimes","floor":1,"turns":5},{"damage":6,"enemies":"Cultist","floor":3,"turns":3},{"damage":2,"enemies":"2 Louse","floor":4,"turns":3},{"damage":9,"enemies":"Looter","floor":5,"turns":3},{"damage":0,"enemies":"Red Slaver","floor":7,"turns":4},{"damage":0,"enemies":"Lagavulin","floor":8,"turns":10},{"damage":11,"enemies":"Large Slime","floor":11,"turns":11},{"damage":4,"enemies":"3 Louse","floor":12,"turns":5},{"damage":23,"enemies":"3 Sentries","floor":13,"turns":10},{"damage":81,"enemies":"Hexaghost","floor":16,"turns":16}],"seed_played":"4667427148378777176","potions_obtained":[{"floor":1,"key":"Strength Potion"},{"floor":7,"key":"SkillPotion"},{"floor":8,"key":"Regen Potion"},{"floor":11,"key":"BloodPotion"}],"is_trial":false,"path_per_floor":["M","$","M","M","M","R","M","E","T","R","M","M","E","?","R","B"],"character_chosen":"IRONCLAD","items_purchased":["True Grit"],"campfire_rested":0,"item_purchase_floors":[2],"current_hp_per_floor":[64,64,64,68,65,65,71,77,77,77,72,74,79,79,79,0],"gold":287,"neow_bonus":"TWENTY_PERCENT_HP_BONUS","is_prod":false,"is_daily":false,"chose_seed":false,"campfire_upgraded":3,"win_rate":0,"timestamp":1566436608,"path_taken":["M","$","M","M","M","R","M","E","T","R","M","M","E","?","R","BOSS"],"build_version":"2019-01-23","purchased_purges":0,"victory":false,"max_hp_per_floor":[89,89,89,89,89,89,89,89,89,89,89,89,89,89,89,89],"card_choices":[{"not_picked":["Second Wind","Armaments"],"picked":"Anger","floor":1},{"not_picked":["Corruption","Warcry","Clash"],"picked":"SKIP","floor":3},{"not_picked":["Perfected Strike","Clash"],"picked":"Shrug It Off","floor":4},{"not_picked":["Pommel Strike","Limit Break"],"picked":"Metallicize","floor":5},{"not_picked":["Armaments","True Grit"],"picked":"Metallicize","floor":7},{"not_picked":["Body Slam","Wild Strike"],"picked":"Thunderclap","floor":8},{"not_picked":["Warcry","Sword Boomerang"],"picked":"True Grit","floor":11},{"not_picked":["Wild Strike","True Grit"],"picked":"Clothesline","floor":12},{"not_picked":["Clothesline","Dual Wield"],"picked":"Power Through","floor":13}],"player_experience":2830875,"relics_obtained":[{"floor":8,"key":"Kunai"},{"floor":9,"key":"Juzu Bracelet"},{"floor":13,"key":"Tiny Chest"}],"event_choices":[{"cards_removed":["Strike_R"],"damage_healed":0,"gold_gain":0,"player_choice":"Offered Basic","damage_taken":0,"max_hp_gain":0,"max_hp_loss":0,"event_name":"Bonfire Elementals","floor":14,"gold_loss":0}],"is_beta":false,"boss_relics":[],"items_purged_floors":[],"is_endless":false,"potions_floor_spawned":[1,7,8,11],"killed_by":"Hexaghost","ascension_level":20}