{"gold_per_floor":[118,118,193,209,209,236,236,236,261,285,33,70,70,116,116,187,187,206,256,69,69,87,87,101,101,156,174,174],"floor_reached":28,"playtime":1673,"items_purged":["Strike_G","Strike_G"],"score":502,"play_id":"bc175ada-51fc-46a5-a67a-18ba04127fc4","local_time":"20191025145850","is_ascension_mode":true,"campfire_choices":[{"data":"Neutralize","floor":7,"key":"SMITH"},{"floor":13,"key":"REST"},{"data":"Leg Sweep","floor":15,"key":"SMITH"},{"floor":23,"key":"REST"},{"floor":25,"key":"REST"}],"neow_cost":"NONE","seed_source_timestamp":2157738452013565,"circlet_count":0,"master_deck":["AscendersBane","Defend_G","Defend_G","Defend_G","Defend_G+1","Defend_G","Strike_G","Strike_G+1","Survivor","Neutralize+1","Deadly Poison+1","Leg Sweep+1","Riddle With Holes","Deadly Poison+1","HandOfGreed","Deadly Poison","Venomology","Footwork","Bouncing Flask","Deflect+1","Envenom"],"relics":["Ring of the Snake","NeowsBlessing","Singing Bowl","Omamori","MawBank","War Paint","Fusion Hammer","Lantern"],"potions_floor_usage":[14,16,16,16,18,24,27,27,28,28],"damage_taken":[{"damage":0,"enemies":"2 Louse","floor":1,"turns":1},{"damage":0,"enemies":"Small Slimes","floor":4,"turns":1},{"damage":0,"enemies":"Gremlin Nob","floor":6,"turns":1},{"damage":1,"enemies":"Jaw Worm","floor":10,"turns":4},{"damage":0,"enemies":"2 Fungi Beasts","floor":12,"turns":4},{"damage":4,"enemies":"3 Sentries","floor":14,"turns":4},{"damage":4,"enemies":"Hexaghost","floor":16,"turns":9},{"damage":12,"enemies":"2 Thieves","floor":18,"turns":4},{"damage":0,"enemies":"Spheric Guardian","floor":22,"turns":4},{"damage":6,"enemies":"Snecko","floor":24,"turns":5},{"damage":0,"enemies":"Cultist and Chosen","floor":27,"turns":6},{"damage":71,"enemies":"Gremlin Leader","floor":28,"turns":10}],"seed_played":"4607049036155502426","potions_obtained":[{"floor":1,"key":"SkillPotion"},{"floor":10,"key":"Weak Potion"},{"floor":14,"key":"EntropicBrew"},{"floor":16,"key":"SpeedPotion"},{"floor":22,"key":"Ancient Potion"}],"is_trial":false,"path_per_floor":["M","?","?","M","T","E","R","?","T","M","$","M","R","E","R","B",null,"M","?","$","?","M","R","M","R","T","M","E"],"character_chosen":"THE_SILENT","items_purchased":["HandOfGreed","Footwork"],"campfire_rested":3,"item_purchase_floors":[11,20],"current_hp_per_floor":[59,52,41,41,41,41,41,21,21,20,20,20,39,37,37,33,59,49,49,49,49,49,70,64,70,70,70,0],"gold":174,"neow_bonus":"THREE_ENEMY_KILL","is_prod":false,"is_daily":false,"chose_seed":false,"campfire_upgraded":2,"win_rate":0,"timestamp":1572029930,"path_taken":["M","?","?","M","?","E","R","?","T","M","$","M","R","E","R","BOSS","M","?","$","?","M","R","M","R","T","?","E"],"build_version":"2019-01-23","purchased_purges":2,"victory":false,"max_hp_per_floor":[66,66,66,66,66,66,66,66,66,66,66,66,66,68,68,68,68,70,70,70,70,70,70,70,70,70,70,70],"card_choices":[{"not_picked":["Heel Hook","Dagger Throw"],"picked":"Deadly Poison","floor":1},{"not_picked":["Setup","Outmaneuver"],"picked":"Leg Sweep","floor":4},{"not_picked":["Cloak And Dagger","Quick Slash"],"picked":"Riddle With Holes","floor":6},{"not_picked":["Sucker Punch","Masterful Stab"],"picked":"Deadly Poison","floor":10},{"not_picked":["Tactician","Poisoned Stab"],"picked":"Deadly Poison","floor":12},{"not_picked":["Quick Slash","Flying Knee","Outmaneuver"],"picked":"Singing Bowl","floor":14},{"not_picked":["Glass Knife","Grand Finale"],"picked":"Venomology","floor":16},{"not_picked":["Deadly Poison","Cloak And Dagger","Dodge and Roll"],"picked":"Singing Bowl","floor":18},{"not_picked":["Deadly Poison","Underhanded Strike"],"picked":"Bouncing Flask","floor":22},{"not_picked":["Dagger Throw","Cloak And Dagger"],"picked":"Deflect+1","floor":24},{"not_picked":["Slice","Deadly Poison"],"picked":"Envenom","floor":27}],"player_experience":3070829,"relics_obtained":[{"floor":5,"key":"Singing Bowl"},{"floor":6,"key":"Omamori"},{"floor":9,"key":"MawBank"},{"floor":14,"key":"War Paint"},{"floor":26,"key":"Lantern"}],"event_choices":[{"cards_removed":["Strike_G"],"damage_healed":0,"gold_gain":0,"player_choice":"Card Removal","damage_taken":7,"max_hp_gain":0,"max_hp_loss":0,"event_name":"Golden Wing","floor":2,"gold_loss":0},{"damage_healed":0,"gold_gain":75,"player_choice":"Gather Gold","damage_taken":11,"max_hp_gain":0,"max_hp_loss":0,"event_name":"World of Goop","floor":3,"gold_loss":0},{"damage_healed":0,"gold_gain":0,"player_choice":"Entered Light","damage_taken":20,"max_hp_gain":0,"max_hp_loss":0,"event_name":"Shining Light","floor":8,"gold_loss":0,"cards_upgraded":["Defend_G","Strike_G"]},{"damage_healed":0,"gold_gain":50,"player_choice":"Stole From Cult","damage_taken":0,"max_hp_gain":0,"max_hp_loss":0,"event_name":"Nest","floor":19,"gold_loss":0},{"damage_healed":0,"gold_gain":0,"player_choice":"Ignored","damage_taken":0,"max_hp_gain":0,"max_hp_loss":0,"event_name":"Vampires","floor":21,"gold_loss":0}],"is_beta":false,"boss_relics":[{"not_picked":["Orrery","Ectoplasm"],"picked":"Fusion Hammer"}],"items_purged_floors":[11,20],"is_endless":false,"potions_floor_spawned":[1,10,14,16,22],"killed_by":"Gremlin Leader","ascension_level":20}