{"gold_per_floor":[114,128,51,51,67,67,78,93,117,117,136,136,113,130,130,235,235,247,15,15,27,47,47,47,47,74,92,109,109,109,109],"floor_reached":31,"playtime":1436,"items_purged":[],"score":229,"play_id":"1bc432b1-32bb-4a7d-905a-5e54bf1abb79","local_time":"20190717132659","is_ascension_mode":false,"campfire_choices":[{"data":"Terror","floor":6,"key":"SMITH"},{"data":"Dagger Spray","floor":10,"key":"SMITH"},{"data":"Dagger Spray","floor":12,"key":"SMITH"},{"data":"Concentrate","floor":15,"key":"SMITH"},{"floor":23,"key":"REST"},{"data":"Die Die Die","floor":25,"key":"SMITH"},{"floor":29,"key":"REST"}],"neow_cost":"NONE","seed_source_timestamp":183675124244593,"circlet_count":0,"master_deck":["Strike_G","Strike_G","Strike_G","Strike_G","Strike_G","Defend_G","Defend_G","Defend_G","Defend_G","Defend_G","Survivor","Neutralize","Purity","Terror+1","Dagger Spray+1","Slice","Backflip","Backflip","Backflip","Dagger Spray+1","Concentrate+1","Quick Slash","Die Die Die+1","Cloak And Dagger","Die Die Die","Deadly Poison","Noxious Fumes","Deflect","Quick Slash","J.A.X.","Prepared+1","Quick Slash+1"],"relics":["Ring of the Snake","Lantern","WristBlade","Smiling Mask"],"potions_floor_usage":[8,16,16,18,27,28],"damage_taken":[{"damage":0,"enemies":"Small Slimes","floor":1,"turns":4},{"damage":2,"enemies":"2 Louse","floor":2,"turns":5},{"damage":0,"enemies":"Jaw Worm","floor":5,"turns":5},{"damage":0,"enemies":"2 Fungi Beasts","floor":7,"turns":5},{"damage":0,"enemies":"Large Slime","floor":8,"turns":8},{"damage":0,"enemies":"3 Louse","floor":11,"turns":2},{"damage":0,"enemies":"Looter","floor":14,"turns":3},{"damage":24,"enemies":"Slime Boss","floor":16,"turns":9},{"damage":0,"enemies":"2 Thieves","floor":18,"turns":2},{"damage":0,"enemies":"3 Byrds","floor":21,"turns":4},{"damage":11,"enemies":"Snake Plant","floor":22,"turns":3},{"damage":39,"enemies":"Sentry and Sphere","floor":27,"turns":7},{"damage":23,"enemies":"Cultist and Chosen","floor":28,"turns":5},{"damage":14,"enemies":"Colosseum Slavers","floor":30,"turns":3},{"damage":29,"enemies":"Shelled Parasite and Fungi","floor":31,"turns":3}],"seed_played":"-247499037475978836","potions_obtained":[{"floor":2,"key":"Poison Potion"},{"floor":5,"key":"GhostInAJar"},{"floor":8,"key":"PowerPotion"},{"floor":16,"key":"SteroidPotion"},{"floor":21,"key":"Regen Potion"},{"floor":27,"key":"Weak Potion"}],"is_trial":false,"path_per_floor":["M","M","$","?","M","R","M","M","T","R","M","R","?","M","R","B",null,"M","$","?","M","M","R","?","R","T","M","M","R","?","M"],"character_chosen":"THE_SILENT","items_purchased":["Slice","Backflip","Die Die Die","Deadly Poison","Noxious Fumes"],"campfire_rested":2,"item_purchase_floors":[3,3,19,19,19],"current_hp_per_floor":[70,68,68,68,68,68,68,68,68,68,68,68,68,68,68,44,70,70,70,70,70,59,70,70,70,70,45,22,43,29,0],"gold":109,"neow_bonus":"RANDOM_COLORLESS","is_prod":false,"is_daily":false,"chose_seed":false,"campfire_upgraded":5,"win_rate":0.0,"timestamp":1563380819,"path_taken":["M","M","$","?","M","R","M","M","T","R","M","R","?","M","R","BOSS","M","$","?","M","M","R","?","R","T","M","M","R","?","M"],"build_version":"2019-07-05","purchased_purges":0,"victory":false,"max_hp_per_floor":[70,70,70,70,70,70,70,70,70,70,70,70,70,70,70,70,70,70,70,70,70,70,70,70,70,70,70,70,70,70,70],"card_choices":[{"not_picked":["Heel Hook","Tactician"],"picked":"Terror","floor":1},{"not_picked":["Catalyst","Heel Hook"],"picked":"Dagger Spray","floor":2},{"not_picked":["Prepared","Footwork"],"picked":"Backflip","floor":5},{"not_picked":["Sucker Punch","Dagger Throw"],"picked":"Backflip","floor":7},{"not_picked":["Deflect","Predator"],"picked":"Dagger Spray","floor":8},{"not_picked":["Flechettes","Setup"],"picked":"Concentrate","floor":11},{"not_picked":["Prepared","Acrobatics"],"picked":"Quick Slash","floor":14},{"not_picked":["Malaise","Night Terror"],"picked":"Die Die Die","floor":16},{"not_picked":["Deflect","Slice"],"picked":"Cloak And Dagger","floor":18},{"not_picked":["Blade Dance","Noxious Fumes"],"picked":"Deflect","floor":21},{"not_picked":["Acrobatics","Flying Knee"],"picked":"Quick Slash","floor":22},{"not_picked":["Flying Knee","Underhanded Strike"],"picked":"Prepared+1","floor":27},{"not_picked":["Bane","Backflip"],"picked":"Quick Slash+1","floor":28}],"player_experience":184950,"relics_obtained":[{"floor":9,"key":"Lantern"},{"floor":26,"key":"Smiling Mask"}],"event_choices":[{"damage_healed":0,"gold_gain":0,"player_choice":"Ignored","damage_taken":0,"max_hp_gain":0,"max_hp_loss":0,"event_name":"Golden Idol","floor":4,"gold_loss":0},{"damage_healed":0,"gold_gain":0,"player_choice":"Left Gold","damage_taken":0,"max_hp_gain":0,"max_hp_loss":0,"event_name":"World of Goop","floor":13,"gold_loss":23},{"damage_healed":0,"gold_gain":0,"player_choice":"Ignored","damage_taken":0,"max_hp_gain":0,"max_hp_loss":0,"event_name":"Ghosts","floor":20,"gold_loss":0},{"damage_healed":0,"gold_gain":0,"player_choice":"Obtain J.A.X.","damage_taken":0,"max_hp_gain":0,"max_hp_loss":0,"event_name":"Drug Dealer","floor":24,"gold_loss":0,"cards_obtained":["J.A.X."]},{"damage_healed":0,"gold_gain":0,"player_choice":"Fight","damage_taken":0,"max_hp_gain":0,"max_hp_loss":0,"event_name":"Colosseum","floor":30,"gold_loss":0},{"damage_healed":0,"gold_gain":0,"player_choice":"Fled From Nobs","damage_taken":0,"max_hp_gain":0,"max_hp_loss":0,"event_name":"Colosseum","floor":30,"gold_loss":0}],"is_beta":false,"boss_relics":[{"not_picked":["Calling Bell","Ring of the Serpent"],"picked":"WristBlade"}],"items_purged_floors":[],"is_endless":false,"potions_floor_spawned":[2,5,8,16,21,27,30],"killed_by":"Shelled Parasite and Fungi","ascension_level":0}