{"gold_per_floor":[115,115,40,115,134,168,182,213,213,227,241,260,274,274,274,375,375,387,387,406,356,372,372,372],"floor_reached":24,"playtime":646,"items_purged":["Defend_R","Strike_R"],"score":317,"play_id":"20fcbd9d-ea6c-450c-a4f2-42e5fe8a1956","local_time":"20191028194806","is_ascension_mode":true,"campfire_choices":[{"floor":15,"key":"REST"},{"data":"Inflame","floor":23,"key":"SMITH"}],"neow_cost":"NONE","seed_source_timestamp":1133598253504000,"circlet_count":0,"master_deck":["Strike_R","Strike_R","Strike_R","Strike_R","Defend_R","Defend_R","Bash","Inflame+1","Anger","Fire Breathing","Anger","Battle Trance","Flex"],"relics":["Black Blood","NeowsBlessing","The Courier","Bag of Marbles","Smiling Mask","Bronze Scales","Regal Pillow"],"potions_floor_usage":[12,16,22,22,24],"damage_taken":[{"damage":0,"enemies":"2 Louse","floor":1,"turns":1},{"damage":0,"enemies":"Cultist","floor":5,"turns":1},{"damage":0,"enemies":"3 Sentries","floor":6,"turns":1},{"damage":12,"enemies":"Jaw Worm","floor":7,"turns":3},{"damage":35,"enemies":"Lagavulin","floor":8,"turns":5},{"damage":21,"enemies":"Blue Slaver","floor":10,"turns":2},{"damage":16,"enemies":"3 Louse","floor":11,"turns":2},{"damage":0,"enemies":"Exordium Wildlife","floor":12,"turns":3},{"damage":10,"enemies":"Large Slime","floor":13,"turns":4},{"damage":12,"enemies":"Slime Boss","floor":16,"turns":7},{"damage":33,"enemies":"2 Thieves","floor":18,"turns":3},{"damage":11,"enemies":"Spheric Guardian","floor":20,"turns":3},{"damage":18,"enemies":"Chosen and Byrds","floor":22,"turns":3},{"damage":35,"enemies":"Book of Stabbing","floor":24,"turns":3}],"seed_played":"7864554968101353265","potions_obtained":[{"floor":6,"key":"FearPotion"},{"floor":7,"key":"SneckoOil"},{"floor":8,"key":"Fire Potion"},{"floor":11,"key":"EssenceOfSteel"},{"floor":13,"key":"Block Potion"},{"floor":20,"key":"Explosive Potion"}],"is_trial":false,"path_per_floor":["M","?","$","T","M","E","M","E","T","M","M","M","M","?","R","B",null,"M","?","M","$","M","R","E"],"character_chosen":"IRONCLAD","items_purchased":[],"campfire_rested":1,"item_purchase_floors":[],"current_hp_per_floor":[78,78,78,78,80,80,74,45,45,30,20,26,22,15,54,48,72,49,49,48,48,40,40,5],"gold":372,"neow_bonus":"THREE_ENEMY_KILL","is_prod":false,"is_daily":false,"chose_seed":false,"campfire_upgraded":1,"win_rate":0,"timestamp":1572288486,"path_taken":["M","?","$","?","?","E","M","E","T","M","M","M","M","?","R","BOSS","M","?","M","$","M","R","E"],"build_version":"2019-07-17","purchased_purges":2,"victory":false,"max_hp_per_floor":[80,80,80,80,80,80,80,80,80,80,80,80,80,80,80,80,80,80,80,80,80,80,80,80],"card_choices":[{"not_picked":["Perfected Strike","Blood for Blood","Intimidate"],"picked":"SKIP","floor":1},{"not_picked":["Burning Pact","Twin Strike","Flame Barrier"],"picked":"SKIP","floor":5},{"not_picked":["Bloodletting","Iron Wave"],"picked":"Inflame","floor":6},{"not_picked":["Fire Breathing","Pummel"],"picked":"Anger","floor":7},{"not_picked":["Warcry","Rupture"],"picked":"Fire Breathing","floor":8},{"not_picked":["Pommel Strike","Body Slam","Headbutt"],"picked":"SKIP","floor":10},{"not_picked":["Headbutt","Heavy Blade","Warcry"],"picked":"SKIP","floor":11},{"not_picked":["Infernal Blade","Searing Blow","Perfected Strike"],"picked":"SKIP","floor":12},{"not_picked":["Metallicize","Entrench"],"picked":"Anger","floor":13},{"not_picked":["Shrug It Off","Iron Wave","Warcry"],"picked":"SKIP","floor":18},{"not_picked":["Cleave","Sword Boomerang","Havoc+1"],"picked":"SKIP","floor":20},{"not_picked":["Second Wind+1","Pummel+1"],"picked":"Flex","floor":22}],"player_experience":158052,"relics_obtained":[{"floor":4,"key":"The Courier"},{"floor":6,"key":"Bag of Marbles"},{"floor":8,"key":"Smiling Mask"},{"floor":9,"key":"Bronze Scales"}],"event_choices":[{"cards_removed":["Defend_R"],"damage_healed":0,"gold_gain":0,"player_choice":"Offered Basic","damage_taken":0,"max_hp_gain":0,"max_hp_loss":0,"event_name":"Bonfire Elementals","floor":2,"gold_loss":0},{"damage_healed":0,"gold_gain":0,"player_choice":"Success","damage_taken":7,"relics_obtained":["Regal Pillow"],"max_hp_gain":0,"max_hp_loss":0,"event_name":"Scrap Ooze","floor":14,"gold_loss":0},{"damage_healed":0,"gold_gain":0,"player_choice":"Read","damage_taken":0,"max_hp_gain":0,"max_hp_loss":0,"event_name":"The Library","floor":19,"gold_loss":0,"cards_obtained":["Battle Trance"]}],"is_beta":false,"boss_relics":[{"not_picked":["Coffee Dripper","White Beast Statue"],"picked":"Black Blood"}],"items_purged_floors":[3,21],"is_endless":false,"potions_floor_spawned":[6,7,8,11,13,20],"killed_by":"Book of Stabbing","ascension_level":7}