{"gold_per_floor":[113,132,132,146,160,160,43,77,100,100,100,113,140,165,177,189],"floor_reached":16,"playtime":796,"items_purged":["Strike_G"],"score":218,"play_id":"64a7b0b1-50a6-4360-b705-fb174478ea67","local_time":"20190705015944","is_ascension_mode":true,"campfire_choices":[{"data":"Neutralize","floor":6,"key":"SMITH"},{"floor":10,"key":"REST"},{"floor":15,"key":"REST"}],"neow_cost":"TEN_PERCENT_HP_LOSS","seed_source_timestamp":93534556795223,"circlet_count":0,"master_deck":["AscendersBane","Defend_G","Defend_G","Defend_G","Defend_G","Defend_G","Strike_G","Strike_G","Strike_G","Strike_G","Survivor","Neutralize","Footwork","Deadly Poison","Neutralize+1","Slice","Masterful Stab","Well Laid Plans","Bane","PiercingWail","Bane"],"special_seed":0,"relics":["Ring of the Snake","The Specimen","Anchor","Bag of Marbles","MawBank"],"potions_floor_usage":[8,8],"damage_taken":[{"damage":0.0,"enemies":"2 Louse","floor":1.0,"turns":3.0},{"damage":0.0,"enemies":"Cultist","floor":2.0,"turns":4.0},{"damage":0.0,"enemies":"Small Slimes","floor":4.0,"turns":3.0},{"damage":9.0,"enemies":"Exordium Thugs","floor":5.0,"turns":6.0},{"damage":38,"enemies":"Gremlin Nob","floor":8,"turns":6},{"damage":1,"enemies":"Looter","floor":12,"turns":3},{"damage":18,"enemies":"Lagavulin","floor":13,"turns":7},{"damage":0,"enemies":"Red Slaver","floor":14,"turns":3},{"damage":31,"enemies":"Slime Boss","floor":16,"turns":3}],"seed_played":"4239822410968360297","potions_obtained":[{"floor":1.0,"key":"EssenceOfSteel"},{"floor":2.0,"key":"EssenceOfSteel"}],"is_trial":false,"path_per_floor":["M","M","?","M","M","R","$","E","T","R","?","M","E","M","R","B"],"character_chosen":"THE_SILENT","items_purchased":["Well Laid Plans"],"campfire_rested":2,"item_purchase_floors":[7],"current_hp_per_floor":[59,59,59,59,50,50,50,12,12,30,30,29,11,11,29,0],"gold":189,"neow_bonus":"ONE_RARE_RELIC","is_prod":false,"is_daily":false,"chose_seed":false,"campfire_upgraded":1,"win_rate":0,"timestamp":1562306384,"path_taken":["M","M","?","M","?","R","$","E","T","R","?","M","E","M","R","BOSS"],"build_version":"2019-01-23","purchased_purges":1,"victory":false,"max_hp_per_floor":[60,60,60,60,60,60,60,60,60,60,60,60,60,60,60,60],"card_choices":[{"not_picked":["Dodge and Roll","Expertise"],"picked":"Footwork","floor":1.0},{"not_picked":["Backflip","Cloak And Dagger"],"picked":"Deadly Poison","floor":2.0},{"not_picked":["Prepared","Acrobatics"],"picked":"Slice","floor":4.0},{"not_picked":["Cloak And Dagger","Prepared"],"picked":"Masterful Stab","floor":5.0},{"not_picked":["Underhanded Strike","Flechettes","Sucker Punch"],"picked":"SKIP","floor":8},{"not_picked":["Dodge and Roll","Deflect"],"picked":"Bane","floor":12},{"not_picked":["Grand Finale","Sucker Punch"],"picked":"PiercingWail","floor":13},{"not_picked":["Dagger Spray","Deflect"],"picked":"Bane","floor":14}],"player_experience":2674018,"relics_obtained":[{"floor":8,"key":"Anchor"},{"floor":9,"key":"Bag of Marbles"},{"floor":13,"key":"MawBank"}],"event_choices":[{"damage_healed":0.0,"max_hp_gain":0.0,"max_hp_loss":0.0,"gold_gain":0.0,"event_name":"Match and Keep!","player_choice":"1 cards matched","floor":3.0,"gold_loss":0.0,"damage_taken":0.0,"cards_obtained":["Neutralize"]},{"damage_healed":0,"gold_gain":0,"player_choice":"Fled","damage_taken":0,"max_hp_gain":0,"max_hp_loss":0,"event_name":"Scrap Ooze","floor":11,"gold_loss":0}],"is_beta":false,"boss_relics":[],"items_purged_floors":[7],"is_endless":false,"potions_floor_spawned":[1,2,5],"killed_by":"Slime Boss","ascension_level":19}