{"gold_per_floor":[365,381,381,9,28,28,59,59,59,59,70,99,118,18,18,92,92,105,105,54,54,77,77,91,108,108,108,137,137,165,183,183,257,257,267,267,279,95,95,122,122,141,141,159,159],"floor_reached":45,"playtime":3389,"items_purged":["Strike_B","Strike_B","Strike_B"],"score":1109,"play_id":"65a4ed94-c7ea-4bc4-92de-a87329425efa","local_time":"20190416193509","is_ascension_mode":true,"campfire_choices":[{"data":"Go for the Eyes","floor":6.0,"key":"SMITH"},{"floor":8.0,"key":"REST"},{"data":"1","floor":10.0,"key":"LIFT"},{"floor":15.0,"key":"REST"},{"floor":23.0,"key":"REST"},{"floor":27.0,"key":"REST"},{"data":"2","floor":29.0,"key":"LIFT"},{"data":"Sunder","floor":32.0,"key":"SMITH"},{"floor":41.0,"key":"REST"}],"neow_cost":"PERCENT_DAMAGE","seed_source_timestamp":147198505497567,"circlet_count":0,"master_deck":["AscendersBane","Defend_B+1","Defend_B","Zap","Dualcast+1","Conserve Battery","Go for the Eyes+1","Sunder+1","Doom and Gloom","Genetic Algorithm","Rip and Tear+1","Beam Cell+1","White Noise","Hyperbeam","Creative AI","Self Repair","Compile Driver","Defragment","Storm","Force Field+1","Core Surge","Chill","Stack","Conserve Battery","Static Discharge"],"special_seed":0,"relics":["Cracked Core","War Paint","Girya","Mummified Hand","Art of War","Empty Cage","Lantern","Pantograph","Strawberry","Happy Flower","Nuclear Battery","Whetstone","Unceasing Top"],"potions_floor_usage":[45],"damage_taken":[{"damage":4.0,"enemies":"Small Slimes","floor":1.0,"turns":4.0},{"damage":1.0,"enemies":"Cultist","floor":2.0,"turns":3.0},{"damage":0.0,"enemies":"Jaw Worm","floor":5.0,"turns":2.0},{"damage":22.0,"enemies":"Lagavulin","floor":7.0,"turns":7.0},{"damage":5.0,"enemies":"Red Slaver","floor":11.0,"turns":3.0},{"damage":2.0,"enemies":"Gremlin Nob","floor":12.0,"turns":3.0},{"damage":4.0,"enemies":"Large Slime","floor":13.0,"turns":5.0},{"damage":0.0,"enemies":"Slime Boss","floor":16.0,"turns":6.0},{"damage":26.0,"enemies":"Shell Parasite","floor":18.0,"turns":6.0},{"damage":11.0,"enemies":"Spheric Guardian","floor":24.0,"turns":3.0},{"damage":0.0,"enemies":"Snecko","floor":25.0,"turns":3.0},{"damage":0.0,"enemies":"Gremlin Leader","floor":28.0,"turns":5.0},{"damage":30.0,"enemies":"Book of Stabbing","floor":30.0,"turns":5.0},{"damage":10.0,"enemies":"Cultist and Chosen","floor":31.0,"turns":4.0},{"damage":0.0,"enemies":"Automaton","floor":33.0,"turns":6.0},{"damage":12.0,"enemies":"Orb Walker","floor":35.0,"turns":3.0},{"damage":0.0,"enemies":"3 Shapes","floor":37.0,"turns":2.0},{"damage":31.0,"enemies":"Giant Head","floor":40.0,"turns":7.0},{"damage":6.0,"enemies":"3 Darklings","floor":42.0,"turns":5.0},{"damage":57.0,"enemies":"Writhing Mass","floor":44.0,"turns":6.0},{"damage":21,"enemies":"Maw","floor":45,"turns":5}],"seed_played":"6344338882626342924","potions_obtained":[{"floor":2.0,"key":"AttackPotion"},{"floor":7.0,"key":"EssenceOfSteel"},{"floor":12.0,"key":"EssenceOfSteel"},{"floor":18.0,"key":"AttackPotion"},{"floor":24.0,"key":"Block Potion"},{"floor":30.0,"key":"FocusPotion"},{"floor":31.0,"key":"Strength Potion"},{"floor":37.0,"key":"LiquidBronze"},{"floor":39.0,"key":"SmokeBomb"},{"floor":40.0,"key":"Ancient Potion"}],"is_trial":false,"path_per_floor":["M","M","?","$","M","R","E","R","T","R","M","E","M","$","R","B",null,"M","?","$","?","T","R","M","M","T","R","E","R","E","M","R","B",null,"M","?","M","$","?","E","R","M","T","M","M"],"character_chosen":"DEFECT","items_purchased":["War Paint","Sunder","Doom and Gloom","Compile Driver","Stack"],"campfire_rested":5,"item_purchase_floors":[4,4,4,20,38],"current_hp_per_floor":[42,41,41,41,41,41,19,40,40,40,35,33,29,29,50,50,66,40,20,20,20,20,42,31,38,38,60,74,74,51,48,48,80,82,70,70,70,70,70,46,70,71,71,21,0],"gold":159,"neow_bonus":"TWO_FIFTY_GOLD","is_prod":false,"is_daily":false,"chose_seed":false,"campfire_upgraded":2,"win_rate":0,"timestamp":1555457709,"path_taken":["M","M","?","$","M","R","E","R","T","R","M","E","?","$","R","BOSS","M","?","$","?","?","R","M","?","T","R","E","R","E","M","R","BOSS","M","?","M","$","?","E","R","M","T","M","M"],"build_version":"2019-01-23","purchased_purges":3,"victory":false,"max_hp_per_floor":[71,71,71,71,71,71,71,71,71,71,71,71,71,71,71,71,71,71,76,76,76,76,76,76,76,76,76,83,83,83,83,83,83,83,83,83,83,83,83,83,83,83,83,83,83],"card_choices":[{"not_picked":["Sweeping Beam","Stack"],"picked":"Conserve Battery","floor":1.0},{"not_picked":["Skim","Ball Lightning"],"picked":"Go for the Eyes","floor":2.0},{"not_picked":["Skim","Go for the Eyes"],"picked":"Genetic Algorithm","floor":5.0},{"not_picked":["Blizzard","Melter"],"picked":"Rip and Tear","floor":7.0},{"not_picked":["Compile Driver","Auto Shields"],"picked":"Beam Cell","floor":11.0},{"not_picked":["Turbo","Beam Cell"],"picked":"White Noise","floor":12.0},{"not_picked":["Beam Cell","Chill"],"picked":"Hyperbeam","floor":13.0},{"not_picked":["Biased Cognition","Hyperbeam"],"picked":"Creative AI","floor":16.0},{"not_picked":["Cold Snap","Steam"],"picked":"Self Repair","floor":18.0},{"not_picked":["Barrage","Gash","Stack"],"picked":"SKIP","floor":24.0},{"not_picked":["Ball Lightning","White Noise"],"picked":"Defragment","floor":25.0},{"not_picked":["Chill","Undo"],"picked":"Storm","floor":28.0},{"not_picked":["Rebound","Beam Cell","Fusion"],"picked":"SKIP","floor":30.0},{"not_picked":["Streamline","Turbo"],"picked":"Force Field+1","floor":31.0},{"not_picked":["Creative AI","Seek"],"picked":"Core Surge","floor":33.0},{"not_picked":["Streamline","Genetic Algorithm+1","Ball Lightning"],"picked":"SKIP","floor":35.0},{"not_picked":["Redo","Rebound"],"picked":"Chill","floor":37.0},{"not_picked":["Barrage","Fusion"],"picked":"Conserve Battery","floor":40.0},{"not_picked":["Gash","Conserve Battery"],"picked":"Static Discharge","floor":42.0},{"not_picked":["Rebound+1","Sweeping Beam","Barrage+1"],"picked":"SKIP","floor":44.0}],"player_experience":2497937,"relics_obtained":[{"floor":7.0,"key":"Girya"},{"floor":9.0,"key":"Mummified Hand"},{"floor":12.0,"key":"Art of War"},{"floor":22.0,"key":"Lantern"},{"floor":26.0,"key":"Pantograph"},{"floor":28.0,"key":"Strawberry"},{"floor":30.0,"key":"Happy Flower"},{"floor":40.0,"key":"Whetstone"},{"floor":43.0,"key":"Unceasing Top"}],"event_choices":[{"cards_removed":["Defend_B"],"damage_healed":0.0,"max_hp_gain":0.0,"max_hp_loss":0.0,"gold_gain":0.0,"event_name":"Purifier","player_choice":"Purged","floor":3.0,"gold_loss":0.0,"damage_taken":0.0},{"damage_healed":0.0,"max_hp_gain":5.0,"max_hp_loss":0.0,"gold_gain":0.0,"event_name":"Forgotten Altar","player_choice":"Shed Blood","floor":19.0,"gold_loss":0.0,"damage_taken":25.0},{"damage_healed":0.0,"max_hp_gain":0.0,"max_hp_loss":0.0,"gold_gain":0.0,"event_name":"Tomb of Lord Red Mask","player_choice":"Ignored","floor":36.0,"gold_loss":0.0,"damage_taken":0.0},{"damage_healed":0.0,"max_hp_gain":0.0,"max_hp_loss":0.0,"gold_gain":0.0,"event_name":"Lab","player_choice":"Got Potions","floor":39.0,"gold_loss":0.0,"damage_taken":0.0}],"is_beta":false,"boss_relics":[{"not_picked":["White Beast Statue","Runic Dome"],"picked":"Empty Cage"},{"not_picked":["Tiny House","Orrery"],"picked":"Nuclear Battery"}],"items_purged_floors":[4,14,38],"is_endless":false,"potions_floor_spawned":[2,7,12,18,24,30,31,37,40],"killed_by":"Maw","ascension_level":16}