{"gold_per_floor":[115,115,25,42,60,60,92,92,144,161,174,202,202,237,237,335,335,346,358,369,369,369,369,383,383,458,458,487,487],"floor_reached":29,"playtime":1367,"items_purged":[],"score":352,"play_id":"edb9cf2d-a3dd-42f8-b6c3-2381e53d7eea","local_time":"20190907113854","is_ascension_mode":true,"campfire_choices":[{"floor":6,"key":"RECALL"},{"floor":8,"key":"REST"},{"floor":13,"key":"REST"},{"floor":15,"key":"REST"},{"floor":23,"key":"REST"}],"neow_cost":"NONE","seed_source_timestamp":23829291264507,"circlet_count":0,"master_deck":["Strike_B","Strike_B","Strike_B","Strike_B","Defend_B","Defend_B","Defend_B","Defend_B","Zap","Dualcast","Ball Lightning","Compile Driver","Chill","Gash","Leap","Meteor Strike","Leap","Sunder","Static Discharge","Turbo","Conserve Battery","Cold Snap","Capacitor","Beam Cell","RitualDagger","Conserve Battery+1"],"relics":["Cracked Core","Omamori","Bag of Preparation","Juzu Bracelet","Strawberry","Nuclear Battery","Shuriken","Frozen Egg 2"],"potions_floor_usage":[4,4,4,14,16,28,28],"damage_taken":[{"damage":6,"enemies":"Jaw Worm","floor":1,"turns":4},{"damage":0,"enemies":"Cultist","floor":4,"turns":2},{"damage":8,"enemies":"Small Slimes","floor":5,"turns":2},{"damage":32,"enemies":"Lagavulin","floor":7,"turns":7},{"damage":0,"enemies":"Exordium Thugs","floor":10,"turns":4},{"damage":0,"enemies":"Large Slime","floor":11,"turns":5},{"damage":23,"enemies":"3 Sentries","floor":12,"turns":8},{"damage":33,"enemies":"Lagavulin","floor":14,"turns":4},{"damage":36,"enemies":"Slime Boss","floor":16,"turns":11},{"damage":30,"enemies":"3 Byrds","floor":18,"turns":5},{"damage":4,"enemies":"Chosen","floor":19,"turns":5},{"damage":59,"enemies":"Centurion and Healer","floor":20,"turns":9},{"damage":27,"enemies":"Snake Plant","floor":24,"turns":4},{"damage":13,"enemies":"Colosseum Slavers","floor":27,"turns":5},{"damage":41,"enemies":"Slavers","floor":28,"turns":4},{"damage":30,"enemies":"Snecko","floor":29,"turns":5}],"seed_played":"1961101568782132209","potions_obtained":[{"floor":1,"key":"SkillPotion"},{"floor":2,"key":"Fruit Juice"},{"floor":2,"key":"AttackPotion"},{"floor":11,"key":"Ancient Potion"},{"floor":12,"key":"AttackPotion"},{"floor":14,"key":"Fire Potion"},{"floor":18,"key":"FocusPotion"},{"floor":24,"key":"Energy Potion"}],"is_trial":false,"path_per_floor":["M","?","$","M","M","R","E","R","T","M","M","E","R","E","R","B",null,"M","M","M","?","?","R","M","?","T","?","E","M"],"character_chosen":"DEFECT","items_purchased":["Compile Driver","Chill"],"campfire_rested":4,"item_purchase_floors":[3,3],"current_hp_per_floor":[76,76,76,81,73,73,41,67,67,67,67,44,70,44,72,36,94,64,60,1,104,83,109,82,76,76,63,22,0],"gold":487,"neow_bonus":"TEN_PERCENT_HP_BONUS","is_prod":false,"is_daily":false,"chose_seed":false,"campfire_upgraded":0,"win_rate":0,"timestamp":1567867134,"path_taken":["M","?","?","M","M","R","E","R","T","?","M","E","R","E","R","BOSS","M","M","M","?","?","R","M","?","T","?","E","M"],"build_version":"2019-07-17","purchased_purges":0,"victory":false,"max_hp_per_floor":[82,82,82,87,87,87,87,87,87,87,87,87,87,94,94,94,94,94,94,94,104,109,109,109,109,109,109,109,109],"card_choices":[{"not_picked":["Steam","Cold Snap"],"picked":"Ball Lightning","floor":1},{"not_picked":["Stack","Steam"],"picked":"Gash","floor":4},{"not_picked":["Steam Power","Recycle"],"picked":"Leap","floor":5},{"not_picked":["Streamline","Skim"],"picked":"Meteor Strike","floor":7},{"not_picked":["Hello World","Sweeping Beam"],"picked":"Leap","floor":10},{"not_picked":["Cold Snap","Gash"],"picked":"Sunder","floor":11},{"not_picked":["Steam","Hologram"],"picked":"Static Discharge","floor":12},{"not_picked":["Stack","Force Field"],"picked":"Turbo","floor":14},{"not_picked":["Biased Cognition","Reboot"],"picked":"Thunder Strike","floor":16},{"not_picked":["Darkness","Aggregate"],"picked":"Conserve Battery","floor":18},{"not_picked":["Gash","Scrape"],"picked":"Cold Snap","floor":19},{"not_picked":["Redo","Double Energy"],"picked":"Capacitor","floor":20},{"not_picked":["Undo","Compile Driver"],"picked":"Beam Cell","floor":24},{"not_picked":["Turbo","All For One"],"picked":"Conserve Battery+1","floor":28}],"player_experience":389581,"relics_obtained":[{"floor":7,"key":"Omamori"},{"floor":9,"key":"Bag of Preparation"},{"floor":12,"key":"Juzu Bracelet"},{"floor":14,"key":"Strawberry"},{"floor":26,"key":"Shuriken"},{"floor":28,"key":"Frozen Egg 2"}],"event_choices":[{"damage_healed":0,"gold_gain":0,"player_choice":"Got Potions","damage_taken":0,"max_hp_gain":0,"max_hp_loss":0,"event_name":"Lab","floor":2,"gold_loss":0},{"cards_removed":["Thunder Strike"],"damage_healed":93,"gold_gain":0,"player_choice":"Offered Rare","damage_taken":0,"max_hp_gain":10,"max_hp_loss":0,"event_name":"Bonfire Elementals","floor":21,"gold_loss":0},{"damage_healed":0,"gold_gain":0,"player_choice":"Shed Blood","damage_taken":26,"max_hp_gain":5,"max_hp_loss":0,"event_name":"Forgotten Altar","floor":22,"gold_loss":0},{"damage_healed":0,"gold_gain":0,"player_choice":"Joined the Cult","damage_taken":6,"max_hp_gain":0,"max_hp_loss":0,"event_name":"Nest","floor":25,"gold_loss":0,"cards_obtained":["RitualDagger"]},{"damage_healed":0,"gold_gain":0,"player_choice":"Fight","damage_taken":0,"max_hp_gain":0,"max_hp_loss":0,"event_name":"Colosseum","floor":27,"gold_loss":0},{"damage_healed":0,"gold_gain":0,"player_choice":"Fled From Nobs","damage_taken":0,"max_hp_gain":0,"max_hp_loss":0,"event_name":"Colosseum","floor":27,"gold_loss":0}],"is_beta":false,"boss_relics":[{"not_picked":["Ectoplasm","Astrolabe"],"picked":"Nuclear Battery"}],"items_purged_floors":[],"is_endless":false,"potions_floor_spawned":[1,11,12,14,18,24,27],"killed_by":"Snecko","ascension_level":3}