{"gold_per_floor":[115,134,134,149,149,149,149,167,191,211,241,255,255,265,265,369,369,380,393,17,35,35],"floor_reached":22,"playtime":2261,"items_purged":[],"score":190,"play_id":"e9b27f34-f38c-48d5-b863-524e089f90c5","local_time":"20190703143223","is_ascension_mode":false,"campfire_choices":[{"floor":6,"key":"REST"},{"floor":15,"key":"REST"}],"neow_cost":"NONE","seed_source_timestamp":775217531200406,"circlet_count":0,"master_deck":["Strike_B","Strike_B","Strike_B","Strike_B","Defend_B","Defend_B","Defend_B+1","Defend_B","Zap+1","Gash","Leap","Turbo","Stack","Conserve Battery","Gash","Ball Lightning","Defragment","Streamline","Creative AI","Leap","Rebound","Defragment","Darkness","Scrape","Steam","Panacea","Blizzard"],"relics":["Cracked Core","Pen Nib","Vajra","Smiling Mask","Nuclear Battery"],"potions_floor_usage":[4,16,16,16],"damage_taken":[{"damage":0,"enemies":"Small Slimes","floor":1,"turns":3},{"damage":0,"enemies":"2 Louse","floor":2,"turns":3},{"damage":1,"enemies":"Jaw Worm","floor":4,"turns":3},{"damage":0,"enemies":"2 Fungi Beasts","floor":8,"turns":4},{"damage":7,"enemies":"3 Louse","floor":10,"turns":4},{"damage":26,"enemies":"Gremlin Nob","floor":11,"turns":5},{"damage":3,"enemies":"Looter","floor":12,"turns":2},{"damage":4,"enemies":"2 Fungi Beasts","floor":14,"turns":3},{"damage":37,"enemies":"The Guardian","floor":16,"turns":10},{"damage":30,"enemies":"3 Byrds","floor":18,"turns":5},{"damage":5,"enemies":"Chosen","floor":19,"turns":5},{"damage":27,"enemies":"Centurion and Healer","floor":21,"turns":8},{"damage":17,"enemies":"Cultist and Chosen","floor":22,"turns":5}],"seed_played":"2336833178140451292","potions_obtained":[{"floor":2,"key":"SpeedPotion"},{"floor":4,"key":"PowerPotion"},{"floor":10,"key":"Swift Potion"},{"floor":14,"key":"Dexterity Potion"},{"floor":21,"key":"GamblersBrew"}],"is_trial":false,"path_per_floor":["M","M","?","M","?","R","?","M","T","M","E","M","?","M","R","B",null,"M","M","$","M","M"],"character_chosen":"DEFECT","items_purchased":["Defragment","Darkness","Scrape","Steam","Panacea"],"campfire_rested":2,"item_purchase_floors":[20,20,20,20,20],"current_hp_per_floor":[75,75,75,74,59,75,75,75,75,68,42,39,21,17,39,2,75,45,40,40,13,0],"gold":35,"neow_bonus":"TRANSFORM_CARD","is_prod":false,"is_daily":false,"chose_seed":false,"campfire_upgraded":0,"win_rate":0.0,"timestamp":1562175143,"path_taken":["M","M","?","M","?","R","?","M","T","M","E","M","?","M","R","BOSS","M","M","$","M","M"],"build_version":"2019-07-01","purchased_purges":0,"victory":false,"max_hp_per_floor":[75,75,75,75,75,75,75,75,75,75,75,75,75,75,75,75,75,75,75,75,75,75],"card_choices":[{"not_picked":["Turbo","Undo"],"picked":"Leap","floor":1},{"not_picked":["Barrage","Reinforced Body"],"picked":"Turbo","floor":2},{"not_picked":["Steam","Gash"],"picked":"Stack","floor":4},{"not_picked":["Compile Driver","Redo"],"picked":"Conserve Battery","floor":8},{"not_picked":["Buffer","Scrape"],"picked":"Gash","floor":10},{"not_picked":["Barrage","Conserve Battery"],"picked":"Ball Lightning","floor":11},{"not_picked":["Rainbow","Leap"],"picked":"Defragment","floor":12},{"not_picked":["Chill","Barrage"],"picked":"Streamline","floor":14},{"not_picked":["Multi-Cast","Rainbow"],"picked":"Creative AI","floor":16},{"not_picked":["Coolheaded","Tempest"],"picked":"Leap","floor":18},{"not_picked":["Lockon","Fusion"],"picked":"Rebound","floor":19},{"not_picked":["Darkness","Go for the Eyes"],"picked":"Blizzard","floor":21}],"player_experience":71579,"relics_obtained":[{"floor":9,"key":"Pen Nib"},{"floor":11,"key":"Vajra"}],"event_choices":[{"damage_healed":0,"gold_gain":0,"player_choice":"Ignored","damage_taken":0,"max_hp_gain":0,"max_hp_loss":0,"event_name":"Liars Game","floor":3,"gold_loss":0},{"damage_healed":0,"gold_gain":0,"player_choice":"Entered Light","damage_taken":15,"max_hp_gain":0,"max_hp_loss":0,"event_name":"Shining Light","floor":5,"gold_loss":0,"cards_upgraded":["Zap","Defend_B"]},{"damage_healed":0,"gold_gain":0,"player_choice":"Ignored","damage_taken":0,"max_hp_gain":0,"max_hp_loss":0,"event_name":"Golden Wing","floor":7,"gold_loss":0},{"damage_healed":0,"gold_gain":0,"player_choice":"Success","damage_taken":18,"relics_obtained":["Smiling Mask"],"max_hp_gain":0,"max_hp_loss":0,"event_name":"Scrap Ooze","floor":13,"gold_loss":0}],"is_beta":false,"boss_relics":[{"not_picked":["Fusion Hammer","Busted Crown"],"picked":"Nuclear Battery"}],"items_purged_floors":[],"is_endless":false,"potions_floor_spawned":[2,4,10,14,21],"killed_by":"Cultist and Chosen","ascension_level":0}