{"gold_per_floor":[115,115,7,0,23,23,66,82,106,125,125,149,149,149,149,240,240,265,265,165,165,165],"floor_reached":22,"playtime":1023,"items_purged":[],"score":404,"play_id":"fc1536da-660d-476c-bad6-fd0823229630","local_time":"20190703094645","is_ascension_mode":true,"campfire_choices":[{"data":"Neutralize","floor":6,"key":"SMITH"},{"floor":11,"key":"REST"},{"data":"Deadly Poison","floor":13,"key":"SMITH"},{"data":"Bane","floor":15,"key":"SMITH"}],"neow_cost":"NONE","seed_source_timestamp":46896393458309,"circlet_count":0,"master_deck":["AscendersBane","Defend_G","Defend_G","Defend_G","Defend_G","Defend_G","Strike_G","Strike_G","Strike_G","Strike_G","Survivor","Neutralize+1","Well Laid Plans","Deadly Poison+1","Slice","Cloak And Dagger","Heel Hook","Dagger Spray","Bane+1","Masterful Stab","Glass Knife","Leg Sweep+1","Dash","Deflect"],"relics":["Ring of the Snake","NeowsBlessing","Golden Idol","Juzu Bracelet","Bronze Scales","Sozu"],"potions_floor_usage":[10,16,16],"damage_taken":[{"damage":0,"enemies":"Small Slimes","floor":1,"turns":1},{"damage":0,"enemies":"2 Louse","floor":5,"turns":1},{"damage":0,"enemies":"Lagavulin","floor":7,"turns":1},{"damage":3,"enemies":"Cultist","floor":8,"turns":4},{"damage":13,"enemies":"Lots of Slimes","floor":10,"turns":3},{"damage":19,"enemies":"Large Slime","floor":12,"turns":5},{"damage":11,"enemies":"The Guardian","floor":16,"turns":8},{"damage":46,"enemies":"Spheric Guardian","floor":18,"turns":5},{"damage":10,"enemies":"Shell Parasite","floor":22,"turns":3}],"seed_played":"-2664500904109510789","potions_obtained":[{"floor":1,"key":"PowerPotion"},{"floor":5,"key":"LiquidBronze"},{"floor":7,"key":"EssenceOfSteel"},{"floor":12,"key":"Block Potion"}],"is_trial":false,"path_per_floor":["M","?","$","?","M","R","E","M","T","M","R","M","R","?","R","B",null,"M","?","$","?","M"],"character_chosen":"THE_SILENT","items_purchased":["Deadly Poison","Slice","Dash","Deflect"],"campfire_rested":1,"item_purchase_floors":[3,3,20,20],"current_hp_per_floor":[59,36,36,36,36,36,36,33,33,20,39,20,20,20,20,9,52,6,6,6,6,0],"gold":165,"neow_bonus":"THREE_ENEMY_KILL","is_prod":false,"is_daily":false,"chose_seed":false,"campfire_upgraded":3,"win_rate":0,"timestamp":1562161605,"path_taken":["M","?","$","?","M","R","E","M","T","M","R","M","R","?","R","BOSS","M","?","?","?","M"],"build_version":"2019-01-23","purchased_purges":0,"victory":false,"max_hp_per_floor":[66,66,66,66,66,66,66,66,66,66,66,66,66,66,66,66,66,66,66,66,66,66],"card_choices":[{"not_picked":["Infinite Blades","Tactician"],"picked":"Well Laid Plans","floor":1},{"not_picked":["Blade Dance","Flying Knee"],"picked":"Cloak And Dagger","floor":5},{"not_picked":["Blade Dance","Eviscerate"],"picked":"Heel Hook","floor":7},{"not_picked":["Sucker Punch","Flying Knee"],"picked":"Dagger Spray","floor":8},{"not_picked":["Infinite Blades","Dash"],"picked":"Bane","floor":10},{"not_picked":["Leg Sweep","PiercingWail"],"picked":"Masterful Stab","floor":12},{"not_picked":["Unload","Doppelganger"],"picked":"Glass Knife","floor":16},{"not_picked":["Flying Knee+1","Backstab"],"picked":"Leg Sweep","floor":18}],"player_experience":2667483,"relics_obtained":[{"floor":7,"key":"Juzu Bracelet"},{"floor":9,"key":"Bronze Scales"}],"event_choices":[{"damage_healed":0,"gold_gain":0,"player_choice":"Take Damage","damage_taken":23,"relics_obtained":["Golden Idol"],"max_hp_gain":0,"max_hp_loss":0,"event_name":"Golden Idol","floor":2,"gold_loss":0},{"damage_healed":0,"gold_gain":0,"player_choice":"Left Gold","damage_taken":0,"max_hp_gain":0,"max_hp_loss":0,"event_name":"World of Goop","floor":4,"gold_loss":7},{"cards_removed":["Strike_G"],"damage_healed":0,"gold_gain":0,"player_choice":"Offered Basic","damage_taken":0,"max_hp_gain":0,"max_hp_loss":0,"event_name":"Bonfire Elementals","floor":14,"gold_loss":0},{"damage_healed":0,"gold_gain":0,"player_choice":"Forge","damage_taken":0,"max_hp_gain":0,"max_hp_loss":0,"event_name":"Accursed Blacksmith","floor":19,"gold_loss":0,"cards_upgraded":["Leg Sweep"]},{"damage_healed":0,"gold_gain":0,"player_choice":"Ignored","damage_taken":0,"max_hp_gain":0,"max_hp_loss":0,"event_name":"Cursed Tome","floor":21,"gold_loss":0}],"is_beta":false,"boss_relics":[{"not_picked":["Lizard Tail","Black Star"],"picked":"Sozu"}],"items_purged_floors":[],"is_endless":false,"potions_floor_spawned":[1,5,7,12],"killed_by":"Shell Parasite","ascension_level":19}