{"gold_per_floor":[116,132,4,0,20,20,82,82,82,100,100,63,75,75,75,175,175,158,158,158,178,19,19,19,35,62,62,62,13,13,31,31,31],"floor_reached":33,"playtime":1128,"items_purged":[],"score":233,"play_id":"6973ed4a-9b58-4c4f-8aee-566db90aa3ff","local_time":"20190716191351","is_ascension_mode":false,"campfire_choices":[{"floor":8,"key":"REST"},{"floor":11,"key":"REST"},{"floor":15,"key":"REST"},{"floor":24,"key":"REST"},{"floor":27,"key":"REST"},{"floor":30,"key":"REST"},{"floor":32,"key":"REST"}],"neow_cost":"NONE","seed_source_timestamp":161345541343790,"circlet_count":0,"master_deck":["Strike_G","Strike_G","Strike_G","Strike_G","Strike_G","Defend_G","Defend_G","Defend_G","Defend_G","Defend_G","Survivor","Neutralize","Quick Slash","Blade Dance","Blur","Slice","Blade Dance+1","Quick Slash","Infinite Blades","Well Laid Plans","Infinite Blades","Bullet Time","Deadly Poison","Cloak And Dagger+1","Storm of Steel","J.A.X.+1","Flying Knee","Blade Dance","Cloak And Dagger"],"relics":["Ring of the Snake","NeowsBlessing","Smiling Mask","Letter Opener","Fusion Hammer","Sundial","War Paint","Dodecahedron"],"potions_floor_usage":[7,18,33],"damage_taken":[{"damage":0,"enemies":"Jaw Worm","floor":1,"turns":1},{"damage":0,"enemies":"Small Slimes","floor":2,"turns":1},{"damage":0,"enemies":"2 Louse","floor":5,"turns":1},{"damage":44,"enemies":"Gremlin Nob","floor":7,"turns":6},{"damage":10,"enemies":"Exordium Wildlife","floor":10,"turns":2},{"damage":6,"enemies":"Blue Slaver","floor":13,"turns":4},{"damage":64,"enemies":"Hexaghost","floor":16,"turns":14},{"damage":14,"enemies":"2 Thieves","floor":18,"turns":4},{"damage":9,"enemies":"Shell Parasite","floor":21,"turns":6},{"damage":31,"enemies":"Snake Plant","floor":25,"turns":6},{"damage":8,"enemies":"Chosen and Byrds","floor":31,"turns":4},{"damage":96,"enemies":"Collector","floor":33,"turns":6}],"seed_played":"4875789733607147383","potions_obtained":[{"floor":1,"key":"Energy Potion"},{"floor":7,"key":"Swift Potion"},{"floor":18,"key":"GhostInAJar"},{"floor":31,"key":"GamblersBrew"}],"is_trial":false,"path_per_floor":["M","M","$","?","M","?","?","R","T","M","R","$","M","?","R","B",null,"M","?","T","M","$","?","R","M","T","R","T","$","R","M","R","B"],"character_chosen":"THE_SILENT","items_purchased":["Blur","Slice","Well Laid Plans","Storm of Steel","Blade Dance"],"campfire_rested":7,"item_purchase_floors":[3,3,12,22,29],"current_hp_per_floor":[70,70,70,70,70,70,26,47,47,37,58,58,52,52,70,6,70,56,56,56,47,47,47,68,37,37,58,58,58,70,62,70,0],"gold":31,"neow_bonus":"THREE_ENEMY_KILL","is_prod":false,"is_daily":false,"chose_seed":false,"campfire_upgraded":0,"win_rate":0.0,"timestamp":1563315231,"path_taken":["M","M","$","?","M","?","?","R","T","M","R","$","M","?","R","BOSS","M","?","?","M","$","?","R","M","T","R","?","$","R","?","R","BOSS"],"build_version":"2019-07-05","purchased_purges":0,"victory":false,"max_hp_per_floor":[70,70,70,70,70,70,70,70,70,70,70,70,70,70,70,70,70,70,70,70,70,70,70,70,70,70,70,70,70,70,70,70,70],"card_choices":[{"not_picked":["Accuracy","Outmaneuver"],"picked":"Quick Slash","floor":1},{"not_picked":["Masterful Stab","Poisoned Stab"],"picked":"Blade Dance","floor":2},{"not_picked":["Concentrate","Underhanded Strike"],"picked":"Blade Dance","floor":5},{"not_picked":["Leg Sweep","PiercingWail"],"picked":"Quick Slash","floor":7},{"not_picked":["Prepared","Deadly Poison"],"picked":"Infinite Blades","floor":10},{"not_picked":["Outmaneuver","Footwork"],"picked":"Infinite Blades","floor":13},{"not_picked":["Unload","A Thousand Cuts"],"picked":"Bullet Time","floor":16},{"not_picked":["Calculated Gamble","Flying Knee"],"picked":"Deadly Poison","floor":18},{"not_picked":["Backstab","Blade Dance"],"picked":"Cloak And Dagger+1","floor":21},{"not_picked":["Sucker Punch","Escape Plan"],"picked":"Flying Knee","floor":25},{"not_picked":["Dagger Throw","Sucker Punch+1"],"picked":"Cloak And Dagger","floor":31}],"player_experience":172476,"relics_obtained":[{"floor":7,"key":"Smiling Mask"},{"floor":9,"key":"Letter Opener"},{"floor":20,"key":"Sundial"},{"floor":26,"key":"War Paint"},{"floor":28,"key":"Dodecahedron"}],"event_choices":[{"damage_healed":0,"gold_gain":0,"player_choice":"Left Gold","damage_taken":0,"max_hp_gain":0,"max_hp_loss":0,"event_name":"World of Goop","floor":4,"gold_loss":4},{"damage_healed":0,"gold_gain":0,"player_choice":"Ignored","damage_taken":0,"max_hp_gain":0,"max_hp_loss":0,"event_name":"Liars Game","floor":6,"gold_loss":0},{"damage_healed":0,"gold_gain":0,"player_choice":"Searched \u00271\u0027 times","damage_taken":0,"max_hp_gain":0,"max_hp_loss":0,"event_name":"Dead Adventurer","floor":7,"gold_loss":0},{"damage_healed":0,"gold_gain":0,"player_choice":"Ignored","damage_taken":0,"max_hp_gain":0,"max_hp_loss":0,"event_name":"Golden Wing","floor":14,"gold_loss":0},{"damage_healed":0,"gold_gain":0,"player_choice":"Ignored","damage_taken":0,"max_hp_gain":0,"max_hp_loss":0,"event_name":"Ghosts","floor":19,"gold_loss":0},{"damage_healed":0,"gold_gain":0,"player_choice":"Obtain J.A.X.","damage_taken":0,"max_hp_gain":0,"max_hp_loss":0,"event_name":"Drug Dealer","floor":23,"gold_loss":0,"cards_obtained":["J.A.X."]}],"is_beta":false,"boss_relics":[{"not_picked":["HoveringKite","Ring of the Serpent"],"picked":"Fusion Hammer"}],"items_purged_floors":[],"is_endless":false,"potions_floor_spawned":[1,7,18,31],"killed_by":"Collector","ascension_level":0}