{"path_per_floor":["M","M","M","?","?","R","E","R","T","M","?","$","M","M","R","B",null,"M","M","?","M","$","R","?","?","T","M","M","R","M","M","R"],"character_chosen":"IRONCLAD","items_purchased":["Finesse","Whetstone"],"gold_per_floor":[111,122,133,133,133,133,133,133,181,193,193,101,115,127,127,229,229,239,256,256,272,118,118,218,218,264,279,294,294,305,324,324],"floor_reached":33,"campfire_rested":6,"playtime":5710,"current_hp_per_floor":[74,72,73,73,78,85,38,63,63,57,50,50,45,40,65,9,85,59,50,50,39,39,64,64,64,64,35,19,44,35,37,62],"items_purged":[],"gold":324,"play_id":"6bed00a6-4c7f-415e-81e2-c0b2a1340e58","is_prod":false,"is_daily":false,"is_ascension_mode":false,"campfire_upgraded":0,"path_taken":["M","?","M","?","?","R","E","R","T","M","?","$","M","M","R","BOSS","M","?","?","M","$","R","?","?","T","M","M","R","M","M","R","BOSS"],"build_version":"2018-01-25-PROD3","purchased_purges":0,"victory":false,"master_deck":["Strike_R+1","Strike_R","Strike_R","Strike_R","Strike_R","Defend_R","Defend_R","Defend_R","Defend_R","Bash","Shrug It Off","Cleave","Twin Strike","Thunderclap","Juggernaut","Finesse","Body Slam","Shrug It Off","Offering","Body Slam+1","Headbutt+1","Dual Wield","Rampage","Infernal Blade","Whirlwind+1","Disarm","Demon Form"],"max_hp_per_floor":[80,80,80,80,85,85,85,85,85,85,85,85,85,85,85,85,85,85,85,85,85,85,85,85,85,85,85,85,85,85,85,85],"relics":["Burning Blood","Bottled Flame","Anchor","Girya","Velvet Choker","Whetstone","Bag of Marbles"],"card_choices":[{"not_picked":["True Grit","Warcry"],"picked":"Shrug It Off"},{"not_picked":["Reckless Charge","Bloodletting"],"picked":"Cleave"},{"not_picked":["Rage","Sword Boomerang"],"picked":"Twin Strike"},{"not_picked":["Armaments","Bloodletting"],"picked":"Thunderclap"},{"not_picked":["Thunderclap","Rampage"],"picked":"Juggernaut"},{"not_picked":["True Grit","Sword Boomerang"],"picked":"Body Slam"},{"not_picked":["Clash","Hemokinesis"],"picked":"Shrug It Off"},{"not_picked":["Reaper","Impervious"],"picked":"Offering"},{"not_picked":["Clash","Warcry"],"picked":"Body Slam"},{"not_picked":["Rupture","Fire Breathing"],"picked":"Headbutt"},{"not_picked":["Clash","Perfected Strike"],"picked":"Dual Wield"},{"not_picked":["Perfected Strike","Twin Strike"],"picked":"Infernal Blade"},{"not_picked":["Clash","Burning Pact"],"picked":"Whirlwind"},{"not_picked":["Sword Boomerang","True Grit"],"picked":"Disarm"},{"not_picked":["Thunderclap","Twin Strike"],"picked":"Demon Form"}],"player_experience":0,"potions_floor_usage":[16,16,16,21,28,28,30],"damage_taken":[{"damage":12,"enemies":"Blue Slaver","floor":1,"turns":7},{"damage":8,"enemies":"2 Louse","floor":2,"turns":3},{"damage":5,"enemies":"Small Slimes","floor":3,"turns":4},{"damage":53,"enemies":"Lagavulin","floor":7,"turns":8},{"damage":12,"enemies":"Looter","floor":10,"turns":4},{"damage":11,"enemies":"Exordium Thugs","floor":13,"turns":5},{"damage":11,"enemies":"Exordium Wildlife","floor":14,"turns":4},{"damage":62,"enemies":"The Guardian","floor":16,"turns":12},{"damage":32,"enemies":"Spheric Guardian","floor":18,"turns":6},{"damage":15,"enemies":"Chosen","floor":19,"turns":5},{"damage":17,"enemies":"Centurion and Healer","floor":21,"turns":5},{"damage":35,"enemies":"3 Cultists","floor":27,"turns":5},{"damage":28,"enemies":"Snake Plant","floor":28,"turns":5},{"damage":15,"enemies":"Slaver and Parasite","floor":30,"turns":3},{"damage":4,"enemies":"3 Cultists","floor":31,"turns":2},{"damage":67,"enemies":"Champ","floor":33,"turns":10}],"event_choices":[{"event_name":"The Cleric","player_choice":"Leave","floor":4,"damage_taken":0},{"event_name":"Big Fish","player_choice":"Donut","floor":5,"damage_taken":0},{"event_name":"Scrap Ooze","player_choice":"success","floor":11,"damage_taken":7},{"event_name":"The Lab","player_choice":"Got Potions","floor":20,"damage_taken":0},{"event_name":"Golden Shrine","player_choice":"Pray","floor":24,"damage_taken":0},{"event_name":"The Library","player_choice":"Read","floor":25,"damage_taken":0}],"boss_relics":[{"not_picked":["Calling Bell","Tiny House"],"picked":"Velvet Choker"}],"potions_floor_spawned":[2,3,13,14,19,21,27],"seed_played":"3802525171469268425","killed_by":"Champ","ascension_level":0,"is_trial":false}