{"gold_per_floor":[118,118,132,132,132,176,190,224,292,292,317,342,342,363,363,462,462,486,585,151,174,193,193,193],"floor_reached":24,"playtime":3532,"items_purged":["Strike_B"],"score":384,"play_id":"862ae664-3975-436f-8a9d-7a93921cf7bc","local_time":"20190203022636","is_ascension_mode":true,"campfire_choices":[{"data":"Genetic Algorithm","floor":10,"key":"SMITH"},{"floor":15,"key":"REST"},{"floor":23,"key":"REST"}],"neow_cost":"NONE","seed_source_timestamp":627594432028707,"circlet_count":0,"master_deck":["AscendersBane","Strike_B","Strike_B","Strike_B","Defend_B","Defend_B","Defend_B","Zap+1","Dualcast","Leap","Genetic Algorithm+1","Go for the Eyes","Sweeping Beam","Chill","White Noise","Streamline","Tempest","Thunder Strike","Rip and Tear","Hologram","Go for the Eyes"],"special_seed":0,"relics":["Cracked Core","NeowsBlessing","Golden Idol","Gambling Chip","Regal Pillow","Mummified Hand","Black Star","Oddly Smooth Stone","Strange Spoon"],"potions_floor_usage":[8,8,12,16,16,22,24],"damage_taken":[{"damage":0.0,"enemies":"2 Louse","floor":1.0,"turns":1.0},{"damage":0.0,"enemies":"Jaw Worm","floor":3.0,"turns":1.0},{"damage":0.0,"enemies":"Lagavulin","floor":6.0,"turns":1.0},{"damage":0.0,"enemies":"Small Slimes","floor":7.0,"turns":3.0},{"damage":8,"enemies":"Gremlin Nob","floor":8,"turns":3},{"damage":2,"enemies":"Exordium Wildlife","floor":11,"turns":6},{"damage":4,"enemies":"Blue Slaver","floor":12,"turns":3},{"damage":2,"enemies":"Exordium Thugs","floor":14,"turns":5},{"damage":18,"enemies":"Slime Boss","floor":16,"turns":11},{"damage":8,"enemies":"Chosen","floor":18,"turns":6},{"damage":13,"enemies":"Spheric Guardian","floor":21,"turns":4},{"damage":12,"enemies":"Centurion and Healer","floor":22,"turns":8},{"damage":87,"enemies":"Gremlin Leader","floor":24,"turns":10}],"seed_played":"5950268647758149781","potions_obtained":[{"floor":3.0,"key":"FearPotion"},{"floor":7.0,"key":"Strength Potion"},{"floor":8,"key":"EntropicBrew"},{"floor":12,"key":"SpeedPotion"},{"floor":16,"key":"Fire Potion"},{"floor":21,"key":"SkillPotion"}],"is_trial":false,"path_per_floor":["M","?","M","?","?","E","M","E","T","R","M","M","?","M","R","B",null,"M","?","$","M","M","R","E"],"character_chosen":"DEFECT","items_purchased":["Oddly Smooth Stone","Strange Spoon"],"campfire_rested":2,"item_purchase_floors":[20,20],"current_hp_per_floor":[68,50,50,43,43,43,43,35,35,35,33,29,29,27,64,46,68,60,60,60,47,35,72,0],"gold":193,"neow_bonus":"THREE_ENEMY_KILL","is_prod":false,"is_daily":false,"chose_seed":false,"campfire_upgraded":1,"win_rate":0,"timestamp":1549178796,"path_taken":["M","?","M","?","?","E","M","E","T","R","M","M","?","?","R","BOSS","M","?","$","M","M","R","E"],"build_version":"2019-01-23","purchased_purges":1,"victory":false,"max_hp_per_floor":[75,75,75,75,75,75,75,75,75,75,75,75,75,75,75,75,75,75,75,75,75,75,75,75],"card_choices":[{"not_picked":["Redo","Steam Power"],"picked":"Leap","floor":1.0},{"not_picked":["Barrage","Hologram"],"picked":"Genetic Algorithm","floor":3.0},{"not_picked":["Storm","Genetic Algorithm"],"picked":"Go for the Eyes","floor":6.0},{"not_picked":["Recycle","Stack"],"picked":"Sweeping Beam","floor":7.0},{"not_picked":["Glacier","Darkness"],"picked":"Chill","floor":8},{"not_picked":["Capacitor","Hologram"],"picked":"White Noise","floor":11},{"not_picked":["Cold Snap","Double Energy"],"picked":"Streamline","floor":12},{"not_picked":["Force Field","Glacier"],"picked":"Tempest","floor":14},{"not_picked":["Seek","Reboot"],"picked":"Thunder Strike","floor":16},{"not_picked":["Compile Driver","Barrage"],"picked":"Rip and Tear","floor":18},{"not_picked":["Redo","Coolheaded"],"picked":"Hologram","floor":21},{"not_picked":["Genetic Algorithm","Gash"],"picked":"Go for the Eyes","floor":22}],"player_experience":2254582,"relics_obtained":[{"floor":6.0,"key":"Gambling Chip"},{"floor":8,"key":"Regal Pillow"},{"floor":9,"key":"Mummified Hand"}],"event_choices":[{"damage_healed":0.0,"max_hp_gain":0.0,"max_hp_loss":0.0,"gold_gain":0.0,"event_name":"Golden Idol","player_choice":"Take Damage","floor":2.0,"gold_loss":0.0,"damage_taken":18.0,"relics_obtained":["Golden Idol"]},{"cards_removed":["Defend_B"],"damage_healed":0.0,"max_hp_gain":0.0,"max_hp_loss":0.0,"gold_gain":0.0,"event_name":"Golden Wing","player_choice":"Card Removal","floor":4.0,"gold_loss":0.0,"damage_taken":7.0},{"damage_healed":0.0,"max_hp_gain":0.0,"max_hp_loss":0.0,"gold_gain":0.0,"event_name":"Scrap Ooze","player_choice":"Fled","floor":5.0,"gold_loss":0.0,"damage_taken":0.0},{"damage_healed":0,"gold_gain":0,"player_choice":"Grow","damage_taken":0,"max_hp_gain":0,"max_hp_loss":0,"event_name":"Living Wall","floor":13,"gold_loss":0,"cards_upgraded":["Zap"]},{"damage_healed":0,"gold_gain":99,"player_choice":"Stole From Cult","damage_taken":0,"max_hp_gain":0,"max_hp_loss":0,"event_name":"Nest","floor":19,"gold_loss":0}],"is_beta":false,"boss_relics":[{"not_picked":["Pandora\u0027s Box","Velvet Choker"],"picked":"Black Star"}],"items_purged_floors":[20],"is_endless":false,"potions_floor_spawned":[3,7,8,12,16,21],"killed_by":"Gremlin Leader","ascension_level":13}