{"gold_per_floor":[114,16,66,66,141,141,171,171,246,37,67,67,82,97,97,197,197,212,227,242,257,272,272,75,90,115,115,145,175,190,85,85,185,185,200,240,255,11,111,111,126,126,126,126,181,211,251,251],"floor_reached":48,"playtime":6289,"items_purged":[],"score":740,"play_id":"3a8dc90c-de8c-428a-a90d-5a4904810b9d","local_time":"20181026011846","daily_mods":["Shiny","Colorless Cards","DeadlyEvents"],"is_ascension_mode":false,"campfire_choices":[{"data":"Armaments","floor":6.0,"key":"SMITH"},{"floor":8.0,"key":"REST"},{"data":"Limit Break","floor":12.0,"key":"SMITH"},{"data":"Mayhem","floor":15.0,"key":"SMITH"},{"floor":23.0,"key":"REST"},{"floor":27.0,"key":"REST"},{"floor":32,"key":"REST"},{"floor":40,"key":"REST"},{"floor":42,"key":"REST"},{"data":"1","floor":44,"key":"LIFT"}],"neow_cost":"","seed_source_timestamp":0,"circlet_count":0,"master_deck":["Double Tap","Demon Form","Bludgeon","Feed","Limit Break+1","Barricade","Fiend Fire","Dark Embrace","Berserk","Impervious","Juggernaut","Brutality","Reaper","Exhume","Offering","Immolate","Armaments+1","Thunderclap","Clothesline","Spot Weakness","Impatience","Mayhem+1","Iron Wave+1","Clothesline+1","Combust","Mind Blast+1","Apotheosis","Armaments+1","Headbutt+1","Rage","Shrug It Off+1","Heavy Blade+1","Armaments","Finesse","Dramatic Entrance+1","Iron Wave+1","HandOfGreed+1","Shrug It Off+1","Rupture","Body Slam+1","Pommel Strike+1","HandOfGreed+1","Heavy Blade+1","Dark Shackles","Dark Shackles","Battle Trance","Bludgeon+1","Havoc+1","Headbutt+1","Enlightenment+1","Metallicize+1","Havoc+1","Impatience+1","Bloodletting+1"],"special_seed":17830,"relics":["Burning Blood","Dream Catcher","Ancient Tea Set","Molten Egg 2","Paper Frog","Philosopher\u0027s Stone","Regal Pillow","Red Skull","Girya","Centennial Puzzle","Black Star","Mango","Torii","Unceasing Top","Du-Vu Doll","Gremlin Horn","Self Forming Clay"],"potions_floor_usage":[33,37,46,46],"damage_taken":[{"damage":12.0,"enemies":"Cultist","floor":1.0,"turns":2.0},{"damage":28.0,"enemies":"3 Sentries","floor":7.0,"turns":3.0},{"damage":13.0,"enemies":"Gremlin Nob","floor":11.0,"turns":2.0},{"damage":6.0,"enemies":"Small Slimes","floor":13.0,"turns":1.0},{"damage":20.0,"enemies":"Jaw Worm","floor":14.0,"turns":3.0},{"damage":14.0,"enemies":"Slime Boss","floor":16.0,"turns":6.0},{"damage":19.0,"enemies":"Shell Parasite","floor":18.0,"turns":3.0},{"damage":27.0,"enemies":"Chosen","floor":19.0,"turns":5.0},{"damage":48.0,"enemies":"Centurion and Healer","floor":20.0,"turns":4.0},{"damage":0.0,"enemies":"Snake Plant","floor":21.0,"turns":3.0},{"damage":10.0,"enemies":"Snecko","floor":22.0,"turns":3.0},{"damage":28.0,"enemies":"Shelled Parasite and Fungi","floor":25.0,"turns":4.0},{"damage":7.0,"enemies":"Gremlin Leader","floor":28.0,"turns":2.0},{"damage":18.0,"enemies":"Book of Stabbing","floor":29.0,"turns":3.0},{"damage":20.0,"enemies":"Centurion and Healer","floor":30.0,"turns":3.0},{"damage":53,"enemies":"Automaton","floor":33,"turns":5},{"damage":6,"enemies":"Orb Walker","floor":35,"turns":1},{"damage":41,"enemies":"3 Shapes","floor":36,"turns":4},{"damage":26,"enemies":"Transient","floor":37,"turns":5},{"damage":38,"enemies":"Mind Bloom Boss Battle","floor":39,"turns":5},{"damage":15,"enemies":"3 Darklings","floor":41,"turns":5},{"damage":20,"enemies":"Giant Head","floor":45,"turns":7},{"damage":40,"enemies":"Nemesis","floor":46,"turns":9},{"damage":3,"enemies":"4 Shapes","floor":47,"turns":2},{"damage":106,"enemies":"Giant Head","floor":48,"turns":8}],"seed_played":"4193333135353494508","potions_obtained":[{"floor":11.0,"key":"SteroidPotion"},{"floor":21.0,"key":"AttackPotion"},{"floor":28.0,"key":"Dexterity Potion"},{"floor":29.0,"key":"SmokeBomb"},{"floor":33,"key":"SkillPotion"},{"floor":35,"key":"SteroidPotion"},{"floor":41,"key":"Weak Potion"},{"floor":45,"key":"SkillPotion"},{"floor":46,"key":"SkillPotion"}],"is_trial":false,"path_per_floor":["M","$","T","?","?","R","E","R","T","$","E","R","M","M","R","B",null,"M","M","M","M","M","R","$","M","T","R","E","E","M","$","R","B",null,"M","M","M","$","?","R","M","R","T","R","E","E","M"],"character_chosen":"IRONCLAD","items_purchased":["Thunderclap","Clothesline","Mayhem","Iron Wave+1","Regal Pillow","Armaments","Rupture","Body Slam+1","Battle Trance","Bludgeon+1"],"campfire_rested":6,"item_purchase_floors":[2,2,10,10,24,24,31,31,38,38],"current_hp_per_floor":[78,78,78,78,67,67,48,72,72,72,65,65,73,62,62,57,86,73,60,27,37,33,62,62,56,56,97,100,88,77,77,104,57,104,104,73,61,61,43,94,85,122,122,122,108,82,95,0],"gold":251,"neow_bonus":"","is_prod":false,"is_daily":true,"chose_seed":false,"campfire_upgraded":3,"win_rate":0,"timestamp":1540531126,"path_taken":["M","$","?","?","?","R","E","R","T","$","E","R","M","M","R","BOSS","M","M","M","M","M","R","?","M","T","R","E","?","M","$","R","BOSS","M","M","M","$","?","R","M","R","T","R","?","?","M","E"],"build_version":"2018-10-25","purchased_purges":0,"victory":false,"max_hp_per_floor":[80,80,80,80,80,80,83,83,83,83,83,83,83,86,86,86,86,86,90,93,97,97,97,97,97,97,97,101,101,104,104,104,104,104,104,108,108,108,122,122,122,122,122,122,122,122,122,122],"card_choices":[{"not_picked":["Purity","Anger"],"picked":"Armaments","floor":1.0},{"not_picked":["Thunderclap","Warcry"],"picked":"Spot Weakness","floor":7.0},{"not_picked":["Iron Wave","Flash of Steel"],"picked":"Impatience","floor":8.0},{"not_picked":["Feel No Pain","Rupture"],"picked":"Clothesline+1","floor":11.0},{"not_picked":["Second Wind","Clash+1"],"picked":"Combust","floor":13.0},{"not_picked":["PanicButton","Forethought"],"picked":"Mind Blast+1","floor":14.0},{"not_picked":["Metamorphosis","Fiend Fire+1"],"picked":"Apotheosis","floor":16.0},{"not_picked":["Thunderclap+1","Reckless Charge+1"],"picked":"Armaments+1","floor":18.0},{"not_picked":["Clash+1","Body Slam+1"],"picked":"Headbutt+1","floor":19.0},{"not_picked":["Sword Boomerang+1","Anger+1"],"picked":"Rage","floor":20.0},{"not_picked":["Twin Strike+1","Bandage Up"],"picked":"Shrug It Off+1","floor":21.0},{"not_picked":["Thunderclap+1","Clash+1","Second Wind"],"picked":"SKIP","floor":22.0},{"not_picked":["True Grit+1","Purity"],"picked":"Heavy Blade+1","floor":23.0},{"not_picked":["Flex","Havoc"],"picked":"Finesse","floor":25.0},{"not_picked":["Cleave+1","Body Slam+1"],"picked":"Dramatic Entrance+1","floor":27.0},{"not_picked":["Anger+1","Warcry"],"picked":"Iron Wave+1","floor":28.0},{"not_picked":["Havoc","Clothesline+1"],"picked":"HandOfGreed+1","floor":29.0},{"not_picked":["Madness","Flex"],"picked":"Shrug It Off+1","floor":30.0},{"not_picked":["Body Slam+1","Twin Strike+1"],"picked":"Pommel Strike+1","floor":32},{"not_picked":["Transmutation","Panache"],"picked":"HandOfGreed+1","floor":33},{"not_picked":["Iron Wave+1","Pommel Strike+1"],"picked":"Heavy Blade+1","floor":35},{"not_picked":["Wild Strike+1","Sword Boomerang+1"],"picked":"Dark Shackles","floor":36},{"not_picked":["Dropkick+1","Flex"],"picked":"Dark Shackles","floor":37},{"not_picked":["Cleave+1","Perfected Strike+1"],"picked":"Havoc+1","floor":39},{"not_picked":["Anger+1","Twin Strike+1"],"picked":"Headbutt+1","floor":40},{"not_picked":["Thunderclap+1","Infernal Blade+1"],"picked":"Enlightenment+1","floor":41},{"not_picked":["Battle Trance","Double Tap"],"picked":"Metallicize+1","floor":42},{"not_picked":["Dramatic Entrance+1","Combust+1"],"picked":"Havoc+1","floor":45},{"not_picked":["Clash+1","Bandage Up+1"],"picked":"Impatience+1","floor":46},{"not_picked":["Madness+1","Heavy Blade+1"],"picked":"Bloodletting+1","floor":47}],"player_experience":1892458,"relics_obtained":[{"floor":3.0,"key":"Dream Catcher"},{"floor":7.0,"key":"Ancient Tea Set"},{"floor":9.0,"key":"Molten Egg 2"},{"floor":11.0,"key":"Paper Frog"},{"floor":26.0,"key":"Red Skull"},{"floor":28.0,"key":"Girya"},{"floor":29.0,"key":"Centennial Puzzle"},{"floor":39,"key":"Mango"},{"floor":43,"key":"Torii"},{"floor":45,"key":"Unceasing Top"},{"floor":45,"key":"Du-Vu Doll"},{"floor":46,"key":"Gremlin Horn"},{"floor":46,"key":"Self Forming Clay"}],"event_choices":[{"damage_healed":0.0,"max_hp_gain":0.0,"max_hp_loss":0.0,"gold_gain":0.0,"event_name":"Liars Game","player_choice":"Ignored","floor":4.0,"gold_loss":0.0,"damage_taken":0.0},{"damage_healed":0.0,"max_hp_gain":0.0,"max_hp_loss":0.0,"gold_gain":75.0,"event_name":"World of Goop","player_choice":"Gather Gold","floor":5.0,"gold_loss":0.0,"damage_taken":11.0},{"damage_healed":0,"gold_gain":0,"player_choice":"Fight","damage_taken":0,"max_hp_gain":0,"max_hp_loss":0,"event_name":"MindBloom","floor":39,"gold_loss":0}],"is_beta":false,"boss_relics":[{"not_picked":["Calling Bell","Empty Cage"],"picked":"Philosopher\u0027s Stone"},{"not_picked":["White Beast Statue","Lizard Tail"],"picked":"Black Star"}],"items_purged_floors":[],"is_endless":false,"potions_floor_spawned":[11,21,28,29,33,35,41,45,46],"killed_by":"Giant Head","ascension_level":0}