{"gold_per_floor":[109,15,15,0,11,11,11,43,70,70,81,112,112,128,128,232,232,243,10,30,40,53,53,53],"floor_reached":24,"playtime":1977,"items_purged":[],"score":216,"play_id":"3bf47716-79af-4713-ab43-e92984ac62a9","local_time":"20190717111627","is_ascension_mode":true,"campfire_choices":[{"data":"Impervious","floor":7,"key":"SMITH"},{"floor":10,"key":"REST"},{"floor":13,"key":"REST"},{"data":"Demon Form","floor":15,"key":"SMITH"}],"neow_cost":"NONE","seed_source_timestamp":175319288324867,"circlet_count":0,"master_deck":["Strike_R","Strike_R","Strike_R","Strike_R","Strike_R","Defend_R","Defend_R","Defend_R","Defend_R","Bash","Impervious+1","Sword Boomerang","Shrug It Off","Reckless Charge","Anger","Regret","Flame Barrier","Demon Form+1","Sword Boomerang","Perfected Strike","Impervious","Shockwave+1","Evolve","Secret Technique","Wild Strike+1","Anger","Pummel","Pain"],"relics":["Burning Blood","Ancient Tea Set","Bag of Marbles","Juzu Bracelet","Smiling Mask","PreservedInsect","Lizard Tail","WarpedTongs"],"potions_floor_usage":[11,12,21,22],"damage_taken":[{"damage":17,"enemies":"Cultist","floor":1,"turns":7},{"damage":6,"enemies":"Jaw Worm","floor":5,"turns":5},{"damage":23,"enemies":"3 Sentries","floor":8,"turns":9},{"damage":0,"enemies":"Small Slimes","floor":11,"turns":1},{"damage":25,"enemies":"Lagavulin","floor":12,"turns":8},{"damage":0,"enemies":"3 Louse","floor":14,"turns":1},{"damage":34,"enemies":"Hexaghost","floor":16,"turns":9},{"damage":22,"enemies":"3 Byrds","floor":18,"turns":6},{"damage":21,"enemies":"Shell Parasite","floor":20,"turns":6},{"damage":40,"enemies":"Centurion and Healer","floor":21,"turns":8},{"damage":19,"enemies":"Chosen and Byrds","floor":22,"turns":7},{"damage":82,"enemies":"3 Cultists","floor":24,"turns":7}],"seed_played":"3852095261340670229","potions_obtained":[{"floor":1,"key":"Fire Potion"},{"floor":8,"key":"SpeedPotion"},{"floor":16,"key":"Block Potion"},{"floor":18,"key":"BloodPotion"}],"is_trial":false,"path_per_floor":["M","$","T","?","M","?","R","E","T","R","M","E","R","M","R","B",null,"M","$","M","M","M","?","M"],"character_chosen":"IRONCLAD","items_purchased":["Shrug It Off","Reckless Charge","Evolve","Secret Technique"],"campfire_rested":2,"item_purchase_floors":[2,2,19,19],"current_hp_per_floor":[69,69,69,69,69,69,69,52,52,76,80,61,80,80,80,52,80,64,64,49,35,22,22,0],"gold":53,"neow_bonus":"ONE_RANDOM_RARE_CARD","is_prod":false,"is_daily":false,"chose_seed":false,"campfire_upgraded":2,"win_rate":0,"timestamp":1563372987,"path_taken":["M","$","?","?","M","?","R","E","T","R","M","E","R","M","R","BOSS","M","$","M","M","M","?","M"],"build_version":"2019-07-05","purchased_purges":0,"victory":false,"max_hp_per_floor":[80,80,80,80,80,80,80,80,80,80,80,80,80,80,80,80,80,80,80,80,80,80,80,80],"card_choices":[{"not_picked":["Second Wind","Warcry"],"picked":"Sword Boomerang","floor":1},{"not_picked":["Wild Strike","Entrench"],"picked":"Anger","floor":5},{"not_picked":["Thunderclap","Infernal Blade"],"picked":"Flame Barrier","floor":8},{"not_picked":["Armaments","Rampage"],"picked":"Demon Form","floor":11},{"not_picked":["Intimidate","Sentinel"],"picked":"Sword Boomerang","floor":12},{"not_picked":["Armaments","Heavy Blade"],"picked":"Perfected Strike","floor":14},{"not_picked":["Dark Embrace","Double Tap"],"picked":"Impervious","floor":16},{"not_picked":["Clothesline","Power Through"],"picked":"Shockwave+1","floor":18},{"not_picked":["Clothesline","Pommel Strike"],"picked":"Wild Strike+1","floor":20},{"not_picked":["Fire Breathing","Wild Strike"],"picked":"Anger","floor":21},{"not_picked":["Battle Trance","Havoc"],"picked":"Pummel","floor":22}],"player_experience":178787,"relics_obtained":[{"floor":3,"key":"Ancient Tea Set"},{"floor":8,"key":"Juzu Bracelet"},{"floor":9,"key":"Smiling Mask"},{"floor":12,"key":"PreservedInsect"}],"event_choices":[{"damage_healed":0,"gold_gain":0,"player_choice":"Left Gold","damage_taken":0,"max_hp_gain":0,"max_hp_loss":0,"event_name":"World of Goop","floor":4,"gold_loss":15},{"damage_healed":0,"gold_gain":0,"player_choice":"Box","damage_taken":0,"relics_obtained":["Bag of Marbles"],"max_hp_gain":0,"max_hp_loss":0,"event_name":"Big Fish","floor":6,"gold_loss":0,"cards_obtained":["Regret"]},{"damage_healed":0,"gold_gain":0,"player_choice":"Rummage","damage_taken":0,"relics_obtained":["WarpedTongs"],"max_hp_gain":0,"max_hp_loss":0,"event_name":"Accursed Blacksmith","floor":23,"gold_loss":0,"cards_obtained":["Pain"]}],"is_beta":false,"boss_relics":[{"not_picked":["Ectoplasm","Runic Cube"],"picked":"Lizard Tail"}],"items_purged_floors":[],"is_endless":false,"potions_floor_spawned":[1,8,16,18],"killed_by":"3 Cultists","ascension_level":1}