{"gold_per_floor":[116,26,46,20,20,50,50,84,84,84,115,135,10,160,160,160],"floor_reached":16,"playtime":1077,"items_purged":["Clumsy"],"score":268,"play_id":"2e9e1636-5074-48aa-a08a-42deb2506772","local_time":"20190521235859","is_ascension_mode":true,"campfire_choices":[{"data":"Zap","floor":7,"key":"SMITH"},{"floor":10,"key":"REST"},{"data":"Go for the Eyes","floor":15,"key":"SMITH"}],"neow_cost":"CURSE","seed_source_timestamp":191634126387278,"circlet_count":0,"master_deck":["AscendersBane","Strike_B","Strike_B","Strike_B","Strike_B","Defend_B","Defend_B","Defend_B","Defend_B","Zap+1","Dualcast","Hyperbeam+1","Go for the Eyes","BootSequence","Coolheaded","Cold Snap","Rip and Tear","Seek","Skim","Melter","Go for the Eyes+1","Doubt"],"relics":["Cracked Core","Matryoshka","Blue Candle","Lantern","Gremlin Horn","Kunai"],"potions_floor_usage":[8],"damage_taken":[{"damage":0,"enemies":"2 Louse","floor":1,"turns":1},{"damage":0,"enemies":"Cultist","floor":3,"turns":2},{"damage":11,"enemies":"3 Sentries","floor":6,"turns":3},{"damage":34,"enemies":"Gremlin Nob","floor":8,"turns":5},{"damage":0,"enemies":"3 Sentries","floor":11,"turns":2},{"damage":0,"enemies":"Small Slimes","floor":12,"turns":1},{"damage":45,"enemies":"Hexaghost","floor":16,"turns":11}],"seed_played":"-1328712043060823438","potions_obtained":[{"floor":3,"key":"Weak Potion"}],"is_trial":false,"path_per_floor":["M","$","M","$","?","E","R","E","T","R","E","M","$","?","R","B"],"character_chosen":"DEFECT","items_purchased":["BootSequence","Cold Snap","Go for the Eyes"],"campfire_rested":1,"item_purchase_floors":[2,4,13],"current_hp_per_floor":[64,64,64,64,64,53,53,19,19,40,40,40,40,40,40,0],"gold":160,"neow_bonus":"THREE_RARE_CARDS","is_prod":false,"is_daily":false,"chose_seed":false,"campfire_upgraded":2,"win_rate":0,"timestamp":1558497539,"path_taken":["M","$","M","$","?","E","R","E","T","R","E","?","$","?","R","BOSS"],"build_version":"2019-01-23","purchased_purges":1,"victory":false,"max_hp_per_floor":[71,71,71,71,71,71,71,71,71,71,71,71,71,71,71,71],"card_choices":[{"not_picked":["All For One","Machine Learning"],"picked":"Hyperbeam","floor":0},{"not_picked":["Recycle","Defragment"],"picked":"Go for the Eyes","floor":1},{"not_picked":["Hello World","Turbo"],"picked":"Coolheaded","floor":3},{"not_picked":["Conserve Battery","Coolheaded"],"picked":"Rip and Tear","floor":6},{"not_picked":["Scrape","Cold Snap"],"picked":"Seek","floor":8},{"not_picked":["Sweeping Beam","Compile Driver"],"picked":"Skim","floor":11},{"not_picked":["Heatsinks","Coolheaded"],"picked":"Melter","floor":12}],"player_experience":2606880,"relics_obtained":[{"floor":6,"key":"Matryoshka"},{"floor":8,"key":"Blue Candle"},{"floor":9,"key":"Lantern"},{"floor":9,"key":"Gremlin Horn"},{"floor":11,"key":"Kunai"}],"event_choices":[{"damage_healed":0,"gold_gain":0,"player_choice":"Forge","damage_taken":0,"max_hp_gain":0,"max_hp_loss":0,"event_name":"Accursed Blacksmith","floor":5,"gold_loss":0,"cards_upgraded":["Hyperbeam"]},{"damage_healed":0,"gold_gain":150,"player_choice":"AGREE","damage_taken":0,"max_hp_gain":0,"max_hp_loss":0,"event_name":"Liars Game","floor":14,"gold_loss":0,"cards_obtained":["Doubt"]}],"is_beta":false,"boss_relics":[],"items_purged_floors":[13],"is_endless":false,"potions_floor_spawned":[3],"killed_by":"Hexaghost","ascension_level":18}