{"gold_per_floor":[109,119,139,151,163,177,191,12,12,12,24,24,42,59,59,163,163,175,193,211,225,241,241,241],"floor_reached":24,"playtime":2471,"items_purged":[],"score":200,"play_id":"d33e40ac-e113-4a68-8fcb-d1d341792856","local_time":"20190628144706","is_ascension_mode":false,"campfire_choices":[{"floor":10,"key":"REST"},{"data":"Backstab","floor":12,"key":"SMITH"},{"data":"Dagger Spray","floor":15,"key":"SMITH"},{"floor":23,"key":"REST"}],"neow_cost":"NONE","seed_source_timestamp":645985752388019,"circlet_count":0,"master_deck":["Defend_G","Defend_G","Defend_G","Defend_G","Defend_G","Strike_G","Strike_G","Strike_G","Strike_G","Survivor","Neutralize","Leg Sweep","Prepared","Deflect","Blade Dance","Masterful Stab","Outmaneuver","Sucker Punch","Backstab","Dagger Spray+1","Well Laid Plans","Sucker Punch","Backstab+1","Noxious Fumes","Dodge and Roll","Adrenaline","Blade Dance","Deadly Poison","Flying Knee+1","Dagger Throw","Bane"],"relics":["Ring of the Snake","Bottled Flame","WristBlade"],"potions_floor_usage":[16,16,20,21],"damage_taken":[{"damage":2,"enemies":"Jaw Worm","floor":1,"turns":10},{"damage":1,"enemies":"Small Slimes","floor":2,"turns":5},{"damage":0,"enemies":"2 Louse","floor":3,"turns":6},{"damage":1,"enemies":"2 Fungi Beasts","floor":4,"turns":6},{"damage":0,"enemies":"Blue Slaver","floor":5,"turns":4},{"damage":1,"enemies":"3 Louse","floor":6,"turns":4},{"damage":6,"enemies":"Large Slime","floor":7,"turns":7},{"damage":0,"enemies":"2 Fungi Beasts","floor":11,"turns":2},{"damage":0,"enemies":"Exordium Wildlife","floor":13,"turns":1},{"damage":0,"enemies":"Blue Slaver","floor":14,"turns":1},{"damage":40,"enemies":"Slime Boss","floor":16,"turns":14},{"damage":3,"enemies":"Chosen","floor":18,"turns":4},{"damage":9,"enemies":"2 Thieves","floor":19,"turns":4},{"damage":8,"enemies":"Chosen and Byrds","floor":20,"turns":5},{"damage":14,"enemies":"Centurion and Healer","floor":21,"turns":5},{"damage":9,"enemies":"Snecko","floor":22,"turns":5},{"damage":69,"enemies":"Gremlin Leader","floor":24,"turns":6}],"seed_played":"-7286411262923325709","potions_obtained":[{"floor":4,"key":"Swift Potion"},{"floor":7,"key":"Regen Potion"},{"floor":11,"key":"Ancient Potion"},{"floor":14,"key":"EssenceOfSteel"},{"floor":16,"key":"Swift Potion"},{"floor":20,"key":"Strength Potion"}],"is_trial":false,"path_per_floor":["M","M","M","M","M","M","M","$","T","R","M","R","M","M","R","B",null,"M","M","M","M","M","R","E"],"character_chosen":"THE_SILENT","items_purchased":["Dagger Spray","Well Laid Plans","Sucker Punch"],"campfire_rested":2,"item_purchase_floors":[8,8,8],"current_hp_per_floor":[68,67,67,66,66,65,59,59,59,70,70,70,70,70,70,30,70,67,58,64,50,41,62,0],"gold":241,"neow_bonus":"TRANSFORM_CARD","is_prod":false,"is_daily":false,"chose_seed":false,"campfire_upgraded":2,"win_rate":0.0,"timestamp":1561744026,"path_taken":["M","M","M","M","M","M","M","$","T","R","M","R","M","M","R","BOSS","M","M","M","M","M","R","E"],"build_version":"2019-01-23","purchased_purges":0,"victory":false,"max_hp_per_floor":[70,70,70,70,70,70,70,70,70,70,70,70,70,70,70,70,70,70,70,70,70,70,70,70],"card_choices":[{"not_picked":["Acrobatics","Calculated Gamble"],"picked":"Prepared","floor":1},{"not_picked":["PiercingWail","Crippling Poison"],"picked":"Deflect","floor":2},{"not_picked":["Bane","Quick Slash"],"picked":"Blade Dance","floor":3},{"not_picked":["Underhanded Strike","Deadly Poison"],"picked":"Masterful Stab","floor":4},{"not_picked":["Flying Knee","Adrenaline"],"picked":"Outmaneuver","floor":5},{"not_picked":["Heel Hook","Bane"],"picked":"Sucker Punch","floor":6},{"not_picked":["Riddle With Holes","Underhanded Strike"],"picked":"Backstab","floor":7},{"not_picked":["Backflip","Prepared"],"picked":"Backstab","floor":11},{"not_picked":["Poisoned Stab","Prepared"],"picked":"Noxious Fumes","floor":13},{"not_picked":["Quick Slash","Outmaneuver"],"picked":"Dodge and Roll","floor":14},{"not_picked":["Venomology","Envenom"],"picked":"Adrenaline","floor":16},{"not_picked":["Poisoned Stab+1","Quick Slash+1"],"picked":"Blade Dance","floor":18},{"not_picked":["Expertise","Reflex"],"picked":"Deadly Poison","floor":19},{"not_picked":["Sucker Punch","Acrobatics"],"picked":"Flying Knee+1","floor":20},{"not_picked":["Outmaneuver+1","Prepared"],"picked":"Dagger Throw","floor":21},{"not_picked":["Slice","Dagger Throw"],"picked":"Bane","floor":22}],"player_experience":32665,"relics_obtained":[{"floor":9,"key":"Bottled Flame"}],"event_choices":[],"is_beta":false,"boss_relics":[{"not_picked":["Black Star","Ring of the Serpent"],"picked":"WristBlade"}],"items_purged_floors":[],"is_endless":false,"potions_floor_spawned":[4,7,11,14,16,20],"killed_by":"Gremlin Leader","ascension_level":0}