{"gold_per_floor":[15,15,45,57,68,68,99,99,122,2,29,29,29,44,44,44],"floor_reached":16,"playtime":1004,"items_purged":[],"score":108,"play_id":"6da38774-7761-44b2-8845-d9df711301b3","local_time":"20191006152835","is_ascension_mode":false,"campfire_choices":[{"data":"Barrage","floor":6,"key":"SMITH"},{"data":"Compile Driver","floor":8,"key":"SMITH"},{"data":"Capacitor","floor":13,"key":"SMITH"},{"data":"White Noise","floor":15,"key":"SMITH"}],"neow_cost":"NO_GOLD","seed_source_timestamp":577886883911700,"circlet_count":0,"master_deck":["Strike_B","Strike_B","Strike_B","Strike_B","Defend_B","Defend_B","Defend_B","Defend_B","Zap+1","Dualcast","Cold Snap","Regret","Barrage+1","Compile Driver","Compile Driver+1","White Noise+1","Capacitor+1","Conserve Battery","Ball Lightning"],"relics":["Cracked Core","FossilizedHelix","Tiny Chest","Pear","Happy Flower","Frozen Egg 2","Golden Idol"],"potions_floor_usage":[16,16],"damage_taken":[{"damage":6,"enemies":"Jaw Worm","floor":1,"turns":5},{"damage":4,"enemies":"2 Louse","floor":4,"turns":3},{"damage":1,"enemies":"Small Slimes","floor":5,"turns":3},{"damage":19,"enemies":"3 Sentries","floor":7,"turns":7},{"damage":25,"enemies":"Gremlin Nob","floor":11,"turns":4},{"damage":9,"enemies":"2 Fungi Beasts","floor":14,"turns":2},{"damage":26,"enemies":"The Guardian","floor":16,"turns":5}],"seed_played":"8783667434566316975","potions_obtained":[{"floor":4,"key":"Block Potion"},{"floor":5,"key":"Strength Potion"},{"floor":11,"key":"Strength Potion"}],"is_trial":false,"path_per_floor":["M","?","?","M","M","R","E","R","T","$","E","?","R","M","R","B"],"character_chosen":"DEFECT","items_purchased":["White Noise","Capacitor"],"campfire_rested":0,"item_purchase_floors":[10,10],"current_hp_per_floor":[69,69,69,65,64,64,55,55,55,55,30,30,30,21,21,0],"gold":44,"neow_bonus":"ONE_RARE_RELIC","is_prod":false,"is_daily":false,"chose_seed":false,"campfire_upgraded":4,"win_rate":0.0,"timestamp":1570346915,"path_taken":["M","?","?","M","M","R","E","R","T","$","E","?","R","M","R","BOSS"],"build_version":"2019-07-17","purchased_purges":0,"victory":false,"max_hp_per_floor":[75,75,75,75,75,75,85,85,85,85,85,79,79,79,79,79],"card_choices":[{"not_picked":["Lockon","Glacier"],"picked":"Cold Snap","floor":1},{"not_picked":["Heatsinks","Sweeping Beam"],"picked":"Barrage","floor":4},{"not_picked":["Go for the Eyes","Double Energy"],"picked":"Compile Driver","floor":5},{"not_picked":["Stack","Seek"],"picked":"Compile Driver","floor":7},{"not_picked":["Leap","Barrage"],"picked":"Conserve Battery","floor":11},{"not_picked":["Consume","Redo"],"picked":"Ball Lightning","floor":14}],"player_experience":104825,"relics_obtained":[{"floor":7,"key":"Pear"},{"floor":9,"key":"Happy Flower"},{"floor":11,"key":"Frozen Egg 2"}],"event_choices":[{"damage_healed":0,"gold_gain":0,"player_choice":"Grow","damage_taken":0,"max_hp_gain":0,"max_hp_loss":0,"event_name":"Living Wall","floor":2,"gold_loss":0,"cards_upgraded":["Zap"]},{"damage_healed":0,"gold_gain":0,"player_choice":"Box","damage_taken":0,"relics_obtained":["Tiny Chest"],"max_hp_gain":0,"max_hp_loss":0,"event_name":"Big Fish","floor":3,"gold_loss":0,"cards_obtained":["Regret"]},{"damage_healed":0,"gold_gain":0,"player_choice":"Lose Max HP","damage_taken":0,"relics_obtained":["Golden Idol"],"max_hp_gain":0,"max_hp_loss":6,"event_name":"Golden Idol","floor":12,"gold_loss":0}],"is_beta":false,"boss_relics":[],"items_purged_floors":[],"is_endless":false,"potions_floor_spawned":[4,5,11],"killed_by":"The Guardian","ascension_level":0}