{"gold_per_floor":[114,124,134,149,149,149,184,184,184,219,232,265,277,296,296,296],"floor_reached":16,"playtime":677,"items_purged":[],"score":136,"play_id":"25180e57-149f-4aa4-a167-f41df5b8f940","local_time":"20191028130543","is_ascension_mode":true,"campfire_choices":[{"data":"Rupture","floor":6,"key":"SMITH"},{"floor":8,"key":"REST"},{"floor":15,"key":"REST"}],"neow_cost":"NONE","seed_source_timestamp":615683024070319,"circlet_count":0,"master_deck":["Strike_R","Strike_R","Strike_R","Strike_R","Strike_R","Defend_R","Defend_R","Defend_R","Defend_R","Bash+1","Perfected Strike","Clash","Rupture+1","Bloodletting","Heavy Blade","Rupture","Body Slam","Wild Strike","Cleave","Spot Weakness"],"relics":["Burning Blood","Art of War","CloakClasp","Strawberry"],"potions_floor_usage":[7,12,12,12,12],"damage_taken":[{"damage":12,"enemies":"Jaw Worm","floor":1,"turns":3},{"damage":1,"enemies":"2 Louse","floor":2,"turns":2},{"damage":0,"enemies":"Small Slimes","floor":3,"turns":2},{"damage":8,"enemies":"Blue Slaver","floor":4,"turns":3},{"damage":47,"enemies":"3 Sentries","floor":7,"turns":7},{"damage":32,"enemies":"Lagavulin","floor":10,"turns":4},{"damage":16,"enemies":"2 Fungi Beasts","floor":11,"turns":3},{"damage":21,"enemies":"Gremlin Nob","floor":12,"turns":4},{"damage":23,"enemies":"Large Slime","floor":13,"turns":6},{"damage":8,"enemies":"Looter","floor":14,"turns":3},{"damage":42,"enemies":"Hexaghost","floor":16,"turns":7}],"seed_played":"3447364055984616972","potions_obtained":[{"floor":4,"key":"AttackPotion"},{"floor":10,"key":"Regen Potion"},{"floor":11,"key":"EntropicBrew"},{"floor":12,"key":"Explosive Potion"}],"is_trial":false,"path_per_floor":["M","M","M","M","?","R","E","R","T","E","M","E","M","M","R","B"],"character_chosen":"IRONCLAD","items_purchased":[],"campfire_rested":2,"item_purchase_floors":[],"current_hp_per_floor":[74,79,80,78,78,78,37,61,61,35,25,29,12,10,36,0],"gold":296,"neow_bonus":"UPGRADE_CARD","is_prod":false,"is_daily":false,"chose_seed":false,"campfire_upgraded":1,"win_rate":0,"timestamp":1572278743,"path_taken":["M","M","M","M","?","R","E","R","T","E","M","E","M","M","R","BOSS"],"build_version":"2019-10-25-V3","purchased_purges":0,"victory":false,"max_hp_per_floor":[80,80,80,80,80,80,80,80,80,80,80,87,87,87,87,87],"card_choices":[{"not_picked":["Havoc","Iron Wave"],"picked":"Perfected Strike","floor":1},{"not_picked":["Body Slam","Sword Boomerang"],"picked":"Clash","floor":2},{"not_picked":["Entrench","Clothesline"],"picked":"Rupture","floor":3},{"not_picked":["Evolve","Intimidate"],"picked":"Bloodletting","floor":4},{"not_picked":["Battle Trance","Havoc"],"picked":"Heavy Blade","floor":7},{"not_picked":["Sever Soul","Clothesline"],"picked":"Rupture","floor":10},{"not_picked":["Battle Trance","Burning Pact"],"picked":"Body Slam","floor":11},{"not_picked":["Iron Wave","Disarm"],"picked":"Wild Strike","floor":12},{"not_picked":["Body Slam","Clothesline"],"picked":"Cleave","floor":13},{"not_picked":["Intimidate","Hemokinesis"],"picked":"Spot Weakness","floor":14}],"player_experience":490262,"relics_obtained":[{"floor":7,"key":"Art of War"},{"floor":10,"key":"CloakClasp"},{"floor":12,"key":"Strawberry"}],"event_choices":[{"damage_healed":0,"gold_gain":0,"player_choice":"Leave","damage_taken":0,"max_hp_gain":0,"max_hp_loss":0,"event_name":"The Cleric","floor":5,"gold_loss":0}],"is_beta":true,"boss_relics":[],"items_purged_floors":[],"is_endless":false,"potions_floor_spawned":[4,10,11,12],"killed_by":"Hexaghost","ascension_level":2}