{"gold_per_floor":[113,130,147,158,171,171,235,251,274,274,81,81,107,0,0,0],"floor_reached":16,"playtime":1333,"items_purged":["Strike_B"],"score":202,"play_id":"9692a8c7-362e-41c0-984b-9ed5548c22f6","local_time":"20190331215005","is_ascension_mode":true,"campfire_choices":[{"data":"Hologram","floor":6.0,"key":"SMITH"},{"floor":10.0,"key":"REST"},{"data":"Go for the Eyes","floor":15,"key":"SMITH"}],"neow_cost":"NONE","seed_source_timestamp":1946541907188463,"circlet_count":0,"master_deck":["AscendersBane","Strike_B+1","Strike_B+1","Defend_B","Defend_B","Defend_B","Defend_B","Zap","Dualcast","Hologram+1","Doom and Gloom","Defragment","Reinforced Body","Gash","Ball Lightning","Go for the Eyes+1","Sunder","Bandage Up","Biased Cognition","Sweeping Beam"],"special_seed":0,"relics":["Cracked Core","Tiny Chest","Whetstone","The Courier"],"potions_floor_usage":[13],"damage_taken":[{"damage":1.0,"enemies":"2 Louse","floor":1.0,"turns":2.0},{"damage":1.0,"enemies":"Small Slimes","floor":2.0,"turns":3.0},{"damage":2.0,"enemies":"Jaw Worm","floor":3.0,"turns":3.0},{"damage":13.0,"enemies":"Red Slaver","floor":4.0,"turns":3.0},{"damage":0.0,"enemies":"Large Slime","floor":5.0,"turns":5.0},{"damage":15.0,"enemies":"Gremlin Nob","floor":7.0,"turns":4.0},{"damage":5.0,"enemies":"2 Fungi Beasts","floor":8.0,"turns":3.0},{"damage":20,"enemies":"Lagavulin","floor":13,"turns":6},{"damage":38,"enemies":"Slime Boss","floor":16,"turns":3}],"seed_played":"-6230311712589843678","potions_obtained":[{"floor":0.0,"key":"FearPotion"},{"floor":0.0,"key":"EntropicBrew"},{"floor":5.0,"key":"EssenceOfSteel"},{"floor":8.0,"key":"Strength Potion"}],"is_trial":false,"path_per_floor":["M","M","M","M","M","R","E","M","T","R","$","?","E","$","R","B"],"character_chosen":"DEFECT","items_purchased":["Sunder","Bandage Up","Sweeping Beam"],"campfire_rested":1,"item_purchase_floors":[11,11,14],"current_hp_per_floor":[63,62,60,47,47,47,32,27,27,48,48,48,32,32,32,0],"gold":0,"neow_bonus":"THREE_SMALL_POTIONS","is_prod":false,"is_daily":false,"chose_seed":false,"campfire_upgraded":2,"win_rate":0,"timestamp":1554083405,"path_taken":["M","M","M","M","M","R","E","M","T","R","$","?","E","$","R","BOSS"],"build_version":"2019-01-23","purchased_purges":1,"victory":false,"max_hp_per_floor":[71,71,71,71,71,71,71,71,71,71,71,71,71,71,71,71],"card_choices":[{"not_picked":["Coolheaded","Turbo"],"picked":"Hologram","floor":1.0},{"not_picked":["Cold Snap","Coolheaded"],"picked":"Doom and Gloom","floor":2.0},{"not_picked":["BootSequence","Cold Snap"],"picked":"Defragment","floor":3.0},{"not_picked":["Stack","Rebound"],"picked":"Reinforced Body","floor":4.0},{"not_picked":["Rebound","Redo"],"picked":"Gash","floor":5.0},{"not_picked":["Steam","Loop"],"picked":"Ball Lightning","floor":7.0},{"not_picked":["Sweeping Beam","Stack"],"picked":"Go for the Eyes","floor":8.0},{"not_picked":["Doom and Gloom","Undo"],"picked":"Biased Cognition","floor":13}],"player_experience":2437329,"relics_obtained":[{"floor":7.0,"key":"Tiny Chest"},{"floor":9.0,"key":"Whetstone"},{"floor":13,"key":"The Courier"}],"event_choices":[{"cards_removed":["Strike_B"],"damage_healed":0.0,"max_hp_gain":0.0,"max_hp_loss":0.0,"gold_gain":0.0,"event_name":"Living Wall","player_choice":"Forget","floor":12.0,"gold_loss":0.0,"damage_taken":0.0}],"is_beta":false,"boss_relics":[],"items_purged_floors":[14],"is_endless":false,"potions_floor_spawned":[3,5,8],"killed_by":"Slime Boss","ascension_level":16}