{"path_per_floor":["M","M","?","$","?","E","R","E","T","E","M","?","?","M","R","B",null,"M","$","?","?","M","E","M","E","T","$","T","M","E","M","R","B",null,"M","?","M","$","M","R","?","E","T","R","E","M","E","?","R","B"],"character_chosen":"IRONCLAD","items_purchased":["Rage","Self Forming Clay","Combust","Warcry","Singing Bowl","Clash"],"gold_per_floor":[112,123,123,52,52,87,87,417,440,473,484,484,484,498,498,601,601,619,187,187,187,199,228,244,272,296,49,72,82,114,132,132,229,229,242,242,258,109,119,119,119,153,180,180,213,223,248,248,248,248],"floor_reached":51,"campfire_rested":1,"playtime":5771,"item_purchase_floors":[4,19,19,19,27,38],"current_hp_per_floor":[80,80,80,80,64,39,63,61,61,53,59,64,64,70,70,45,85,85,85,85,59,59,48,50,37,37,37,37,45,51,54,54,51,61,61,58,65,65,65,65,56,59,59,59,62,67,70,70,70,48],"items_purged":["Defend_R","Defend_R","Defend_R"],"gold":248,"score":1007,"play_id":"6a6e5728-eea3-407a-b434-892628a57737","local_time":"20180528003904","is_prod":false,"is_daily":false,"chose_seed":false,"is_ascension_mode":true,"campfire_upgraded":5,"win_rate":0,"timestamp":1527482344,"campfire_choices":[{"floor":7,"key":"REST"},{"data":"Rage","floor":15,"key":"SMITH"},{"data":"Offering","floor":32,"key":"SMITH"},{"data":"Offering","floor":40,"key":"SMITH"},{"data":"Master of Strategy","floor":44,"key":"SMITH"},{"data":"Burning Pact","floor":49,"key":"SMITH"}],"path_taken":["M","M","?","$","?","E","R","E","T","E","?","?","?","M","R","BOSS","M","$","?","?","?","E","M","E","T","$","?","M","E","M","R","BOSS","M","?","M","$","M","R","?","E","T","R","E","M","E","?","R","BOSS"],"build_version":"2018-05-24","seed_source_timestamp":686719239422179,"purchased_purges":3,"victory":true,"master_deck":["Bash+1","Rage+1","Flex","Rage+1","Clash","Shrug It Off","Fire Breathing+1","Metallicize","Offering+1","Anger","Combust","Warcry","Bite","Bite","Bite","Bite","Bite","Pommel Strike+1","Body Slam+1","Bloodletting+1","Burning Pact+1","Offering+1","Hemokinesis+1","Feed","Thunderclap","Master of Strategy+1","Clash+1","Metallicize","Madness","Madness","Body Slam","Burning Pact+1","Flex"],"max_hp_per_floor":[80,80,80,80,80,80,80,80,80,80,80,85,85,85,85,85,85,85,85,85,59,59,59,59,59,59,59,59,59,59,61,61,61,61,61,63,68,68,68,68,68,68,68,68,68,70,70,70,70,73],"relics":["Burning Blood","Bag of Preparation","Old Coin","Potion Belt","Anchor","Philosopher\u0027s Stone","Self Forming Clay","Dream Catcher","Sundial","Boot","Singing Bowl","Pen Nib","Bronze Scales","Cursed Key","Omamori","Whetstone","Juzu Bracelet","Oddly Smooth Stone"],"card_choices":[{"not_picked":["Metallicize","Shrug It Off"],"picked":"Rage","floor":1},{"not_picked":["Sentinel","Shockwave"],"picked":"Flex","floor":2},{"not_picked":["Anger","Flame Barrier"],"picked":"Clash","floor":6},{"not_picked":["Flex","Fire Breathing"],"picked":"Shrug It Off","floor":8},{"not_picked":["Fire Breathing","Searing Blow","Sword Boomerang"],"picked":"SKIP","floor":10},{"not_picked":["Pummel","Clothesline"],"picked":"Fire Breathing","floor":11},{"not_picked":["Perfected Strike","Power Through"],"picked":"Metallicize","floor":14},{"not_picked":["Limit Break","Bludgeon"],"picked":"Offering","floor":16},{"not_picked":["Thunderclap","Pummel"],"picked":"Anger","floor":18},{"not_picked":["Perfected Strike","Anger"],"picked":"Pommel Strike+1","floor":22},{"not_picked":["Perfected Strike+1","Clash"],"picked":"Body Slam+1","floor":23},{"not_picked":["Inflame","Wild Strike"],"picked":"Bloodletting+1","floor":24},{"not_picked":["Double Tap","Havoc+1"],"picked":"Burning Pact","floor":25},{"not_picked":["Thunderclap","Shrug It Off"],"picked":"Offering","floor":29},{"not_picked":["Cleave","Wild Strike"],"picked":"Hemokinesis","floor":30},{"not_picked":["Anger","Heavy Blade","Uppercut"],"picked":"Singing Bowl","floor":31},{"not_picked":["Bludgeon","Immolate"],"picked":"Feed","floor":33},{"not_picked":["Burning Pact","Cleave"],"picked":"Thunderclap","floor":35},{"not_picked":["Madness","Enlightenment","Trip"],"picked":"Singing Bowl","floor":36},{"not_picked":["Bandage Up","Transmutation"],"picked":"Master of Strategy","floor":36},{"not_picked":["Armaments","Sword Boomerang","Corruption+1"],"picked":"Singing Bowl","floor":37},{"not_picked":["Shrug It Off","Clash"],"picked":"Metallicize","floor":39},{"not_picked":["Hemokinesis","Shockwave+1"],"picked":"Body Slam","floor":42},{"not_picked":["Shockwave+1","Pummel"],"picked":"Burning Pact+1","floor":45},{"not_picked":["Dropkick+1","Twin Strike","Havoc"],"picked":"Singing Bowl","floor":46},{"not_picked":["Perfected Strike+1","Sword Boomerang+1"],"picked":"Flex","floor":47}],"player_experience":497745,"potions_floor_usage":[8,16,16,45,50,50,50,50],"damage_taken":[{"damage":5,"enemies":"Jaw Worm","floor":1,"turns":4},{"damage":2,"enemies":"Cultist","floor":2,"turns":5},{"damage":31,"enemies":"Lagavulin","floor":6,"turns":6},{"damage":8,"enemies":"3 Sentries","floor":8,"turns":10},{"damage":14,"enemies":"Lagavulin","floor":10,"turns":6},{"damage":0,"enemies":"2 Louse","floor":11,"turns":2},{"damage":0,"enemies":"Red Slaver","floor":14,"turns":3},{"damage":31,"enemies":"Hexaghost","floor":16,"turns":9},{"damage":4,"enemies":"2 Thieves","floor":18,"turns":4},{"damage":6,"enemies":"Spheric Guardian","floor":22,"turns":3},{"damage":25,"enemies":"Slavers","floor":23,"turns":6},{"damage":16,"enemies":"Cultist and Chosen","floor":24,"turns":6},{"damage":25,"enemies":"Book of Stabbing","floor":25,"turns":4},{"damage":8,"enemies":"Snake Plant","floor":29,"turns":3},{"damage":12,"enemies":"Gremlin Leader","floor":30,"turns":4},{"damage":15,"enemies":"Centurion and Healer","floor":31,"turns":2},{"damage":23,"enemies":"Champ","floor":33,"turns":4},{"damage":14,"enemies":"3 Shapes","floor":35,"turns":2},{"damage":12,"enemies":"Orb Walker","floor":37,"turns":2},{"damage":16,"enemies":"Maw","floor":39,"turns":3},{"damage":17,"enemies":"Giant Head","floor":42,"turns":4},{"damage":11,"enemies":"2 Orb Walkers","floor":45,"turns":3},{"damage":7,"enemies":"3 Darklings","floor":46,"turns":1},{"damage":15,"enemies":"Giant Head","floor":47,"turns":3},{"damage":47,"enemies":"Donu and Deca","floor":50,"turns":7}],"relics_obtained":[{"floor":6,"key":"Bag of Preparation"},{"floor":8,"key":"Old Coin"},{"floor":9,"key":"Potion Belt"},{"floor":10,"key":"Anchor"},{"floor":23,"key":"Dream Catcher"},{"floor":25,"key":"Sundial"},{"floor":26,"key":"Boot"},{"floor":28,"key":"Pen Nib"},{"floor":30,"key":"Bronze Scales"},{"floor":42,"key":"Omamori"},{"floor":43,"key":"Whetstone"},{"floor":45,"key":"Juzu Bracelet"},{"floor":47,"key":"Oddly Smooth Stone"}],"event_choices":[{"event_name":"Living Wall","player_choice":"Forget","floor":3,"damage_taken":0},{"event_name":"Shining Light","player_choice":"Entered Light","floor":5,"damage_taken":0},{"event_name":"Big Fish","player_choice":"Donut","floor":12,"damage_taken":0},{"event_name":"Upgrade Shrine","player_choice":"Upgraded","floor":13,"damage_taken":0},{"event_name":"Upgrade Shrine","player_choice":"Upgraded","floor":20,"damage_taken":0},{"event_name":"Vampires","player_choice":"Became a vampire","floor":21,"damage_taken":0},{"event_name":"SensoryStone","player_choice":"Memory 2","floor":36,"damage_taken":0},{"event_name":"Winding Halls","player_choice":"Embrace Madness","floor":41,"damage_taken":0},{"event_name":"Tomb of Lord Red Mask","player_choice":"Ignored","floor":48,"damage_taken":0}],"boss_relics":[{"not_picked":["Black Blood","Snecko Eye"],"picked":"Philosopher\u0027s Stone"},{"not_picked":["Runic Dome","Calling Bell"],"picked":"Cursed Key"}],"items_purged_floors":[19,27,38],"potions_floor_spawned":[1,6,10,14,23,25,29,33,37,39,42],"seed_played":"7123520923222159344","ascension_level":1,"potions_obtained":[{"floor":1,"key":"Fire Potion"},{"floor":6,"key":"SteroidPotion"},{"floor":10,"key":"Swift Potion"},{"floor":14,"key":"Ancient Potion"},{"floor":23,"key":"LiquidBronze"},{"floor":25,"key":"PowerPotion"},{"floor":29,"key":"Block Potion"},{"floor":33,"key":"GamblersBrew"},{"floor":37,"key":"SteroidPotion"},{"floor":39,"key":"AttackPotion"},{"floor":42,"key":"AttackPotion"}],"is_trial":false}