{"gold_per_floor":[117,131,147,160,160,160,30,0,0,0,39,55,55,35,35,133,133,153,166,20,39,39,39,15,15],"floor_reached":25,"playtime":1802,"items_purged":["Injury"],"score":431,"play_id":"31a2aa49-7681-48f7-a15f-8a8ec17529ac","local_time":"20190927215248","is_ascension_mode":true,"campfire_choices":[{"floor":6.0,"key":"REST"},{"floor":13.0,"key":"REST"},{"floor":15.0,"key":"REST"},{"floor":23,"key":"REST"}],"neow_cost":"NONE","seed_source_timestamp":1492761673311598,"circlet_count":0,"master_deck":["AscendersBane","Defend_G","Defend_G","Defend_G","Defend_G","Defend_G","Strike_G","Strike_G","Strike_G","Strike_G","Strike_G","Survivor","Neutralize","Cloak And Dagger","PiercingWail","Cloak And Dagger","Cloak And Dagger","Flying Knee","Bouncing Flask","Terror","Sucker Punch","Die Die Die","Noxious Fumes","Bane","Accuracy","Poisoned Stab","Poisoned Stab+1","Cloak And Dagger"],"special_seed":0,"relics":["Ring of the Snake","Happy Flower","Golden Idol","Mummified Hand","Question Card","Busted Crown"],"potions_floor_usage":[25],"damage_taken":[{"damage":5.0,"enemies":"2 Louse","floor":1.0,"turns":4.0},{"damage":1.0,"enemies":"Small Slimes","floor":2.0,"turns":6.0},{"damage":1.0,"enemies":"Jaw Worm","floor":3.0,"turns":4.0},{"damage":28.0,"enemies":"Exordium Wildlife","floor":4.0,"turns":10.0},{"damage":31.0,"enemies":"3 Sentries","floor":11.0,"turns":11.0},{"damage":0.0,"enemies":"3 Louse","floor":12.0,"turns":3.0},{"damage":14.0,"enemies":"Exordium Thugs","floor":14.0,"turns":6.0},{"damage":31.0,"enemies":"Hexaghost","floor":16.0,"turns":12.0},{"damage":17.0,"enemies":"Shell Parasite","floor":18.0,"turns":7.0},{"damage":11.0,"enemies":"3 Byrds","floor":19.0,"turns":7.0},{"damage":7,"enemies":"Snake Plant","floor":21,"turns":3},{"damage":42,"enemies":"Slavers","floor":25,"turns":3}],"seed_played":"-3669315846647818381","potions_obtained":[{"floor":2.0,"key":"LiquidBronze"},{"floor":11.0,"key":"Dexterity Potion"},{"floor":12.0,"key":"Dexterity Potion"},{"floor":18.0,"key":"GamblersBrew"},{"floor":21,"key":"Swift Potion"}],"is_trial":false,"path_per_floor":["M","M","M","M","?","R","$","?","T","$","E","M","R","M","R","B",null,"M","M","$","M","?","R","$","E"],"character_chosen":"THE_SILENT","items_purchased":["Flying Knee","Accuracy","Poisoned Stab","Cloak And Dagger"],"campfire_rested":4,"item_purchase_floors":[7,20,20,24],"current_hp_per_floor":[54,53,52,24,24,43,43,43,43,43,12,12,31,17,36,5,51,34,23,23,16,16,35,35,0],"gold":15,"neow_bonus":"RANDOM_COMMON_RELIC","is_prod":false,"is_daily":false,"chose_seed":false,"campfire_upgraded":0,"win_rate":0,"timestamp":1569635568,"path_taken":["M","M","M","M","?","R","$","?","T","?","E","?","R","M","R","BOSS","M","M","$","M","?","R","?","E"],"build_version":"2019-01-23","purchased_purges":1,"victory":false,"max_hp_per_floor":[66,66,66,66,66,66,66,66,66,66,66,66,66,66,66,66,66,66,66,66,66,66,66,66,66],"card_choices":[{"not_picked":["Flying Knee","Outmaneuver"],"picked":"Cloak And Dagger","floor":1.0},{"not_picked":["Prepared","Outmaneuver"],"picked":"PiercingWail","floor":2.0},{"not_picked":["Expertise","Prepared"],"picked":"Cloak And Dagger","floor":3.0},{"not_picked":["Flying Knee","Calculated Gamble"],"picked":"Cloak And Dagger","floor":4.0},{"not_picked":["Dagger Spray","Sucker Punch"],"picked":"Bouncing Flask","floor":11.0},{"not_picked":["Bane","Venomology","Predator"],"picked":"Terror","floor":12.0},{"not_picked":["Deflect","Prepared","Dagger Spray"],"picked":"Sucker Punch","floor":14.0},{"not_picked":["Grand Finale","Adrenaline","Wraith Form v2"],"picked":"Die Die Die","floor":16.0},{"not_picked":["Underhanded Strike"],"picked":"Noxious Fumes","floor":18.0},{"not_picked":["Infinite Blades"],"picked":"Bane","floor":19.0},{"not_picked":["PiercingWail"],"picked":"Poisoned Stab+1","floor":21}],"player_experience":2991484,"relics_obtained":[{"floor":9.0,"key":"Mummified Hand"},{"floor":11.0,"key":"Question Card"}],"event_choices":[{"damage_healed":0.0,"max_hp_gain":0.0,"max_hp_loss":0.0,"gold_gain":0.0,"event_name":"Golden Idol","player_choice":"Take Wound","floor":5.0,"gold_loss":0.0,"damage_taken":0.0,"relics_obtained":["Golden Idol"],"cards_obtained":["Injury"]},{"damage_healed":0.0,"max_hp_gain":0.0,"max_hp_loss":0.0,"gold_gain":0.0,"event_name":"World of Goop","player_choice":"Left Gold","floor":8.0,"gold_loss":30.0,"damage_taken":0.0},{"damage_healed":0,"gold_gain":0,"player_choice":"Ignored","damage_taken":0,"max_hp_gain":0,"max_hp_loss":0,"event_name":"N\u0027loth","floor":22,"gold_loss":0}],"is_beta":false,"boss_relics":[{"not_picked":["Ring of the Serpent","White Beast Statue"],"picked":"Busted Crown"}],"items_purged_floors":[7],"is_endless":false,"potions_floor_spawned":[2,11,12,14,18,21],"killed_by":"Slavers","ascension_level":20}