{"gold_per_floor":[115,115,90,108,126,126,159,175,175,25,25,25,25,25,25,99,99,119,19,29,49,49,49,67,67,67,67,67,79,79,6,6,83,83,102,152,252,265,265,265,277,577,577,577,577,577,589,0,0,0],"floor_reached":51,"playtime":5774,"items_purged":["Strike_R","Strike_R"],"score":1066,"play_id":"ef6a2627-3e0c-4d3b-a18c-fc23ae7b7b87","local_time":"20181122230953","is_ascension_mode":true,"campfire_choices":[{"data":"Rampage","floor":6,"key":"SMITH"},{"data":"Rage","floor":11,"key":"SMITH"},{"data":"Pommel Strike","floor":13,"key":"SMITH"},{"data":"True Grit","floor":15,"key":"SMITH"},{"floor":23,"key":"DIG"},{"floor":25,"key":"DIG"},{"floor":27,"key":"DIG"},{"floor":32,"key":"DIG"},{"floor":40,"key":"DIG"},{"floor":42,"key":"DIG"},{"floor":44,"key":"DIG"},{"floor":46,"key":"DIG"},{"floor":49,"key":"REST"}],"neow_cost":"NONE","seed_source_timestamp":685510186424849,"circlet_count":0,"master_deck":["AscendersBane","Strike_R+1","Defend_R","Defend_R+1","Defend_R","Bash","Rampage+1","Battle Trance","Iron Wave","Power Through","Rage+1","True Grit+1","Pommel Strike+1","Double Tap","Headbutt","Headbutt","Pommel Strike+1","Warcry+1","Bloodletting+1","Impervious+1","Shrug It Off+1","Flex+1","Warcry+1","Body Slam+1","Warcry+1","Heavy Blade+1","Parasite","Power Through+1"],"relics":["Burning Blood","Oddly Smooth Stone","Bronze Scales","Pear","Shovel","Fusion Hammer","Vajra","Bag of Marbles","Torii","Toxic Egg 2","Blue Candle","Busted Crown","Prayer Wheel","Mango","Molten Egg 2","Old Coin","Mercury Hourglass","Strawberry","Dodecahedron","The Courier","Red Mask"],"potions_floor_usage":[7,29,36,50],"damage_taken":[{"damage":0,"enemies":"Jaw Worm","floor":1,"turns":5},{"damage":8,"enemies":"Small Slimes","floor":4,"turns":4},{"damage":8,"enemies":"2 Louse","floor":5,"turns":2},{"damage":13,"enemies":"Lagavulin","floor":7,"turns":8},{"damage":0,"enemies":"Large Slime","floor":8,"turns":4},{"damage":24,"enemies":"Slime Boss","floor":16,"turns":13},{"damage":8,"enemies":"Shell Parasite","floor":18,"turns":5},{"damage":12,"enemies":"2 Thieves","floor":20,"turns":4},{"damage":16,"enemies":"Snake Plant","floor":21,"turns":4},{"damage":5,"enemies":"Shelled Parasite and Fungi","floor":24,"turns":4},{"damage":0,"enemies":"Colosseum Slavers","floor":28,"turns":3},{"damage":1,"enemies":"Cultist and Chosen","floor":29,"turns":4},{"damage":66,"enemies":"Champ","floor":33,"turns":11},{"damage":2,"enemies":"3 Darklings","floor":35,"turns":5},{"damage":20,"enemies":"2 Orb Walkers","floor":36,"turns":5},{"damage":7,"enemies":"Mind Bloom Boss Battle","floor":37,"turns":6},{"damage":0,"enemies":"3 Shapes","floor":38,"turns":4},{"damage":0,"enemies":"Jaw Worm Horde","floor":41,"turns":3},{"damage":30,"enemies":"Writhing Mass","floor":47,"turns":4},{"damage":55,"enemies":"Awakened One","floor":50,"turns":12}],"seed_played":"998497848614891974","potions_obtained":[{"floor":4,"key":"Explosive Potion"},{"floor":5,"key":"EssenceOfSteel"},{"floor":20,"key":"Block Potion"},{"floor":33,"key":"Poison Potion"}],"is_trial":false,"path_per_floor":["M","?","?","M","M","R","E","M","T","$","R","?","R","?","R","B",null,"M","$","M","M","?","R","M","R","T","R","?","M","?","$","R","B",null,"M","?","?","M","?","R","M","R","T","R","T","R","M","?","R","B",null],"character_chosen":"IRONCLAD","items_purchased":["True Grit","Pommel Strike","Bloodletting+1"],"campfire_rested":1,"item_purchase_floors":[10,10,31],"current_hp_per_floor":[78,62,62,60,58,58,51,57,67,67,67,60,60,60,60,42,78,76,76,70,60,60,60,61,61,61,61,67,72,72,72,72,12,71,75,61,74,80,80,80,86,86,86,93,93,93,69,69,102,53],"gold":0,"neow_bonus":"RANDOM_COMMON_RELIC","is_prod":false,"is_daily":false,"chose_seed":false,"campfire_upgraded":4,"win_rate":0,"timestamp":1542946193,"path_taken":["M","?","?","M","M","R","E","M","T","$","R","?","R","?","R","BOSS","M","$","M","M","?","R","M","R","T","R","?","M","?","$","R","BOSS","M","?","?","M","?","R","M","R","T","R","?","R","?","?","R","BOSS"],"build_version":"2018-11-15","purchased_purges":2,"victory":true,"max_hp_per_floor":[80,80,80,80,80,80,80,80,90,90,90,90,90,90,90,90,90,90,90,90,90,90,90,90,90,90,90,90,90,90,90,90,90,90,90,90,104,104,104,104,104,104,104,111,111,111,111,111,111,111],"card_choices":[{"not_picked":["Twin Strike","Fire Breathing"],"picked":"Rampage","floor":1},{"not_picked":["Cleave","Sword Boomerang"],"picked":"Battle Trance","floor":4},{"not_picked":["Wild Strike","Perfected Strike"],"picked":"Iron Wave","floor":5},{"not_picked":["Sword Boomerang","Intimidate"],"picked":"Power Through","floor":7},{"not_picked":["Warcry","Heavy Blade"],"picked":"Rage","floor":8},{"not_picked":["Limit Break","Offering"],"picked":"Double Tap","floor":16},{"not_picked":["Sword Boomerang","Twin Strike"],"picked":"Headbutt","floor":18},{"not_picked":["Wild Strike","Dropkick","Sever Soul"],"picked":"SKIP","floor":20},{"not_picked":["Anger","Barricade"],"picked":"Headbutt","floor":21},{"not_picked":["Sword Boomerang","True Grit"],"picked":"Pommel Strike+1","floor":24},{"not_picked":["Fire Breathing","Twin Strike"],"picked":"Warcry+1","floor":29},{"not_picked":["Barricade","Berserk"],"picked":"Impervious+1","floor":33},{"not_picked":[],"picked":"Shrug It Off+1","floor":35},{"not_picked":[],"picked":"Flex+1","floor":37},{"not_picked":[],"picked":"Warcry+1","floor":38},{"not_picked":[],"picked":"Body Slam+1","floor":38},{"not_picked":[],"picked":"Warcry+1","floor":41},{"not_picked":[],"picked":"Heavy Blade+1","floor":41},{"not_picked":[],"picked":"Power Through+1","floor":47},{"not_picked":["Heavy Blade+1"],"picked":"SKIP","floor":47}],"player_experience":2010811,"relics_obtained":[{"floor":7,"key":"Bronze Scales"},{"floor":9,"key":"Pear"},{"floor":23,"key":"Vajra"},{"floor":25,"key":"Bag of Marbles"},{"floor":26,"key":"Torii"},{"floor":27,"key":"Toxic Egg 2"},{"floor":32,"key":"Blue Candle"},{"floor":36,"key":"Prayer Wheel"},{"floor":37,"key":"Mango"},{"floor":40,"key":"Molten Egg 2"},{"floor":42,"key":"Old Coin"},{"floor":43,"key":"Mercury Hourglass"},{"floor":44,"key":"Strawberry"},{"floor":45,"key":"Dodecahedron"},{"floor":46,"key":"The Courier"}],"event_choices":[{"damage_healed":0,"gold_gain":0,"player_choice":"Entered Light","damage_taken":16,"max_hp_gain":0,"max_hp_loss":0,"event_name":"Shining Light","floor":2,"gold_loss":0,"cards_upgraded":["Strike_R","Defend_R"]},{"damage_healed":0,"gold_gain":0,"player_choice":"Left Gold","damage_taken":0,"max_hp_gain":0,"max_hp_loss":0,"event_name":"World of Goop","floor":3,"gold_loss":25},{"cards_removed":["Defend_R"],"damage_healed":0,"gold_gain":0,"player_choice":"Card Removal","damage_taken":7,"max_hp_gain":0,"max_hp_loss":0,"event_name":"Golden Wing","floor":12,"gold_loss":0},{"damage_healed":0,"gold_gain":0,"player_choice":"Searched \u00271\u0027 times","damage_taken":0,"relics_obtained":["Shovel"],"max_hp_gain":0,"max_hp_loss":0,"event_name":"Dead Adventurer","floor":14,"gold_loss":0},{"damage_healed":0,"gold_gain":0,"player_choice":"Fight","damage_taken":0,"max_hp_gain":0,"max_hp_loss":0,"event_name":"Colosseum","floor":28,"gold_loss":0},{"damage_healed":0,"gold_gain":0,"player_choice":"Fled From Nobs","damage_taken":0,"max_hp_gain":0,"max_hp_loss":0,"event_name":"Colosseum","floor":28,"gold_loss":0},{"cards_removed":["Strike_R"],"damage_healed":0,"gold_gain":0,"player_choice":"Elegance","damage_taken":0,"max_hp_gain":0,"max_hp_loss":0,"event_name":"Back to Basics","floor":30,"gold_loss":0},{"damage_healed":0,"gold_gain":0,"player_choice":"Fight","damage_taken":0,"max_hp_gain":0,"max_hp_loss":0,"event_name":"Mysterious Sphere","floor":36,"gold_loss":0},{"damage_healed":0,"gold_gain":0,"player_choice":"Fight","damage_taken":0,"max_hp_gain":0,"max_hp_loss":0,"event_name":"MindBloom","floor":37,"gold_loss":0},{"cards_removed":["Strike_R"],"damage_healed":0,"gold_gain":0,"player_choice":"Removed Attack","damage_taken":0,"max_hp_gain":0,"max_hp_loss":0,"event_name":"Falling","floor":39,"gold_loss":0},{"damage_healed":0,"gold_gain":0,"player_choice":"Paid","damage_taken":0,"relics_obtained":["Red Mask"],"max_hp_gain":0,"max_hp_loss":0,"event_name":"Tomb of Lord Red Mask","floor":48,"gold_loss":589}],"is_beta":false,"boss_relics":[{"not_picked":["Runic Cube","Pandora\u0027s Box"],"picked":"Fusion Hammer"},{"not_picked":["Cursed Key","Sozu"],"picked":"Busted Crown"}],"items_purged_floors":[10,19],"is_endless":false,"potions_floor_spawned":[4,5,20,28,33],"ascension_level":13}