{"gold_per_floor":[209,222,235,37,50,50,78,98,98,98,111,128,143,158,158,231,231,243,243,257,273,273],"floor_reached":22,"playtime":3254,"items_purged":[],"score":403,"play_id":"e9d8f2f6-ebb9-4053-891e-722bce7e13f1","local_time":"20190127230923","is_ascension_mode":true,"campfire_choices":[{"data":"Dualcast","floor":6,"key":"SMITH"},{"floor":15,"key":"REST"}],"neow_cost":"NONE","seed_source_timestamp":533068630659258,"circlet_count":0,"master_deck":["AscendersBane","Strike_B","Strike_B","Strike_B","Defend_B","Defend_B","Defend_B","Defend_B","Zap","Dualcast+1","Rebound","Doom and Gloom","Beam Cell","Electrodynamics","Gash","FTL","Hyperbeam","Gash","Ball Lightning","Hologram","Electrodynamics","Echo Form","FTL+1","Defragment","Scrape+1"],"relics":["Cracked Core","ClockworkSouvenir","Bottled Lightning","Pear","Eternal Feather"],"potions_floor_usage":[7,12,14,16,21],"damage_taken":[{"damage":0,"enemies":"2 Louse","floor":1,"turns":2},{"damage":1,"enemies":"Cultist","floor":2,"turns":3},{"damage":5,"enemies":"Small Slimes","floor":3,"turns":4},{"damage":10,"enemies":"Exordium Wildlife","floor":5,"turns":3},{"damage":31,"enemies":"Lagavulin","floor":7,"turns":7},{"damage":13,"enemies":"3 Louse","floor":8,"turns":2},{"damage":8,"enemies":"Blue Slaver","floor":11,"turns":3},{"damage":2,"enemies":"Large Slime","floor":12,"turns":3},{"damage":6,"enemies":"Looter","floor":13,"turns":2},{"damage":0,"enemies":"Blue Slaver","floor":14,"turns":1},{"damage":0,"enemies":"Slime Boss","floor":16,"turns":4},{"damage":33,"enemies":"2 Thieves","floor":18,"turns":3},{"damage":13,"enemies":"3 Byrds","floor":20,"turns":3},{"damage":8,"enemies":"Cultist and Chosen","floor":21,"turns":4},{"damage":22,"enemies":"Colosseum Slavers","floor":22,"turns":2}],"seed_played":"-2615661033930670719","potions_obtained":[{"floor":2,"key":"Swift Potion"},{"floor":3,"key":"EssenceOfSteel"},{"floor":11,"key":"Explosive Potion"},{"floor":12,"key":"FocusPotion"},{"floor":20,"key":"EssenceOfSteel"}],"is_trial":false,"path_per_floor":["M","M","M","$","M","R","E","M","T","?","M","M","M","M","R","B",null,"M","?","M","M","?"],"character_chosen":"DEFECT","items_purchased":["ClockworkSouvenir"],"campfire_rested":1,"item_purchase_floors":[4],"current_hp_per_floor":[68,67,62,62,52,52,21,8,18,18,10,8,2,2,27,27,71,38,38,25,17,0],"gold":273,"neow_bonus":"HUNDRED_GOLD","is_prod":false,"is_daily":false,"chose_seed":false,"campfire_upgraded":1,"win_rate":0,"timestamp":1548648563,"path_taken":["M","M","M","$","M","R","E","M","T","?","M","M","?","M","R","BOSS","M","?","M","M","?"],"build_version":"2019-01-23","purchased_purges":0,"victory":false,"max_hp_per_floor":[75,75,75,75,75,75,75,75,85,85,85,85,85,85,85,85,85,85,85,85,85,85],"card_choices":[{"not_picked":["Leap","Hello World"],"picked":"Rebound","floor":1},{"not_picked":["Rip and Tear","Melter"],"picked":"Doom and Gloom","floor":2},{"not_picked":["Redo","Stack"],"picked":"Beam Cell","floor":3},{"not_picked":["Cold Snap","Sweeping Beam"],"picked":"Electrodynamics","floor":5},{"not_picked":["Stack","Redo"],"picked":"Gash","floor":7},{"not_picked":["Doom and Gloom","Beam Cell"],"picked":"FTL","floor":8},{"not_picked":["Go for the Eyes","Beam Cell"],"picked":"Gash","floor":11},{"not_picked":["Capacitor","Beam Cell"],"picked":"Ball Lightning","floor":12},{"not_picked":["Beam Cell","Scrape"],"picked":"Hologram","floor":13},{"not_picked":["Storm","Electrodynamics","Barrage"],"picked":"SKIP","floor":14},{"not_picked":["Storm","Barrage"],"picked":"Electrodynamics","floor":14},{"not_picked":["Thunder Strike","Creative AI"],"picked":"Echo Form","floor":16},{"not_picked":["Ball Lightning","Consume"],"picked":"FTL+1","floor":18},{"not_picked":["Self Repair","Barrage"],"picked":"Defragment","floor":20},{"not_picked":["Lockon","Genetic Algorithm"],"picked":"Scrape+1","floor":21}],"player_experience":2238454,"relics_obtained":[{"floor":7,"key":"Bottled Lightning"},{"floor":9,"key":"Pear"}],"event_choices":[{"damage_healed":0,"gold_gain":0,"cards_transformed":["Strike_B"],"player_choice":"Transformed","damage_taken":0,"max_hp_gain":0,"max_hp_loss":0,"event_name":"Transmorgrifier","floor":10,"gold_loss":0,"cards_obtained":["Hyperbeam"]},{"damage_healed":0,"gold_gain":0,"player_choice":"Ignored","damage_taken":0,"max_hp_gain":0,"max_hp_loss":0,"event_name":"Vampires","floor":19,"gold_loss":0},{"damage_healed":0,"gold_gain":0,"player_choice":"Fight","damage_taken":0,"max_hp_gain":0,"max_hp_loss":0,"event_name":"Colosseum","floor":22,"gold_loss":0}],"is_beta":false,"boss_relics":[{"not_picked":["Pandora\u0027s Box","Snecko Eye"],"picked":"Eternal Feather"}],"items_purged_floors":[],"is_endless":false,"potions_floor_spawned":[2,3,5,11,12,20],"killed_by":"Colosseum Slavers","ascension_level":13}