{"gold_per_floor":[110,110,285,235,27,27,68,68,95,116,16,70,70,85,85,85],"floor_reached":16,"playtime":867,"items_purged":["Injury","Strike_R"],"score":125,"play_id":"fa982cbc-4145-4e97-9582-9ad71713e242","local_time":"20180819141310","is_ascension_mode":true,"campfire_choices":[{"data":"Armaments","floor":6,"key":"SMITH"},{"data":"Searing Blow","floor":8,"key":"SMITH"},{"floor":15,"key":"REST"}],"neow_cost":"NONE","seed_source_timestamp":147333843399507,"circlet_count":0,"master_deck":["Strike_R","Strike_R","Strike_R","Strike_R","Defend_R+1","Defend_R+1","Defend_R","Defend_R+1","Bash+1","Searing Blow+1","Rampage","Armaments+1","Power Through+1","Thunderclap","Armaments","Warcry"],"relics":["Burning Blood","Golden Idol","Potion Belt","Dream Catcher","War Paint"],"potions_floor_usage":[16,16],"damage_taken":[{"damage":7,"enemies":"Small Slimes","floor":1,"turns":3},{"damage":19,"enemies":"Lagavulin","floor":7,"turns":7},{"damage":7,"enemies":"Jaw Worm","floor":10,"turns":3},{"damage":0,"enemies":"2 Louse","floor":14,"turns":3},{"damage":71,"enemies":"Hexaghost","floor":16,"turns":14}],"seed_played":"1258405167295828879","potions_obtained":[{"floor":10,"key":"Swift Potion"},{"floor":14,"key":"FearPotion"}],"is_trial":false,"path_per_floor":["M","?","?","?","$","R","E","R","T","M","$","T","?","M","R"],"character_chosen":"IRONCLAD","items_purchased":["Rampage","Armaments"],"campfire_rested":1,"item_purchase_floors":[5,5],"current_hp_per_floor":[71,71,71,71,71,71,58,58,58,57,57,57,41,47,71,0],"gold":85,"neow_bonus":"UPGRADE_CARD","is_prod":false,"is_daily":false,"chose_seed":false,"campfire_upgraded":2,"win_rate":0,"timestamp":1534702390,"path_taken":["M","?","?","?","$","R","E","R","T","M","$","?","?","M","R","BOSS"],"build_version":"2018-08-09","purchased_purges":2,"victory":false,"max_hp_per_floor":[80,80,80,80,80,80,80,80,80,80,80,80,80,80,80,80],"card_choices":[{"not_picked":["Body Slam","Iron Wave"],"picked":"Searing Blow","floor":1},{"not_picked":["Second Wind","Heavy Blade"],"picked":"Power Through","floor":7},{"not_picked":["Havoc","Perfected Strike"],"picked":"Thunderclap","floor":10},{"not_picked":["Power Through","Combust"],"picked":"Armaments","floor":14},{"not_picked":["Carnage","Iron Wave"],"picked":"Warcry","floor":15}],"player_experience":1551087,"relics_obtained":[{"floor":7,"key":"Potion Belt"},{"floor":9,"key":"Dream Catcher"},{"floor":12,"key":"War Paint"}],"event_choices":[{"event_name":"Golden Idol","player_choice":"Take Wound","floor":2,"damage_taken":0},{"event_name":"Liars Game","player_choice":"agreed","floor":3,"damage_taken":0},{"event_name":"The Cleric","player_choice":"Card Removal","floor":4,"damage_taken":0},{"event_name":"Shining Light","player_choice":"Entered Light","floor":13,"damage_taken":0}],"is_beta":false,"boss_relics":[],"items_purged_floors":[5,11],"is_endless":false,"potions_floor_spawned":[10,14],"killed_by":"Hexaghost","ascension_level":6}