{"gold_per_floor":[112,65,78,34,53,53,53,53,53,68,68,68,103,103,103,201,201,189,114,127,143,163,163,163],"floor_reached":24,"playtime":2110,"items_purged":["Pain"],"score":329,"play_id":"a44a60f9-4bee-4868-a467-9556fb1654cb","local_time":"20181114200023","is_ascension_mode":true,"campfire_choices":[{"data":"Beam Cell","floor":6,"key":"SMITH"},{"floor":12,"key":"REST"},{"floor":15,"key":"REST"},{"floor":23,"key":"REST"}],"neow_cost":"NONE","seed_source_timestamp":583764219975394,"circlet_count":0,"master_deck":["AscendersBane","Strike_B","Strike_B","Strike_B","Defend_B","Defend_B","Defend_B","Defend_B","Zap","Dualcast","Gash","Ball Lightning","Beam Cell+1","Go for the Eyes","Self Repair","Capacitor","Biased Cognition","Injury","Injury","Cold Snap+1","Gash","BootSequence","Static Discharge","Loop"],"relics":["Cracked Core","Dream Catcher","Darkstone Periapt","Cables","Potion Belt","Calling Bell","Blood Vial","Shuriken","Calipers"],"potions_floor_usage":[10,20,21,21,22],"damage_taken":[{"damage":6,"enemies":"Cultist","floor":1,"turns":4},{"damage":5,"enemies":"Small Slimes","floor":3,"turns":3},{"damage":0,"enemies":"Jaw Worm","floor":5,"turns":3},{"damage":17,"enemies":"Lots of Slimes","floor":10,"turns":4},{"damage":37,"enemies":"3 Sentries","floor":13,"turns":8},{"damage":43,"enemies":"Hexaghost","floor":16,"turns":9},{"damage":37,"enemies":"2 Thieves","floor":18,"turns":4},{"damage":20,"enemies":"Spheric Guardian","floor":20,"turns":4},{"damage":30,"enemies":"Cultist and Chosen","floor":21,"turns":6},{"damage":17,"enemies":"Snecko","floor":22,"turns":6},{"damage":55,"enemies":"Sentry and Sphere","floor":24,"turns":4}],"seed_played":"-4109312603671743792","potions_obtained":[{"floor":1,"key":"Poison Potion"},{"floor":18,"key":"EntropicBrew"}],"is_trial":false,"path_per_floor":["M","$","M","?","M","R","?","$","T","M","?","R","E","T","R","B",null,"M","$","M","M","M","R","M"],"character_chosen":"DEFECT","items_purchased":["Ball Lightning"],"campfire_rested":3,"item_purchase_floors":[2],"current_hp_per_floor":[62,62,57,57,57,57,50,50,50,33,38,62,32,32,56,20,83,55,55,44,23,15,44,0],"gold":163,"neow_bonus":"RANDOM_COMMON_RELIC","is_prod":false,"is_daily":false,"chose_seed":false,"campfire_upgraded":1,"win_rate":0,"timestamp":1542243623,"path_taken":["M","$","M","?","M","R","?","?","T","?","?","R","E","?","R","BOSS","M","$","M","M","?","R","M"],"build_version":"2018-11-08","purchased_purges":1,"victory":false,"max_hp_per_floor":[75,75,75,75,75,75,75,75,75,75,80,80,80,80,80,80,98,98,98,98,98,98,98,98],"card_choices":[{"not_picked":["Heatsinks","Compile Driver"],"picked":"Gash","floor":1},{"not_picked":["Redo","Coolheaded","Barrage"],"picked":"SKIP","floor":3},{"not_picked":["Capacitor","Ball Lightning"],"picked":"Beam Cell","floor":5},{"not_picked":["Darkness","Stack"],"picked":"Go for the Eyes","floor":10},{"not_picked":["Hologram","Ball Lightning"],"picked":"Self Repair","floor":12},{"not_picked":["Creative AI","Streamline"],"picked":"Capacitor","floor":13},{"not_picked":["Reboot","Machine Learning"],"picked":"Biased Cognition","floor":16},{"not_picked":["Chaos","Beam Cell"],"picked":"Cold Snap+1","floor":18},{"not_picked":["Go for the Eyes+1","Sweeping Beam+1"],"picked":"Gash","floor":20},{"not_picked":["Cold Snap","Ball Lightning"],"picked":"BootSequence","floor":21},{"not_picked":["Redo","Meteor Strike"],"picked":"Static Discharge","floor":22},{"not_picked":["Redo","Streamline+1"],"picked":"Loop","floor":23}],"player_experience":1984467,"relics_obtained":[{"floor":9,"key":"Darkstone Periapt"},{"floor":13,"key":"Cables"},{"floor":14,"key":"Potion Belt"},{"floor":17,"key":"Blood Vial"},{"floor":17,"key":"Shuriken"},{"floor":17,"key":"Calipers"}],"event_choices":[{"damage_healed":0,"gold_gain":0,"player_choice":"Left Gold","damage_taken":0,"max_hp_gain":0,"max_hp_loss":0,"event_name":"World of Goop","floor":4,"gold_loss":44},{"cards_removed":["Strike_B"],"damage_healed":0,"gold_gain":0,"player_choice":"Card Removal","damage_taken":7,"max_hp_gain":0,"max_hp_loss":0,"event_name":"Golden Wing","floor":7,"gold_loss":0},{"damage_healed":0,"gold_gain":0,"player_choice":"Donut","damage_taken":0,"max_hp_gain":5,"max_hp_loss":0,"event_name":"Big Fish","floor":11,"gold_loss":0}],"is_beta":false,"boss_relics":[{"not_picked":["Velvet Choker","Philosopher\u0027s Stone"],"picked":"Calling Bell"}],"items_purged_floors":[19],"is_endless":false,"potions_floor_spawned":[1,18],"killed_by":"Sentry and Sphere","ascension_level":11}