{"gold_per_floor":[116,126,126,126,142,167,167,185,237,237,255,265,265,278,278,278],"floor_reached":16,"playtime":1367,"items_purged":[],"score":104,"play_id":"e1bd2fc7-e13f-4f06-a612-8bad353c3871","local_time":"20190626111958","is_ascension_mode":false,"campfire_choices":[{"floor":7.0,"key":"REST"},{"floor":10,"key":"REST"},{"data":"Infernal Blade","floor":13,"key":"SMITH"},{"data":"Defend_R","floor":15,"key":"SMITH"}],"neow_cost":"","seed_source_timestamp":0,"circlet_count":0,"master_deck":["Strike_R","Strike_R","Strike_R","Strike_R+1","Strike_R","Defend_R","Defend_R","Defend_R","Defend_R+1","Bash","Iron Wave","Infernal Blade+1","Dropkick+1","Twin Strike","Feel No Pain","Perfected Strike","Twin Strike","Rage"],"special_seed":0,"relics":["Burning Blood","Question Card","Whetstone"],"potions_floor_usage":[],"damage_taken":[{"damage":14.0,"enemies":"Small Slimes","floor":1.0,"turns":5.0},{"damage":11.0,"enemies":"Jaw Worm","floor":2.0,"turns":3.0},{"damage":7.0,"enemies":"Cultist","floor":5.0,"turns":5.0},{"damage":26.0,"enemies":"Lagavulin","floor":6.0,"turns":5.0},{"damage":23,"enemies":"Large Slime","floor":8,"turns":6},{"damage":21,"enemies":"3 Louse","floor":11,"turns":4},{"damage":1,"enemies":"Exordium Wildlife","floor":12,"turns":3},{"damage":9,"enemies":"2 Fungi Beasts","floor":14,"turns":3},{"damage":65,"enemies":"The Guardian","floor":16,"turns":8}],"seed_played":"5607978847378821163","potions_obtained":[{"floor":2.0,"key":"Ancient Potion"},{"floor":8,"key":"BloodPotion"},{"floor":11,"key":"LiquidBronze"},{"floor":12,"key":"Swift Potion"}],"is_trial":false,"path_per_floor":["M","M","?","?","M","E","R","M","T","R","M","M","R","M","R","B"],"character_chosen":"IRONCLAD","items_purchased":[],"campfire_rested":2,"item_purchase_floors":[],"current_hp_per_floor":[72,67,67,67,66,46,70,53,53,77,62,67,67,64,64,0],"gold":278,"neow_bonus":"","is_prod":false,"is_daily":false,"chose_seed":false,"campfire_upgraded":2,"win_rate":0.0,"timestamp":1561558798,"path_taken":["M","M","?","?","M","E","R","M","T","R","M","M","R","M","R","BOSS"],"build_version":"2019-01-23","purchased_purges":0,"victory":false,"max_hp_per_floor":[80,80,80,80,80,80,80,80,80,80,80,80,80,80,80,80],"card_choices":[{"not_picked":["Warcry","Flex"],"picked":"Iron Wave","floor":1.0},{"not_picked":["Disarm","Warcry"],"picked":"Infernal Blade","floor":2.0},{"not_picked":["Corruption","Second Wind"],"picked":"Dropkick","floor":5.0},{"not_picked":["Fiend Fire","Flame Barrier"],"picked":"Twin Strike","floor":6.0},{"not_picked":["Pommel Strike","Intimidate","Corruption"],"picked":"Feel No Pain","floor":8},{"not_picked":["Dropkick","Iron Wave","Feel No Pain"],"picked":"Perfected Strike","floor":11},{"not_picked":["True Grit","Iron Wave","Flex"],"picked":"Twin Strike","floor":12},{"not_picked":["Juggernaut","Armaments","Clash"],"picked":"Rage","floor":14}],"player_experience":0,"relics_obtained":[{"floor":6.0,"key":"Question Card"},{"floor":9,"key":"Whetstone"}],"event_choices":[{"damage_healed":0.0,"max_hp_gain":0.0,"max_hp_loss":0.0,"gold_gain":0.0,"event_name":"Shining Light","player_choice":"Ignored","floor":3.0,"gold_loss":0.0,"damage_taken":0.0},{"damage_healed":0.0,"max_hp_gain":0.0,"max_hp_loss":0.0,"gold_gain":0.0,"event_name":"Liars Game","player_choice":"Ignored","floor":4.0,"gold_loss":0.0,"damage_taken":0.0}],"is_beta":false,"boss_relics":[],"items_purged_floors":[],"is_endless":false,"potions_floor_spawned":[2,8,11,12],"killed_by":"The Guardian","ascension_level":0}