{"gold_per_floor":[111,130,5,17,28,59,79,79,103,113,26,54,72,85,85,85],"floor_reached":16,"playtime":1634,"items_purged":[],"score":116,"play_id":"74f81157-406a-49d5-958a-1faa4f8537d0","local_time":"20190913094310","is_ascension_mode":false,"campfire_choices":[{"floor":8,"key":"RECALL"},{"floor":15,"key":"REST"}],"neow_cost":"NONE","seed_source_timestamp":189999814610462,"circlet_count":0,"master_deck":["Strike_P","Strike_P","Strike_P","Strike_P","Defend_P","Defend_P","Defend_P","Defend_P","Eruption","Vigilance","WreathOfFlame","DeceiveReality","Protect","TalkToTheHand","FlyingSleeves","Collect","CrushJoints","EmptyMind","WaveOfTheHand","BowlingBash","Deep Breath+1","LessonLearned","Conclude","ThirdEye"],"relics":["PureWater","Du-Vu Doll","Melange","InkBottle"],"potions_floor_usage":[12,13,14,14],"damage_taken":[{"damage":2,"enemies":"Cultist","floor":1,"turns":5},{"damage":2,"enemies":"Small Slimes","floor":2,"turns":4},{"damage":0,"enemies":"Jaw Worm","floor":4,"turns":4},{"damage":1,"enemies":"Looter","floor":5,"turns":4},{"damage":12,"enemies":"Lagavulin","floor":6,"turns":8},{"damage":4,"enemies":"3 Louse","floor":7,"turns":7},{"damage":1,"enemies":"Exordium Wildlife","floor":10,"turns":8},{"damage":28,"enemies":"3 Sentries","floor":12,"turns":16},{"damage":8,"enemies":"Looter","floor":13,"turns":3},{"damage":8,"enemies":"Exordium Thugs","floor":14,"turns":6},{"damage":29,"enemies":"Hexaghost","floor":16,"turns":12}],"seed_played":"8601868550823181142","potions_obtained":[{"floor":1,"key":"FearPotion"},{"floor":2,"key":"SmokeBomb"},{"floor":6,"key":"FearPotion"},{"floor":12,"key":"SkillPotion"},{"floor":13,"key":"LiquidBronze"}],"is_trial":false,"path_per_floor":["M","M","$","M","M","E","M","R","T","M","$","E","M","M","R","B"],"character_chosen":"WATCHER","items_purchased":["Protect","TalkToTheHand","FlyingSleeves","Deep Breath"],"campfire_rested":1,"item_purchase_floors":[3,3,3,11],"current_hp_per_floor":[69,67,67,67,66,54,50,50,50,49,49,21,13,5,26,0],"gold":85,"neow_bonus":"TEN_PERCENT_HP_BONUS","is_prod":false,"is_daily":false,"chose_seed":false,"campfire_upgraded":0,"win_rate":0.0,"timestamp":1568378590,"path_taken":["M","M","$","M","M","E","M","R","T","M","$","E","M","M","R","BOSS"],"build_version":"2019-09-12","purchased_purges":0,"victory":false,"max_hp_per_floor":[71,71,71,71,71,71,71,71,71,71,71,71,71,71,71,71],"card_choices":[{"not_picked":["ForeignInfluence","PathToVictory"],"picked":"WreathOfFlame","floor":1},{"not_picked":["ForeignInfluence","FlurryOfBlows"],"picked":"DeceiveReality","floor":2},{"not_picked":["Worship","Evaluate"],"picked":"Collect","floor":4},{"not_picked":["Tantrum","TalkToTheHand"],"picked":"CrushJoints","floor":5},{"not_picked":["InnerPeace","FollowUp"],"picked":"EmptyMind","floor":6},{"not_picked":["CutThroughFate","Tantrum"],"picked":"WaveOfTheHand","floor":7},{"not_picked":["Halt","Devotion"],"picked":"BowlingBash","floor":10},{"not_picked":["Collect","Weave"],"picked":"LessonLearned","floor":12},{"not_picked":["DeceiveReality","Prostrate"],"picked":"Conclude","floor":13},{"not_picked":["EmptyMind","Weave"],"picked":"ThirdEye","floor":14}],"player_experience":411377,"relics_obtained":[{"floor":6,"key":"Du-Vu Doll"},{"floor":9,"key":"Melange"},{"floor":12,"key":"InkBottle"}],"event_choices":[],"is_beta":true,"boss_relics":[],"items_purged_floors":[],"is_endless":false,"potions_floor_spawned":[1,2,6,12,13],"killed_by":"Hexaghost","ascension_level":0}