{"gold_per_floor":[116,126,126,138,138,138,149,149,149,71,81,110,110,110,110,205,205,224,244,169,169,169,169,208,208,208,228,228,244,263,277,277,367,367,385,399,399,399],"floor_reached":38,"playtime":5319,"items_purged":[],"score":673,"play_id":"42af66f2-2430-40a3-8b22-810f8403da43","local_time":"20190119223710","is_ascension_mode":true,"campfire_choices":[{"floor":6.0,"key":"REST"},{"data":"Neutralize","floor":8.0,"key":"SMITH"},{"floor":13,"key":"REST"},{"floor":15,"key":"REST"},{"data":"Bane","floor":23,"key":"SMITH"},{"data":"PiercingWail","floor":25,"key":"SMITH"},{"floor":28,"key":"REST"},{"floor":32,"key":"REST"}],"neow_cost":"NONE","seed_source_timestamp":422720471140510,"circlet_count":0,"master_deck":["AscendersBane","Defend_G","Defend_G","Defend_G","Defend_G+1","Strike_G+1","Strike_G","Strike_G+1","Survivor","Neutralize+1","PiercingWail","Caltrops","Well Laid Plans","Quick Slash","Poisoned Stab","Dodge and Roll+1","All Out Attack","Bane","Adrenaline","Bane+1","PiercingWail+1","PiercingWail+1","Skewer+1","Bane+1","Envenom","Doppelganger","Catalyst","Terror","Flash of Steel+1"],"special_seed":0,"relics":["Ring of the Snake","Darkstone Periapt","Happy Flower","Golden Idol","Empty Cage","War Paint","Blood Vial","Molten Egg 2","Cursed Key"],"potions_floor_usage":[24,27,33,33],"damage_taken":[{"damage":5.0,"enemies":"Small Slimes","floor":1.0,"turns":5.0},{"damage":6.0,"enemies":"Jaw Worm","floor":2.0,"turns":5.0},{"damage":0.0,"enemies":"2 Louse","floor":4.0,"turns":3.0},{"damage":0.0,"enemies":"Gremlin Gang","floor":7.0,"turns":5.0},{"damage":7,"enemies":"Large Slime","floor":11,"turns":8},{"damage":27,"enemies":"3 Sentries","floor":12,"turns":10},{"damage":19,"enemies":"Hexaghost","floor":16,"turns":12},{"damage":2,"enemies":"Shell Parasite","floor":18,"turns":9},{"damage":0,"enemies":"3 Byrds","floor":19,"turns":5},{"damage":31,"enemies":"Book of Stabbing","floor":24,"turns":6},{"damage":15,"enemies":"3 Cultists","floor":27,"turns":6},{"damage":20,"enemies":"Centurion and Healer","floor":29,"turns":7},{"damage":0,"enemies":"Snake Plant","floor":30,"turns":4},{"damage":5,"enemies":"Chosen and Byrds","floor":31,"turns":7},{"damage":40,"enemies":"Automaton","floor":33,"turns":12},{"damage":19,"enemies":"3 Darklings","floor":35,"turns":9},{"damage":7,"enemies":"3 Shapes","floor":36,"turns":6},{"damage":43,"enemies":"2 Orb Walkers","floor":38,"turns":3}],"seed_played":"390935746510208669","potions_obtained":[{"floor":2.0,"key":"Ancient Potion"},{"floor":4.0,"key":"Fire Potion"},{"floor":16,"key":"Explosive Potion"},{"floor":18,"key":"FearPotion"},{"floor":30,"key":"LiquidBronze"},{"floor":31,"key":"Strength Potion"}],"is_trial":false,"path_per_floor":["M","M","?","M","?","R","M","R","T","$","M","E","R","?","R","B",null,"M","M","?","?","?","R","E","R","T","M","R","M","M","M","R","B",null,"M","M","?","?"],"character_chosen":"THE_SILENT","items_purchased":["Poisoned Stab","Dodge and Roll"],"campfire_rested":5,"item_purchase_floors":[10,10],"current_hp_per_floor":[60,54,29,29,15,36,36,36,36,36,29,2,23,23,43,24,56,54,54,54,60,60,60,29,29,29,16,37,19,21,18,39,1,55,38,33,33,0],"gold":399,"neow_bonus":"TEN_PERCENT_HP_BONUS","is_prod":false,"is_daily":false,"chose_seed":false,"campfire_upgraded":3,"win_rate":0,"timestamp":1547955430,"path_taken":["M","M","?","M","?","R","M","R","T","$","M","E","R","?","R","BOSS","M","M","?","?","?","R","E","R","T","M","R","M","?","M","R","BOSS","M","M","?","?"],"build_version":"2019-01-17v2","purchased_purges":0,"victory":false,"max_hp_per_floor":[72,72,72,72,72,72,72,72,72,72,72,72,72,67,67,67,67,67,67,67,73,73,73,73,73,73,73,73,73,73,73,73,73,73,73,73,73,73],"card_choices":[{"not_picked":["Underhanded Strike","Riddle With Holes"],"picked":"PiercingWail","floor":1.0},{"not_picked":["Sucker Punch","Finisher"],"picked":"Caltrops","floor":2.0},{"not_picked":["Cloak And Dagger","Poisoned Stab"],"picked":"Well Laid Plans","floor":4.0},{"not_picked":["Bane","Flying Knee"],"picked":"Quick Slash","floor":7.0},{"not_picked":["Deflect","Backflip"],"picked":"All Out Attack","floor":11},{"not_picked":["Sucker Punch","Unload"],"picked":"Bane","floor":12},{"not_picked":["Night Terror","Storm of Steel"],"picked":"Adrenaline","floor":16},{"not_picked":["Reflex","Acrobatics"],"picked":"Bane","floor":18},{"not_picked":["Blur","Dash"],"picked":"PiercingWail+1","floor":19},{"not_picked":["Underhanded Strike+1","Dagger Spray"],"picked":"PiercingWail","floor":24},{"not_picked":["Slice+1","Underhanded Strike+1"],"picked":"Skewer+1","floor":27},{"not_picked":["Outmaneuver","Slice+1"],"picked":"Bane+1","floor":29},{"not_picked":["Finisher+1","Flying Knee+1"],"picked":"Envenom","floor":30},{"not_picked":["Flying Knee+1","Outmaneuver","Prepared"],"picked":"SKIP","floor":31},{"not_picked":["Wraith Form v2","Phantasmal Killer"],"picked":"Doppelganger","floor":33},{"not_picked":["Dagger Throw+1","Underhanded Strike+1"],"picked":"Catalyst","floor":35},{"not_picked":["Dodge and Roll","Dash+1"],"picked":"Terror","floor":36},{"not_picked":["Discovery","Dark Shackles"],"picked":"Flash of Steel+1","floor":37}],"player_experience":2202208,"relics_obtained":[{"floor":12,"key":"Happy Flower"},{"floor":24,"key":"Blood Vial"},{"floor":26,"key":"Molten Egg 2"}],"event_choices":[{"damage_healed":0.0,"max_hp_gain":0.0,"max_hp_loss":0.0,"gold_gain":0.0,"event_name":"Scrap Ooze","player_choice":"Success","floor":3.0,"gold_loss":0.0,"damage_taken":25.0,"relics_obtained":["Darkstone Periapt"]},{"damage_healed":0.0,"max_hp_gain":0.0,"max_hp_loss":0.0,"gold_gain":0.0,"event_name":"Shining Light","player_choice":"Entered Light","floor":5.0,"gold_loss":0.0,"damage_taken":14.0,"cards_upgraded":["Strike_G","Strike_G"]},{"damage_healed":0,"gold_gain":0,"player_choice":"Lose Max HP","damage_taken":0,"relics_obtained":["Golden Idol"],"max_hp_gain":0,"max_hp_loss":5,"event_name":"Golden Idol","floor":14,"gold_loss":0},{"cards_removed":["Defend_G"],"damage_healed":0,"gold_gain":0,"player_choice":"Gave Gold","damage_taken":0,"max_hp_gain":0,"max_hp_loss":0,"event_name":"Beggar","floor":20,"gold_loss":75},{"damage_healed":0,"gold_gain":0,"player_choice":"Opened","damage_taken":0,"relics_obtained":["War Paint"],"max_hp_gain":0,"max_hp_loss":0,"event_name":"The Mausoleum","floor":21,"gold_loss":0,"cards_obtained":["Writhe"]},{"cards_removed":["Writhe"],"damage_healed":0,"gold_gain":0,"player_choice":"Removed Curses","damage_taken":0,"max_hp_gain":0,"max_hp_loss":0,"event_name":"Fountain of Cleansing","floor":22,"gold_loss":0},{"damage_healed":0,"gold_gain":0,"player_choice":"Memory 1","damage_taken":0,"max_hp_gain":0,"max_hp_loss":0,"event_name":"SensoryStone","floor":37,"gold_loss":0},{"damage_healed":0,"gold_gain":0,"player_choice":"Fight","damage_taken":0,"max_hp_gain":0,"max_hp_loss":0,"event_name":"Mysterious Sphere","floor":38,"gold_loss":0}],"is_beta":false,"boss_relics":[{"not_picked":["HoveringKite","Philosopher\u0027s Stone"],"picked":"Empty Cage"},{"not_picked":["WristBlade","Fusion Hammer"],"picked":"Cursed Key"}],"items_purged_floors":[],"is_endless":false,"potions_floor_spawned":[2,4,16,18,19,30,31],"killed_by":"2 Orb Walkers","ascension_level":14}