{"gold_per_floor":[111,128,145,161,171,171,201,201,246,246,246,246],"floor_reached":12,"playtime":870,"items_purged":[],"score":136,"play_id":"215f53b8-df99-4c99-be1d-c127899d1a21","local_time":"20181125230117","is_ascension_mode":true,"campfire_choices":[{"data":"True Grit","floor":6,"key":"SMITH"},{"floor":8,"key":"REST"},{"floor":10,"key":"RECALL"}],"neow_cost":"NONE","seed_source_timestamp":720332053132954,"circlet_count":0,"master_deck":["AscendersBane","Strike_R","Strike_R","Strike_R","Strike_R","Defend_R","Defend_R","Defend_R","Defend_R","Bash","Seeing Red","Dual Wield","Rampage","Reaper","True Grit+1","Bloodletting"],"relics":["Burning Blood","Red Skull","Question Card"],"potions_floor_usage":[5,5,7],"damage_taken":[{"damage":1,"enemies":"Cultist","floor":1,"turns":4},{"damage":5,"enemies":"Small Slimes","floor":2,"turns":4},{"damage":8,"enemies":"2 Louse","floor":3,"turns":3},{"damage":17,"enemies":"Blue Slaver","floor":4,"turns":5},{"damage":39,"enemies":"Gremlin Gang","floor":5,"turns":12},{"damage":36,"enemies":"Lagavulin","floor":7,"turns":9},{"damage":60,"enemies":"Gremlin Nob","floor":12,"turns":5}],"seed_played":"-7910526017669350267","potions_obtained":[{"floor":1,"key":"Block Potion"},{"floor":2,"key":"Weak Potion"},{"floor":7,"key":"Fruit Juice"}],"is_trial":false,"path_per_floor":["M","M","M","M","M","R","E","R","T","R","?","E"],"character_chosen":"IRONCLAD","items_purchased":[],"campfire_rested":1,"item_purchase_floors":[],"current_hp_per_floor":[73,74,72,61,50,50,29,53,53,53,53,0],"gold":246,"neow_bonus":"RANDOM_COMMON_RELIC","is_prod":false,"is_daily":false,"chose_seed":false,"campfire_upgraded":1,"win_rate":0,"timestamp":1543204877,"path_taken":["M","M","?","M","M","R","E","R","T","R","?","E"],"build_version":"2018-11-15","purchased_purges":0,"victory":false,"max_hp_per_floor":[75,75,75,75,75,75,80,80,80,80,80,80],"card_choices":[{"not_picked":["Flex","Heavy Blade"],"picked":"Seeing Red","floor":1},{"not_picked":["Wild Strike","Flex"],"picked":"Dual Wield","floor":2},{"not_picked":["Flex","Armaments"],"picked":"Rampage","floor":3},{"not_picked":["Ghostly Armor","Flex"],"picked":"Reaper","floor":4},{"not_picked":["Sever Soul","Sword Boomerang"],"picked":"True Grit","floor":5},{"not_picked":["Clothesline","Berserk"],"picked":"Bloodletting","floor":7}],"player_experience":2029567,"relics_obtained":[{"floor":7,"key":"Question Card"}],"event_choices":[{"cards_removed":["Strike_R"],"damage_healed":0,"gold_gain":0,"player_choice":"Offered Basic","damage_taken":0,"max_hp_gain":0,"max_hp_loss":0,"event_name":"Bonfire Elementals","floor":11,"gold_loss":0}],"is_beta":false,"boss_relics":[],"items_purged_floors":[],"is_endless":false,"potions_floor_spawned":[1,2,3,7],"killed_by":"Gremlin Nob","ascension_level":14}