{"gold_per_floor":[118,43,53,64,76,76,106,117,144,176,86,97,111,142,142,215,215,225,236,236,25,36,36,61,61,61,73,98,98,117,32,32,32],"floor_reached":33,"playtime":3207,"items_purged":[],"score":601,"play_id":"89800bb6-d4b8-4f22-a7c3-8dddc3db53b8","local_time":"20190318221610","is_ascension_mode":true,"campfire_choices":[{"data":"Spot Weakness","floor":6.0,"key":"SMITH"},{"data":"True Grit","floor":15.0,"key":"SMITH"},{"data":"Whirlwind","floor":23,"key":"SMITH"},{"data":"Power Through","floor":25,"key":"SMITH"},{"floor":32,"key":"REST"}],"neow_cost":"NONE","seed_source_timestamp":1601930395149491,"circlet_count":0,"master_deck":["AscendersBane","Strike_R","Strike_R","Strike_R","Strike_R","Defend_R","Defend_R","Defend_R","Defend_R","Bash","Cleave","Thunderclap","Shrug It Off+1","Spot Weakness+1","Anger","Impervious","Brutality","Metallicize","True Grit+1","Power Through+1","Immolate","Heavy Blade","Shrug It Off+1","Whirlwind+1","Combust","Shrug It Off+1","Intimidate","Flex"],"special_seed":0,"relics":["Burning Blood","Happy Flower","Omamori","Potion Belt","Blood Vial","PreservedInsect","Pantograph","White Beast Statue","Nilry\u0027s Codex","Medical Kit","War Paint","Meat on the Bone","The Courier","Prayer Wheel"],"potions_floor_usage":[19,19,22,24,27,29,33,33],"damage_taken":[{"damage":7.0,"enemies":"Small Slimes","floor":1.0,"turns":6.0},{"damage":3.0,"enemies":"Jaw Worm","floor":3.0,"turns":4.0},{"damage":0.0,"enemies":"Cultist","floor":4.0,"turns":2.0},{"damage":0.0,"enemies":"3 Louse","floor":5.0,"turns":1.0},{"damage":22.0,"enemies":"Lagavulin","floor":7.0,"turns":5.0},{"damage":2.0,"enemies":"2 Fungi Beasts","floor":8.0,"turns":3.0},{"damage":22.0,"enemies":"3 Sentries","floor":10.0,"turns":7.0},{"damage":20.0,"enemies":"Large Slime","floor":12.0,"turns":3.0},{"damage":13.0,"enemies":"Blue Slaver","floor":13.0,"turns":2.0},{"damage":20.0,"enemies":"Gremlin Nob","floor":14.0,"turns":5.0},{"damage":23.0,"enemies":"Hexaghost","floor":16.0,"turns":11.0},{"damage":12.0,"enemies":"Chosen","floor":18.0,"turns":8.0},{"damage":9,"enemies":"2 Thieves","floor":19,"turns":5},{"damage":7,"enemies":"Cultist and Chosen","floor":22,"turns":8},{"damage":3,"enemies":"Gremlin Leader","floor":24,"turns":4},{"damage":20,"enemies":"Snake Plant","floor":27,"turns":4},{"damage":31,"enemies":"Book of Stabbing","floor":28,"turns":5},{"damage":14,"enemies":"Colosseum Slavers","floor":29,"turns":4},{"damage":29,"enemies":"Centurion and Healer","floor":30,"turns":6},{"damage":97,"enemies":"Collector","floor":33,"turns":9}],"seed_played":"-1169426193932928492","potions_obtained":[{"floor":3.0,"key":"Ancient Potion"},{"floor":4.0,"key":"Explosive Potion"},{"floor":12.0,"key":"SteroidPotion"},{"floor":14.0,"key":"FearPotion"},{"floor":16.0,"key":"EssenceOfSteel"},{"floor":18.0,"key":"SkillPotion"},{"floor":19,"key":"SkillPotion"},{"floor":22,"key":"Poison Potion"},{"floor":24,"key":"Dexterity Potion"},{"floor":27,"key":"Fire Potion"},{"floor":28,"key":"FearPotion"},{"floor":30,"key":"Regen Potion"}],"is_trial":false,"path_per_floor":["M","?","M","M","M","R","E","M","T","E","?","M","M","E","R","B",null,"M","M","?","$","M","R","E","R","T","M","E","?","M","?","R","B"],"character_chosen":"IRONCLAD","items_purchased":["Medical Kit"],"campfire_rested":1,"item_purchase_floors":[21],"current_hp_per_floor":[67,67,70,75,75,75,59,63,63,47,47,35,30,18,18,28,63,59,58,37,37,38,38,43,43,43,43,32,38,29,29,51,0],"gold":32,"neow_bonus":"RANDOM_COMMON_RELIC","is_prod":false,"is_daily":false,"chose_seed":false,"campfire_upgraded":4,"win_rate":0,"timestamp":1552961770,"path_taken":["M","?","M","M","M","R","E","M","T","E","?","M","M","E","R","BOSS","M","M","?","$","M","R","E","R","T","M","E","?","M","?","R","BOSS"],"build_version":"2019-01-23","purchased_purges":0,"victory":false,"max_hp_per_floor":[75,75,75,75,75,75,75,75,75,75,75,75,75,75,75,75,75,75,75,75,75,75,75,75,75,75,75,75,75,75,75,75,75],"card_choices":[{"not_picked":["Warcry","Shrug It Off"],"picked":"Cleave","floor":1.0},{"not_picked":["Ghostly Armor","Perfected Strike"],"picked":"Thunderclap","floor":3.0},{"not_picked":["True Grit","Anger"],"picked":"Shrug It Off","floor":4.0},{"not_picked":["Clothesline","Twin Strike"],"picked":"Spot Weakness","floor":5.0},{"not_picked":["Thunderclap","Ghostly Armor"],"picked":"Anger","floor":7.0},{"not_picked":["Clash","Reckless Charge"],"picked":"Impervious","floor":8.0},{"not_picked":["Havoc","Power Through"],"picked":"Brutality","floor":10.0},{"not_picked":["Headbutt","Twin Strike"],"picked":"Metallicize","floor":12.0},{"not_picked":["Havoc","Wild Strike"],"picked":"True Grit","floor":13.0},{"not_picked":["Blood for Blood","True Grit"],"picked":"Power Through","floor":14.0},{"not_picked":["Barricade","Feed"],"picked":"Immolate","floor":16.0},{"not_picked":["Dropkick","Shrug It Off"],"picked":"Heavy Blade","floor":18.0},{"not_picked":["Carnage","Flame Barrier"],"picked":"Shrug It Off","floor":19},{"not_picked":["Ghostly Armor+1","Heavy Blade+1"],"picked":"Whirlwind","floor":22},{"not_picked":["Perfected Strike+1","True Grit"],"picked":"Combust","floor":24},{"not_picked":["Clash","Iron Wave"],"picked":"Shrug It Off+1","floor":27},{"not_picked":["Impervious","Wild Strike"],"picked":"Intimidate","floor":28},{"not_picked":["True Grit","Dropkick"],"picked":"Flex","floor":30}],"player_experience":2402536,"relics_obtained":[{"floor":7.0,"key":"Omamori"},{"floor":9.0,"key":"Potion Belt"},{"floor":10.0,"key":"Blood Vial"},{"floor":14.0,"key":"Pantograph"},{"floor":20,"key":"Nilry\u0027s Codex"},{"floor":24,"key":"War Paint"},{"floor":26,"key":"Meat on the Bone"},{"floor":28,"key":"The Courier"}],"event_choices":[{"cards_removed":["Strike_R"],"damage_healed":0.0,"max_hp_gain":0.0,"max_hp_loss":0.0,"gold_gain":0.0,"event_name":"The Cleric","player_choice":"Card Removal","floor":2.0,"gold_loss":75.0,"damage_taken":0.0},{"damage_healed":0.0,"max_hp_gain":0.0,"max_hp_loss":0.0,"gold_gain":0.0,"event_name":"WeMeetAgain","player_choice":"Paid Gold","floor":11.0,"gold_loss":90.0,"damage_taken":0.0,"relics_obtained":["PreservedInsect"]},{"damage_healed":0,"gold_gain":0,"player_choice":"Obtained Book","damage_taken":21,"max_hp_gain":0,"max_hp_loss":0,"event_name":"Cursed Tome","floor":20,"gold_loss":0},{"damage_healed":0,"gold_gain":0,"player_choice":"Fight","damage_taken":0,"max_hp_gain":0,"max_hp_loss":0,"event_name":"Colosseum","floor":29,"gold_loss":0},{"damage_healed":0,"gold_gain":0,"player_choice":"Fled From Nobs","damage_taken":0,"max_hp_gain":0,"max_hp_loss":0,"event_name":"Colosseum","floor":29,"gold_loss":0},{"damage_healed":0,"gold_gain":0,"player_choice":"Obtained Relic","damage_taken":0,"relics_obtained":["Prayer Wheel"],"max_hp_gain":0,"max_hp_loss":0,"event_name":"Addict","floor":31,"gold_loss":85}],"is_beta":false,"boss_relics":[{"not_picked":["Velvet Choker","Ectoplasm"],"picked":"White Beast Statue"}],"items_purged_floors":[],"is_endless":false,"potions_floor_spawned":[3,4,12,14,16,18,19,22,24,27,28,29,30],"killed_by":"Collector","ascension_level":16}