{"gold_per_floor":[111,131,131,150,169,169,184,184,211,231,0,11,11,24,24,123,123,141,141,30,45,55,55,71,71,71,88,108,108],"floor_reached":29,"playtime":2219,"items_purged":[],"score":223,"play_id":"5aac90f1-fc3f-4664-b981-8f04c0e04251","local_time":"20190714193732","is_ascension_mode":false,"campfire_choices":[{"data":"Entrench","floor":6,"key":"SMITH"},{"data":"Cleave","floor":8,"key":"SMITH"},{"floor":13,"key":"REST"},{"floor":15,"key":"REST"},{"data":"Bludgeon","floor":23,"key":"SMITH"},{"floor":25,"key":"REST"}],"neow_cost":"NONE","seed_source_timestamp":77241033072931,"circlet_count":0,"master_deck":["Strike_R","Strike_R","Strike_R","Strike_R","Strike_R","Defend_R","Defend_R","Defend_R","Defend_R","Iron Wave","Combust","Entrench+1","Hemokinesis","Evolve","Cleave+1","Power Through","Bludgeon+1","Forethought","Fiend Fire","Cleave","Immolate","Headbutt","Carnage","Metallicize","Dual Wield","Flex+1","Iron Wave","Armaments","Impervious"],"relics":["Burning Blood","Happy Flower","Mark of Pain","Lantern"],"potions_floor_usage":[4,5,12,14,27,27],"damage_taken":[{"damage":0,"enemies":"Cultist","floor":1,"turns":4},{"damage":3,"enemies":"Jaw Worm","floor":2,"turns":5},{"damage":1,"enemies":"Small Slimes","floor":4,"turns":3},{"damage":20,"enemies":"Gremlin Gang","floor":5,"turns":4},{"damage":17,"enemies":"2 Fungi Beasts","floor":7,"turns":3},{"damage":25,"enemies":"Exordium Thugs","floor":10,"turns":5},{"damage":10,"enemies":"3 Louse","floor":12,"turns":3},{"damage":0,"enemies":"Blue Slaver","floor":14,"turns":3},{"damage":30,"enemies":"Slime Boss","floor":16,"turns":6},{"damage":27,"enemies":"3 Byrds","floor":18,"turns":4},{"damage":13,"enemies":"Shell Parasite","floor":21,"turns":5},{"damage":29,"enemies":"3 Cultists","floor":22,"turns":5},{"damage":17,"enemies":"Snecko","floor":24,"turns":4},{"damage":12,"enemies":"Cultist and Chosen","floor":27,"turns":5},{"damage":35,"enemies":"Snake Plant","floor":28,"turns":4},{"damage":45,"enemies":"Centurion and Healer","floor":29,"turns":4}],"seed_played":"5316423954247540427","potions_obtained":[{"floor":2,"key":"SpeedPotion"},{"floor":4,"key":"PowerPotion"},{"floor":10,"key":"Weak Potion"},{"floor":12,"key":"LiquidBronze"},{"floor":22,"key":"GamblersBrew"},{"floor":24,"key":"Block Potion"}],"is_trial":false,"path_per_floor":["M","M","?","M","M","R","M","R","T","M","$","M","R","M","R","B",null,"M","?","$","M","M","R","M","R","T","M","M","M"],"character_chosen":"IRONCLAD","items_purchased":["Bludgeon","Forethought","Carnage","Metallicize"],"campfire_rested":3,"item_purchase_floors":[11,11,20,20],"current_hp_per_floor":[80,80,80,80,66,66,55,55,55,36,36,32,56,62,80,56,80,59,90,90,83,60,60,49,76,76,70,41,0],"gold":108,"neow_bonus":"THREE_CARDS","is_prod":false,"is_daily":false,"chose_seed":false,"campfire_upgraded":3,"win_rate":0.0,"timestamp":1563143852,"path_taken":["M","?","?","M","M","R","M","R","T","?","$","M","R","M","R","BOSS","M","?","$","M","M","R","M","R","T","?","M","M"],"build_version":"2019-07-05","purchased_purges":0,"victory":false,"max_hp_per_floor":[80,80,80,80,80,80,80,80,80,80,80,80,80,80,80,80,80,80,90,90,90,90,90,90,90,90,90,90,90],"card_choices":[{"not_picked":["Thunderclap","Shrug It Off"],"picked":"Iron Wave","floor":0},{"not_picked":["Twin Strike","Intimidate"],"picked":"Combust","floor":1},{"not_picked":["Burning Pact","Whirlwind"],"picked":"Entrench","floor":2},{"not_picked":["Sword Boomerang","Rupture"],"picked":"Hemokinesis","floor":4},{"not_picked":["Heavy Blade","True Grit"],"picked":"Evolve","floor":5},{"not_picked":["Entrench","Sword Boomerang"],"picked":"Cleave","floor":7},{"not_picked":["Sword Boomerang","Thunderclap"],"picked":"Power Through","floor":10},{"not_picked":["Second Wind","Fire Breathing"],"picked":"Fiend Fire","floor":12},{"not_picked":["True Grit","Body Slam"],"picked":"Cleave","floor":14},{"not_picked":["Impervious","Berserk"],"picked":"Immolate","floor":16},{"not_picked":["Iron Wave","Bloodletting"],"picked":"Headbutt","floor":18},{"not_picked":["True Grit","Sword Boomerang"],"picked":"Dual Wield","floor":21},{"not_picked":["Havoc","Clothesline+1"],"picked":"Flex+1","floor":22},{"not_picked":["Second Wind","Warcry"],"picked":"Iron Wave","floor":24},{"not_picked":["Burning Pact","Sword Boomerang"],"picked":"Armaments","floor":27},{"not_picked":["True Grit","Hemokinesis"],"picked":"Impervious","floor":28}],"player_experience":141020,"relics_obtained":[{"floor":9,"key":"Happy Flower"},{"floor":26,"key":"Lantern"}],"event_choices":[{"damage_healed":0,"gold_gain":0,"cards_transformed":["Bash"],"player_choice":"Transformed","damage_taken":0,"max_hp_gain":0,"max_hp_loss":0,"event_name":"Transmorgrifier","floor":3,"gold_loss":0,"cards_obtained":["Dark Embrace"]},{"cards_removed":["Dark Embrace"],"damage_healed":21,"gold_gain":0,"player_choice":"Offered Rare","damage_taken":0,"max_hp_gain":10,"max_hp_loss":0,"event_name":"Bonfire Elementals","floor":19,"gold_loss":0}],"is_beta":false,"boss_relics":[{"not_picked":["Runic Pyramid","Tiny House"],"picked":"Mark of Pain"}],"items_purged_floors":[],"is_endless":false,"potions_floor_spawned":[2,4,10,12,22,24],"killed_by":"Centurion and Healer","ascension_level":0}