{"gold_per_floor":[212,223,238,313,25,25,52,70,151,184,149,149,174,187,187,263,263,276,476,489,508,408,408,423,452,452,452,470,62,89,106,106,180,180,192,202,219,219,30,30,62,78,155,155,207,221,221,237,237,237],"floor_reached":50,"playtime":5528,"items_purged":["Strike_R"],"score":1083,"play_id":"e8aaa059-61df-4173-8871-a859d522f435","local_time":"20190314203828","is_ascension_mode":true,"campfire_choices":[{"data":"Clothesline","floor":6,"key":"SMITH"},{"floor":12,"key":"REST"},{"data":"Disarm","floor":15,"key":"SMITH"},{"floor":23,"key":"REST"},{"floor":27,"key":"REST"},{"floor":32,"key":"RECALL"},{"floor":40,"key":"REST"},{"floor":44,"key":"REST"},{"floor":49,"key":"REST"}],"neow_cost":"NONE","seed_source_timestamp":1433388369588444,"circlet_count":0,"master_deck":["AscendersBane","Strike_R","Strike_R","Strike_R","Strike_R","Defend_R","Defend_R","Defend_R","Defend_R","Bash","Clothesline+1","Anger","Sword Boomerang","Shrug It Off","Disarm+1","Offering","Inflame","Reaper","Body Slam+1","Pommel Strike","Intimidate+1","Disarm","Shrug It Off","Metallicize+1","Metallicize+1","Combust+1","Barricade+1","Pommel Strike+1","Armaments+1","Battle Trance","Metallicize+1","Spot Weakness","Thunderclap","Inflame+1","Flame Barrier+1","Rage+1"],"relics":["Burning Blood","Kunai","Pocketwatch","Matryoshka","Happy Flower","Odd Mushroom","Fusion Hammer","Bag of Preparation","Gremlin Horn","Pen Nib","Bronze Scales","Lantern","Frozen Egg 2","Sozu","Orichalcum","Blood Vial","Bottled Tornado","Charon\u0027s Ashes"],"potions_floor_usage":[7,10,14,18,25,33,35],"damage_taken":[{"damage":3,"enemies":"Small Slimes","floor":1,"turns":3},{"damage":3,"enemies":"2 Louse","floor":2,"turns":4},{"damage":4,"enemies":"Jaw Worm","floor":3,"turns":3},{"damage":20,"enemies":"Lagavulin","floor":7,"turns":7},{"damage":14,"enemies":"Large Slime","floor":8,"turns":5},{"damage":37,"enemies":"Gremlin Nob","floor":10,"turns":6},{"damage":18,"enemies":"The Mushroom Lair","floor":13,"turns":5},{"damage":12,"enemies":"Lots of Slimes","floor":14,"turns":4},{"damage":7,"enemies":"The Guardian","floor":16,"turns":11},{"damage":20,"enemies":"2 Thieves","floor":18,"turns":4},{"damage":4,"enemies":"Shell Parasite","floor":20,"turns":5},{"damage":19,"enemies":"Shelled Parasite and Fungi","floor":21,"turns":6},{"damage":14,"enemies":"Centurion and Healer","floor":24,"turns":7},{"damage":27,"enemies":"Gremlin Leader","floor":25,"turns":10},{"damage":6,"enemies":"Snecko","floor":28,"turns":6},{"damage":6,"enemies":"Book of Stabbing","floor":30,"turns":6},{"damage":7,"enemies":"Snake Plant","floor":31,"turns":4},{"damage":59,"enemies":"Automaton","floor":33,"turns":10},{"damage":14,"enemies":"3 Darklings","floor":35,"turns":4},{"damage":14,"enemies":"Orb Walker","floor":36,"turns":4},{"damage":15,"enemies":"3 Darklings","floor":37,"turns":7},{"damage":6,"enemies":"Nemesis","floor":41,"turns":7},{"damage":12,"enemies":"Sphere and 2 Shapes","floor":42,"turns":6},{"damage":43,"enemies":"2 Orb Walkers","floor":45,"turns":6},{"damage":10,"enemies":"Writhing Mass","floor":46,"turns":5},{"damage":27,"enemies":"Transient","floor":48,"turns":5},{"damage":67,"enemies":"Donu and Deca","floor":50,"turns":5}],"seed_played":"-7507863250265411682","potions_obtained":[{"floor":1,"key":"SkillPotion"},{"floor":7,"key":"Explosive Potion"},{"floor":10,"key":"GamblersBrew"},{"floor":13,"key":"BloodPotion"},{"floor":16,"key":"Fire Potion"},{"floor":20,"key":"Weak Potion"},{"floor":24,"key":"Explosive Potion"},{"floor":33,"key":"Poison Potion"}],"is_trial":false,"path_per_floor":["M","M","M","?","$","R","E","M","T","E","?","R","?","M","R","B",null,"M","?","M","M","$","R","M","E","T","R","M","$","E","M","R","B",null,"M","M","M","?","$","R","E","M","T","R","?","M","?","M","R","B"],"character_chosen":"IRONCLAD","items_purchased":["Kunai","Disarm","Shrug It Off","Bronze Scales","Lantern","Metallicize+1","Spot Weakness","Thunderclap"],"campfire_rested":6,"item_purchase_floors":[5,22,22,29,29,39,39,39],"current_hp_per_floor":[71,74,75,64,64,64,50,42,42,11,29,51,39,33,33,32,64,58,58,66,61,61,75,75,60,60,75,75,75,75,75,75,29,64,62,55,49,49,49,71,71,75,75,75,50,57,57,38,60,0],"gold":237,"neow_bonus":"HUNDRED_GOLD","is_prod":false,"is_daily":false,"chose_seed":false,"campfire_upgraded":2,"win_rate":0,"timestamp":1552610308,"path_taken":["M","M","M","?","$","R","E","M","T","E","?","R","?","?","R","BOSS","M","?","M","M","$","R","M","E","T","R","M","$","E","M","R","BOSS","M","M","?","?","$","R","E","M","T","R","?","M","?","M","R","BOSS"],"build_version":"2019-01-23","purchased_purges":1,"victory":false,"max_hp_per_floor":[75,75,75,75,75,75,75,75,75,75,75,75,75,75,75,75,75,75,75,75,75,75,75,75,75,75,75,75,75,75,75,75,75,75,75,75,75,75,75,75,75,75,75,75,75,75,75,75,75,75],"card_choices":[{"not_picked":["Infernal Blade","Intimidate"],"picked":"Clothesline","floor":1},{"not_picked":["Twin Strike","Havoc"],"picked":"Anger","floor":2},{"not_picked":["Body Slam","Dual Wield"],"picked":"Sword Boomerang","floor":3},{"not_picked":["Clothesline","Infernal Blade"],"picked":"Shrug It Off","floor":7},{"not_picked":["Clothesline","Body Slam"],"picked":"Disarm","floor":8},{"not_picked":["Sentinel","Clash"],"picked":"Offering","floor":13},{"not_picked":["Battle Trance","Warcry"],"picked":"Inflame","floor":14},{"not_picked":["Bludgeon","Brutality"],"picked":"Reaper","floor":16},{"not_picked":["Headbutt","Shrug It Off"],"picked":"Body Slam+1","floor":18},{"not_picked":["Pummel","Burning Pact"],"picked":"Pommel Strike","floor":20},{"not_picked":["Seeing Red","Heavy Blade"],"picked":"Intimidate+1","floor":21},{"not_picked":["Clash+1","Shrug It Off"],"picked":"Metallicize+1","floor":24},{"not_picked":["Wild Strike+1","True Grit","Twin Strike"],"picked":"SKIP","floor":25},{"not_picked":["Body Slam","Armaments","Blood for Blood"],"picked":"SKIP","floor":28},{"not_picked":["Seeing Red","Exhume"],"picked":"Metallicize","floor":30},{"not_picked":["True Grit","Twin Strike"],"picked":"Combust+1","floor":31},{"not_picked":["Reaper","Exhume"],"picked":"Barricade+1","floor":33},{"not_picked":["Sentinel+1","Twin Strike+1"],"picked":"Pommel Strike+1","floor":35},{"not_picked":["Iron Wave+1","Reaper"],"picked":"Armaments+1","floor":36},{"not_picked":["Heavy Blade+1","Flame Barrier+1"],"picked":"Battle Trance","floor":37},{"not_picked":["Iron Wave","Thunderclap"],"picked":"Inflame+1","floor":41},{"not_picked":["Cleave+1","Sever Soul"],"picked":"Flame Barrier+1","floor":42},{"not_picked":["Havoc","Corruption+1"],"picked":"Rage+1","floor":46},{"not_picked":["Clothesline+1","Searing Blow+1","Infernal Blade+1"],"picked":"SKIP","floor":48}],"player_experience":2379051,"relics_obtained":[{"floor":7,"key":"Pocketwatch"},{"floor":9,"key":"Matryoshka"},{"floor":10,"key":"Happy Flower"},{"floor":13,"key":"Odd Mushroom"},{"floor":25,"key":"Bag of Preparation"},{"floor":26,"key":"Gremlin Horn"},{"floor":26,"key":"Pen Nib"},{"floor":30,"key":"Frozen Egg 2"},{"floor":41,"key":"Orichalcum"},{"floor":43,"key":"Blood Vial"},{"floor":43,"key":"Bottled Tornado"},{"floor":45,"key":"Charon\u0027s Ashes"}],"event_choices":[{"damage_healed":0,"gold_gain":75,"player_choice":"Gather Gold","damage_taken":11,"max_hp_gain":0,"max_hp_loss":0,"event_name":"World of Goop","floor":4,"gold_loss":0},{"damage_healed":18,"gold_gain":0,"player_choice":"Healed","damage_taken":0,"max_hp_gain":0,"max_hp_loss":0,"event_name":"The Cleric","floor":11,"gold_loss":35},{"damage_healed":0,"gold_gain":0,"player_choice":"Fought Mushrooms","damage_taken":0,"max_hp_gain":0,"max_hp_loss":0,"event_name":"Mushrooms","floor":13,"gold_loss":0},{"damage_healed":0,"gold_gain":200,"player_choice":"Gold","damage_taken":0,"max_hp_gain":0,"max_hp_loss":0,"event_name":"Wheel of Change","floor":19,"gold_loss":0},{"damage_healed":0,"gold_gain":0,"player_choice":"Ignored","damage_taken":0,"max_hp_gain":0,"max_hp_loss":0,"event_name":"Tomb of Lord Red Mask","floor":38,"gold_loss":0},{"damage_healed":0,"gold_gain":0,"player_choice":"Fight","damage_taken":0,"max_hp_gain":0,"max_hp_loss":0,"event_name":"Mysterious Sphere","floor":45,"gold_loss":0},{"damage_healed":0,"gold_gain":0,"player_choice":"Got Potions","damage_taken":0,"max_hp_gain":0,"max_hp_loss":0,"event_name":"Lab","floor":47,"gold_loss":0}],"is_beta":false,"boss_relics":[{"not_picked":["Philosopher\u0027s Stone","Empty Cage"],"picked":"Fusion Hammer"},{"not_picked":["White Beast Statue","Snecko Eye"],"picked":"Sozu"}],"items_purged_floors":[29],"is_endless":false,"potions_floor_spawned":[1,7,10,13,16,20,24,33,35,37,46,48],"killed_by":"Donu and Deca","ascension_level":16}