{"gold_per_floor":[211,211,0,0,0,35,35,35,35,210,210,223,233,7,7,107,107,120,120,120,120,5,5,18,18,18,18,34,34,7,27,27,27],"floor_reached":33,"playtime":1505,"items_purged":[],"score":239,"play_id":"3fa7e09d-bb71-40a6-a525-13f798c0e76b","local_time":"20191025161230","is_ascension_mode":false,"campfire_choices":[{"floor":8.0,"key":"REST"},{"floor":11.0,"key":"REST"},{"data":"Prostrate","floor":15.0,"key":"SMITH"},{"floor":23.0,"key":"REST"},{"floor":27.0,"key":"REST"},{"floor":32,"key":"REST"}],"neow_cost":"NONE","seed_source_timestamp":0,"circlet_count":0,"master_deck":["Strike_P","Strike_P","Strike_P","Strike_P","Defend_P","Defend_P","Defend_P","Defend_P","Eruption","Vigilance","TalkToTheHand","Chrysalis+1","Halt","Perseverance","Doubt","CarveReality","Prostrate+1","SandsOfTime","Brilliance","WaveOfTheHand","RitualDagger","BattleHymn","SignatureMove","Prostrate+1","Prostrate+1","Evaluate","EmptyBody"],"special_seed":0,"relics":["PureWater","Regal Pillow","Lee\u0027s Waffle","VioletLotus","StrikeDummy"],"potions_floor_usage":[33,33],"damage_taken":[{"damage":0.0,"enemies":"Jaw Worm","floor":1.0,"turns":3.0},{"damage":58.0,"enemies":"Lagavulin","floor":6.0,"turns":12.0},{"damage":0.0,"enemies":"Small Slimes","floor":12.0,"turns":2.0},{"damage":2.0,"enemies":"2 Louse","floor":13.0,"turns":3.0},{"damage":20.0,"enemies":"The Guardian","floor":16.0,"turns":11.0},{"damage":26.0,"enemies":"Chosen","floor":18.0,"turns":7.0},{"damage":27.0,"enemies":"Shell Parasite","floor":24.0,"turns":10.0},{"damage":24.0,"enemies":"Snake Plant","floor":28.0,"turns":6.0},{"damage":28.0,"enemies":"Snecko","floor":31.0,"turns":7.0},{"damage":88,"enemies":"Champ","floor":33,"turns":12}],"seed_played":"-3997424426731281771","potions_obtained":[{"floor":13.0,"key":"AttackPotion"},{"floor":24.0,"key":"Dexterity Potion"},{"floor":28.0,"key":"Block Potion"},{"floor":31,"key":"BlessingOfTheForge"}],"is_trial":false,"path_per_floor":["M","?","$","?","$","E","$","R","T","?","R","M","M","$","R","B",null,"M","?","?","?","$","R","M","$","T","R","M","?","$","M","R","B"],"character_chosen":"WATCHER","items_purchased":["Chrysalis","Halt","Lee\u0027s Waffle","SandsOfTime","BattleHymn","SignatureMove","Evaluate"],"campfire_rested":5,"item_purchase_floors":[3,3,14,14,22,22,30],"current_hp_per_floor":[72,72,72,72,72,14,14,50,50,50,72,72,70,79,79,59,79,53,53,47,32,32,72,45,45,45,84,60,84,84,56,84,0],"gold":27,"neow_bonus":"HUNDRED_GOLD","is_prod":false,"is_daily":false,"chose_seed":false,"campfire_upgraded":1,"win_rate":0.0,"timestamp":1572030750,"path_taken":["M","?","$","?","$","E","?","R","T","?","R","M","M","?","R","BOSS","M","?","?","?","$","R","M","$","T","R","M","?","$","M","R","BOSS"],"build_version":"2019-10-25-V2","purchased_purges":0,"victory":false,"max_hp_per_floor":[72,72,72,72,72,72,72,72,72,72,72,72,72,79,79,79,79,79,79,79,84,84,84,84,84,84,84,84,84,84,84,84,84],"card_choices":[{"not_picked":["FlurryOfBlows","PathToVictory"],"picked":"TalkToTheHand","floor":1.0},{"not_picked":["SashWhip","FlyingSleeves"],"picked":"Perseverance","floor":6.0},{"not_picked":["ClearTheMind","InnerPeace"],"picked":"CarveReality","floor":12.0},{"not_picked":["Evaluate","WreathOfFlame"],"picked":"Prostrate","floor":13.0},{"not_picked":["Blasphemy","Omniscience"],"picked":"Brilliance","floor":16.0},{"not_picked":["CutThroughFate","Tantrum"],"picked":"WaveOfTheHand","floor":18.0},{"not_picked":["FlurryOfBlows","Evaluate"],"picked":"Prostrate+1","floor":24.0},{"not_picked":["JustLucky+1","ReachHeaven+1"],"picked":"Prostrate+1","floor":28.0},{"not_picked":["DeusExMachina","FlyingSleeves"],"picked":"EmptyBody","floor":31}],"player_experience":481164,"relics_obtained":[{"floor":6.0,"key":"Regal Pillow"},{"floor":26.0,"key":"StrikeDummy"}],"event_choices":[{"damage_healed":0.0,"max_hp_gain":0.0,"max_hp_loss":0.0,"gold_gain":0.0,"event_name":"Golden Wing","player_choice":"Ignored","floor":2.0,"gold_loss":0.0,"damage_taken":0.0},{"damage_healed":0.0,"max_hp_gain":0.0,"max_hp_loss":0.0,"gold_gain":0.0,"event_name":"Living Wall","player_choice":"Grow","floor":4.0,"gold_loss":0.0,"damage_taken":0.0,"cards_upgraded":["Chrysalis"]},{"damage_healed":0.0,"max_hp_gain":0.0,"max_hp_loss":0.0,"gold_gain":175.0,"event_name":"Liars Game","player_choice":"AGREE","floor":10.0,"gold_loss":0.0,"damage_taken":0.0,"cards_obtained":["Doubt"]},{"damage_healed":0.0,"max_hp_gain":0.0,"max_hp_loss":0.0,"gold_gain":0.0,"event_name":"Ghosts","player_choice":"Ignored","floor":19.0,"gold_loss":0.0,"damage_taken":0.0},{"damage_healed":0.0,"max_hp_gain":0.0,"max_hp_loss":0.0,"gold_gain":0.0,"event_name":"Nest","player_choice":"Joined the Cult","floor":20.0,"gold_loss":0.0,"damage_taken":6.0,"cards_obtained":["RitualDagger"]},{"damage_healed":0.0,"max_hp_gain":5.0,"max_hp_loss":0.0,"gold_gain":0.0,"event_name":"Forgotten Altar","player_choice":"Shed Blood","floor":21.0,"gold_loss":0.0,"damage_taken":20.0},{"damage_healed":24.0,"max_hp_gain":0.0,"max_hp_loss":0.0,"gold_gain":0.0,"event_name":"Wheel of Change","player_choice":"Full Heal","floor":29.0,"gold_loss":0.0,"damage_taken":0.0}],"is_beta":true,"boss_relics":[{"not_picked":["Sozu","Fusion Hammer"],"picked":"VioletLotus"}],"items_purged_floors":[],"is_endless":false,"potions_floor_spawned":[13,16,24,28,31],"killed_by":"Champ","ascension_level":0}