{"gold_per_floor":[118,138,153,153,153,153,153,194,194,194,217,217,238,281,281,281],"floor_reached":16,"playtime":554,"items_purged":[],"score":121,"play_id":"10e1f480-8371-433b-9912-d559d03b7f9a","local_time":"20191010085256","is_ascension_mode":true,"campfire_choices":[{"floor":6,"key":"RECALL"},{"floor":10,"key":"REST"},{"floor":15,"key":"REST"}],"neow_cost":"NONE","seed_source_timestamp":81313287611264,"circlet_count":0,"master_deck":["Strike_R","Strike_R","Strike_R","Strike_R","Strike_R","Defend_R","Defend_R","Defend_R","Defend_R","Bash","Perfected Strike","Searing Blow+1","Fire Breathing","Heavy Blade","Wild Strike","Parasite","Juggernaut","Inflame"],"relics":["Burning Blood","Golden Idol","Sundial","Champion Belt"],"potions_floor_usage":[16],"damage_taken":[{"damage":1,"enemies":"Small Slimes","floor":1,"turns":5},{"damage":0,"enemies":"Cultist","floor":2,"turns":2},{"damage":0,"enemies":"2 Louse","floor":3,"turns":2},{"damage":34,"enemies":"Gremlin Nob","floor":8,"turns":5},{"damage":17,"enemies":"Looter","floor":11,"turns":3},{"damage":11,"enemies":"Exordium Thugs","floor":13,"turns":4},{"damage":30,"enemies":"3 Sentries","floor":14,"turns":5},{"damage":87,"enemies":"Hexaghost","floor":16,"turns":10}],"seed_played":"6066903219269544532","potions_obtained":[{"floor":13,"key":"GamblersBrew"}],"is_trial":false,"path_per_floor":["M","M","M","?","?","R","?","E","T","R","M","?","M","E","R","B"],"character_chosen":"IRONCLAD","items_purchased":[],"campfire_rested":2,"item_purchase_floors":[],"current_hp_per_floor":[88,88,88,88,81,81,81,53,53,79,68,88,83,59,85,0],"gold":281,"neow_bonus":"TEN_PERCENT_HP_BONUS","is_prod":false,"is_daily":false,"chose_seed":false,"campfire_upgraded":0,"win_rate":0,"timestamp":1570708376,"path_taken":["M","M","M","?","?","R","?","E","T","R","?","?","M","E","R","BOSS"],"build_version":"2019-10-09","purchased_purges":0,"victory":false,"max_hp_per_floor":[88,88,88,88,88,88,88,88,88,88,88,88,88,88,88,88],"card_choices":[{"not_picked":["Clothesline","Wild Strike"],"picked":"Perfected Strike","floor":1},{"not_picked":["Body Slam","Second Wind"],"picked":"Searing Blow","floor":2},{"not_picked":["Armaments","Wild Strike"],"picked":"Fire Breathing","floor":3},{"not_picked":["Feel No Pain","Intimidate"],"picked":"Heavy Blade","floor":8},{"not_picked":["Combust","Twin Strike"],"picked":"Wild Strike","floor":11},{"not_picked":["Clothesline","Clash"],"picked":"Juggernaut","floor":13},{"not_picked":["Seeing Red","Headbutt"],"picked":"Inflame","floor":14}],"player_experience":444894,"relics_obtained":[{"floor":8,"key":"Sundial"},{"floor":14,"key":"Champion Belt"}],"event_choices":[{"damage_healed":0,"gold_gain":0,"player_choice":"Take Wound","damage_taken":0,"relics_obtained":["Golden Idol"],"max_hp_gain":0,"max_hp_loss":0,"event_name":"Golden Idol","floor":4,"gold_loss":0,"cards_obtained":["Injury"]},{"cards_removed":["Injury"],"damage_healed":0,"gold_gain":0,"player_choice":"Card Removal","damage_taken":7,"max_hp_gain":0,"max_hp_loss":0,"event_name":"Golden Wing","floor":5,"gold_loss":0},{"damage_healed":0,"gold_gain":0,"player_choice":"Forge","damage_taken":0,"max_hp_gain":0,"max_hp_loss":0,"event_name":"Accursed Blacksmith","floor":7,"gold_loss":0,"cards_upgraded":["Searing Blow"]},{"damage_healed":22,"gold_gain":0,"player_choice":"Healed and dodged fight","damage_taken":0,"max_hp_gain":0,"max_hp_loss":0,"event_name":"Mushrooms","floor":12,"gold_loss":0,"cards_obtained":["Parasite"]}],"is_beta":true,"boss_relics":[],"items_purged_floors":[],"is_endless":false,"potions_floor_spawned":[3,13],"killed_by":"Hexaghost","ascension_level":2}