{"gold_per_floor":[109,74,74,87,107,107,132,143,143,170,170,180,200,200,200,297,297,317,317,334,347,36,36,63,90,90,103,119,137,137],"floor_reached":30,"playtime":3465,"items_purged":[],"score":456,"play_id":"8edfe599-ba6d-4cef-afe1-7b3d21ba09cb","local_time":"20180923234820","is_ascension_mode":true,"campfire_choices":[{"floor":6,"key":"REST"},{"floor":11,"key":"REST"},{"data":"Terror","floor":15,"key":"SMITH"},{"data":"Accuracy","floor":23,"key":"SMITH"}],"neow_cost":"NONE","seed_source_timestamp":256136916295065,"circlet_count":0,"master_deck":["Defend_G","Defend_G","Defend_G","Defend_G","Defend_G","Strike_G","Strike_G","Strike_G","Strike_G","Strike_G","Survivor","Neutralize","AscendersBane","Backflip","Dagger Spray","Footwork","Cloak And Dagger","Leg Sweep","Tools of the Trade","Terror+1","Dagger Spray+1","Predator+1","Storm of Steel","Slice+1","Riddle With Holes+1","Endless Agony+1","Poisoned Stab+1","Accuracy+1","Die Die Die+1","Cloak And Dagger+1","Sucker Punch+1","Crippling Poison","Finisher+1","Dagger Throw+1"],"relics":["Ring of the Snake","Pantograph","Molten Egg 2","Oddly Smooth Stone","Orichalcum","White Beast Statue","Happy Flower","Strawberry","Red Mask","Letter Opener"],"potions_floor_usage":[16,16,18,24,24,25,27,28,29,30,30],"damage_taken":[{"damage":7,"enemies":"Jaw Worm","floor":1,"turns":5},{"damage":7,"enemies":"Small Slimes","floor":4,"turns":3},{"damage":0,"enemies":"2 Louse","floor":5,"turns":4},{"damage":23,"enemies":"3 Sentries","floor":7,"turns":12},{"damage":0,"enemies":"Lots of Slimes","floor":8,"turns":3},{"damage":12,"enemies":"Exordium Thugs","floor":12,"turns":8},{"damage":2,"enemies":"2 Fungi Beasts","floor":13,"turns":3},{"damage":0,"enemies":"Slime Boss","floor":16,"turns":9},{"damage":0,"enemies":"3 Byrds","floor":18,"turns":7},{"damage":4,"enemies":"Chosen","floor":20,"turns":5},{"damage":8,"enemies":"Snecko","floor":21,"turns":5},{"damage":38,"enemies":"Book of Stabbing","floor":24,"turns":6},{"damage":0,"enemies":"Masked Bandits","floor":25,"turns":2},{"damage":12,"enemies":"Shelled Parasite and Fungi","floor":27,"turns":5},{"damage":4,"enemies":"Cultist and Chosen","floor":28,"turns":5},{"damage":17,"enemies":"Centurion and Healer","floor":29,"turns":6},{"damage":12,"enemies":"Slavers","floor":30,"turns":2}],"seed_played":"2310430075330301943","potions_obtained":[{"floor":8,"key":"Dexterity Potion"},{"floor":12,"key":"SneckoOil"},{"floor":13,"key":"Block Potion"},{"floor":18,"key":"Explosive Potion"},{"floor":20,"key":"Regen Potion"},{"floor":21,"key":"Energy Potion"},{"floor":24,"key":"Energy Potion"},{"floor":25,"key":"Weak Potion"},{"floor":27,"key":"Ancient Potion"},{"floor":28,"key":"LiquidBronze"},{"floor":29,"key":"SkillPotion"}],"is_trial":false,"path_per_floor":["M","$","?","M","M","R","E","M","T","T","R","M","M","?","R","B",null,"M","?","M","M","$","R","E","?","T","M","M","M"],"character_chosen":"THE_SILENT","items_purchased":["Footwork","Accuracy","Die Die Die+1","Happy Flower"],"campfire_rested":2,"item_purchase_floors":[2,22,22,22],"current_hp_per_floor":[56,56,56,49,49,70,47,47,47,47,68,56,54,47,47,70,70,70,70,66,58,58,58,42,42,42,30,26,9,0],"gold":137,"neow_bonus":"THREE_CARDS","is_prod":false,"is_daily":false,"chose_seed":false,"campfire_upgraded":2,"win_rate":0,"timestamp":1537760900,"path_taken":["M","$","?","M","?","R","E","M","T","?","R","?","M","?","R","BOSS","M","?","M","M","?","R","E","?","T","M","M","M","E"],"build_version":"2018-08-23v2","purchased_purges":0,"victory":false,"max_hp_per_floor":[70,70,70,70,70,70,70,70,70,70,70,70,70,70,70,70,70,70,70,70,70,70,70,77,77,77,77,77,77,77],"card_choices":[{"not_picked":["Flechettes","Slice"],"picked":"Backflip","floor":0},{"not_picked":["Dagger Throw","Deadly Poison"],"picked":"Dagger Spray","floor":1},{"not_picked":["Blade Dance","Deadly Poison"],"picked":"Cloak And Dagger","floor":4},{"not_picked":["Blade Dance","Sucker Punch"],"picked":"Leg Sweep","floor":5},{"not_picked":["Flechettes","Prepared"],"picked":"Tools of the Trade","floor":7},{"not_picked":["Outmaneuver","Heel Hook"],"picked":"Terror","floor":8},{"not_picked":["Deflect","Crippling Poison"],"picked":"Dagger Spray+1","floor":12},{"not_picked":["Concentrate","Accuracy"],"picked":"Predator+1","floor":13},{"not_picked":["Tools of the Trade","Wraith Form v2"],"picked":"Storm of Steel","floor":16},{"not_picked":["Deadly Poison","Catalyst"],"picked":"Slice+1","floor":18},{"not_picked":["Masterful Stab+1","Poisoned Stab+1"],"picked":"Endless Agony+1","floor":20},{"not_picked":["Distraction+1","Dodge and Roll"],"picked":"Poisoned Stab+1","floor":21},{"not_picked":["Predator+1","Outmaneuver"],"picked":"Cloak And Dagger+1","floor":24},{"not_picked":["Slice+1","Deadly Poison"],"picked":"Sucker Punch+1","floor":25},{"not_picked":["Venomology","Setup"],"picked":"Crippling Poison","floor":27},{"not_picked":["Blade Dance","All Out Attack+1"],"picked":"Finisher+1","floor":28},{"not_picked":["Bane+1","Endless Agony+1"],"picked":"Dagger Throw+1","floor":29}],"player_experience":1758864,"relics_obtained":[{"floor":7,"key":"Pantograph"},{"floor":9,"key":"Molten Egg 2"},{"floor":10,"key":"Oddly Smooth Stone"},{"floor":24,"key":"Strawberry"},{"floor":25,"key":"Red Mask"},{"floor":26,"key":"Letter Opener"}],"event_choices":[{"event_name":"Shining Light","player_choice":"Ignored","floor":3,"damage_taken":0},{"event_name":"Scrap Ooze","player_choice":"success","floor":14,"damage_taken":7},{"event_name":"The Library","player_choice":"Read","floor":19,"damage_taken":0},{"event_name":"Masked Bandits","player_choice":"Fought Bandits","floor":25,"damage_taken":0}],"is_beta":false,"boss_relics":[{"not_picked":["Runic Dome","Black Star"],"picked":"White Beast Statue"}],"items_purged_floors":[],"is_endless":false,"potions_floor_spawned":[8,12,13,18,20,21,24,25,27,28,29],"killed_by":"Slavers","ascension_level":10}