{"gold_per_floor":[114,289,304,19,19,19,69,69,69,110,110,152,177,217,217,339,339,381,381,291,309,353,353,413,413,413,441,483,34,0,41,41,136,136,179,179,0,12,29,29,29],"floor_reached":41,"playtime":4428,"items_purged":["Doubt","Defend_B"],"score":693,"play_id":"6ba532ad-8c5b-4d5c-b8b4-f3730fd37851","local_time":"20181121212413","is_ascension_mode":true,"campfire_choices":[{"data":"HandOfGreed","floor":6.0,"key":"SMITH"},{"data":"Zap","floor":8.0,"key":"SMITH"},{"floor":11.0,"key":"REST"},{"data":"Hologram","floor":15.0,"key":"SMITH"},{"data":"Hyperbeam","floor":23,"key":"SMITH"},{"data":"Beam Cell","floor":25,"key":"SMITH"},{"floor":32,"key":"REST"},{"data":"Fission","floor":40,"key":"SMITH"}],"neow_cost":"NONE","seed_source_timestamp":0,"circlet_count":0,"master_deck":["AscendersBane","Zap+1","Dualcast+1","Core Surge+1","Gash","Hologram+1","HandOfGreed+1","Steam","Sweeping Beam","Auto Shields","Rip and Tear","Rebound","FTL","Melter","Auto Shields","Hyperbeam+1","Beam Cell+1","Turbo+1","Electrodynamics","Scrape+1","Hologram","Auto Shields+1","Ball Lightning+1","Recycle+1","Stack+1","Steam","Beam Cell+1","Core Surge","Fission+1","Creative AI+1","Reinforced Body+1","Conserve Battery+1","Go for the Eyes+1","Rebound+1","Gash+1"],"special_seed":0,"relics":["Cracked Core","Prayer Wheel","Gambling Chip","Bag of Preparation","Lizard Tail","Boot","Peace Pipe","Pen Nib","OrangePellets","Whetstone","Astrolabe","Red Mask"],"potions_floor_usage":[33,41],"damage_taken":[{"damage":2.0,"enemies":"2 Louse","floor":1.0,"turns":2.0},{"damage":3.0,"enemies":"Jaw Worm","floor":3.0,"turns":4.0},{"damage":22.0,"enemies":"Lagavulin","floor":7.0,"turns":6.0},{"damage":0.0,"enemies":"Cultist","floor":10.0,"turns":2.0},{"damage":3.0,"enemies":"Exordium Thugs","floor":12.0,"turns":3.0},{"damage":9.0,"enemies":"2 Fungi Beasts","floor":14.0,"turns":2.0},{"damage":20.0,"enemies":"Slime Boss","floor":16.0,"turns":8.0},{"damage":0.0,"enemies":"Spheric Guardian","floor":18.0,"turns":3.0},{"damage":0.0,"enemies":"Chosen","floor":21.0,"turns":3.0},{"damage":3,"enemies":"Centurion and Healer","floor":22,"turns":3},{"damage":11,"enemies":"Gremlin Leader","floor":24,"turns":4},{"damage":30,"enemies":"Book of Stabbing","floor":27,"turns":5},{"damage":16,"enemies":"Snake Plant","floor":28,"turns":3},{"damage":0,"enemies":"Snecko","floor":31,"turns":3},{"damage":53,"enemies":"Champ","floor":33,"turns":10},{"damage":0,"enemies":"3 Shapes","floor":35,"turns":4},{"damage":0,"enemies":"3 Darklings","floor":38,"turns":1},{"damage":4,"enemies":"4 Shapes","floor":39,"turns":3},{"damage":67,"enemies":"Giant Head","floor":41,"turns":7}],"seed_played":"2736728537610699889","potions_obtained":[{"floor":1.0,"key":"FairyPotion"},{"floor":14.0,"key":"FearPotion"},{"floor":21.0,"key":"SteroidPotion"},{"floor":31,"key":"Block Potion"},{"floor":38,"key":"SpeedPotion"}],"is_trial":false,"path_per_floor":["M","?","M","$","?","R","E","R","T","M","R","M","T","M","R","B",null,"M","?","?","M","M","R","E","R","T","E","M","$","?","M","R","B",null,"M","?","?","M","M","R","E"],"character_chosen":"DEFECT","items_purchased":["HandOfGreed","Steam","OrangePellets","Whetstone"],"campfire_rested":2,"item_purchase_floors":[4,4,29,29],"current_hp_per_floor":[66,66,63,63,63,63,41,41,41,41,63,60,60,51,51,31,64,64,64,64,64,61,61,50,50,50,20,4,4,4,4,26,37,66,66,66,66,66,62,62,0],"gold":29,"neow_bonus":"ONE_RANDOM_RARE_CARD","is_prod":false,"is_daily":false,"chose_seed":false,"campfire_upgraded":6,"win_rate":0,"timestamp":1542853453,"path_taken":["M","?","M","$","?","R","E","R","T","M","R","?","?","M","R","BOSS","M","?","?","M","?","R","E","R","T","E","M","$","?","M","R","BOSS","M","?","?","M","M","R","E"],"build_version":"2018-11-15","purchased_purges":2,"victory":false,"max_hp_per_floor":[75,75,75,75,75,75,75,75,75,75,75,75,75,75,75,75,75,75,75,75,75,75,75,75,75,75,75,75,75,75,75,75,75,75,75,71,71,71,71,71,71],"card_choices":[{"not_picked":["Barrage","Leap"],"picked":"Gash","floor":1.0},{"not_picked":["Barrage","Streamline"],"picked":"Hologram","floor":3.0},{"not_picked":["Rainbow","Darkness"],"picked":"Sweeping Beam","floor":7.0},{"not_picked":["Steam","Barrage"],"picked":"Auto Shields","floor":10.0},{"not_picked":["Go for the Eyes","Turbo"],"picked":"Rip and Tear","floor":10.0},{"not_picked":["Lockon","Turbo"],"picked":"Rebound","floor":12.0},{"not_picked":["Sweeping Beam","Cold Snap"],"picked":"FTL","floor":12.0},{"not_picked":["Meteor Strike","Steam"],"picked":"Melter","floor":14.0},{"not_picked":["Defragment","Static Discharge"],"picked":"Auto Shields","floor":14.0},{"not_picked":["Amplify","Reboot"],"picked":"Hyperbeam","floor":16.0},{"not_picked":["Coolheaded","Chaos"],"picked":"Beam Cell","floor":18.0},{"not_picked":["Recycle","Hologram"],"picked":"Turbo+1","floor":18.0},{"not_picked":["Glacier+1","BootSequence"],"picked":"Hologram","floor":21.0},{"not_picked":["Blizzard","Chaos"],"picked":"Auto Shields+1","floor":21.0},{"not_picked":["Redo+1","Barrage"],"picked":"Ball Lightning+1","floor":22},{"not_picked":["Darkness","Capacitor+1","Hello World"],"picked":"SKIP","floor":22},{"not_picked":["Stack","Defragment"],"picked":"Recycle+1","floor":24},{"not_picked":["Buffer","Glacier+1"],"picked":"Stack+1","floor":27},{"not_picked":["Redo","Compile Driver"],"picked":"Steam","floor":28},{"not_picked":["Chaos+1","Sweeping Beam+1","Stack"],"picked":"SKIP","floor":28},{"not_picked":["Stack","Steam+1"],"picked":"Beam Cell+1","floor":31},{"not_picked":["Conserve Battery","Go for the Eyes"],"picked":"Core Surge","floor":31},{"not_picked":["Rainbow","Thunder Strike"],"picked":"Fission","floor":33},{"not_picked":["Gash+1","Redo+1"],"picked":"Go for the Eyes+1","floor":35},{"not_picked":["Cold Snap","Auto Shields+1"],"picked":"Rebound+1","floor":35},{"not_picked":["Redo","Rebound","Ball Lightning+1"],"picked":"SKIP","floor":38},{"not_picked":["Compile Driver","Barrage","Streamline+1"],"picked":"SKIP","floor":38},{"not_picked":["Go for the Eyes","BootSequence"],"picked":"Gash+1","floor":39},{"not_picked":["Ball Lightning+1","Doom and Gloom","Steam"],"picked":"SKIP","floor":39}],"player_experience":2003429,"relics_obtained":[{"floor":7.0,"key":"Prayer Wheel"},{"floor":9.0,"key":"Gambling Chip"},{"floor":13.0,"key":"Bag of Preparation"},{"floor":24,"key":"Boot"},{"floor":26,"key":"Peace Pipe"},{"floor":27,"key":"Pen Nib"}],"event_choices":[{"damage_healed":0.0,"max_hp_gain":0.0,"max_hp_loss":0.0,"gold_gain":175.0,"event_name":"Liars Game","player_choice":"AGREE","floor":2.0,"gold_loss":0.0,"damage_taken":0.0,"cards_obtained":["Doubt"]},{"cards_removed":["Defend_B"],"damage_healed":0.0,"max_hp_gain":0.0,"max_hp_loss":0.0,"gold_gain":0.0,"event_name":"Purifier","player_choice":"Purged","floor":5.0,"gold_loss":0.0,"damage_taken":0.0},{"damage_healed":0.0,"max_hp_gain":0.0,"max_hp_loss":0.0,"gold_gain":0.0,"cards_transformed":["Strike_B","Strike_B"],"event_name":"Drug Dealer","player_choice":"Became Test Subject","floor":19.0,"gold_loss":0.0,"damage_taken":0.0,"cards_obtained":["Electrodynamics","Scrape"]},{"cards_removed":["Strike_B"],"damage_healed":0.0,"max_hp_gain":0.0,"max_hp_loss":0.0,"gold_gain":0.0,"event_name":"Designer","player_choice":"Upgrade and Remove","floor":20.0,"gold_loss":90.0,"damage_taken":0.0,"cards_upgraded":["Dualcast"]},{"damage_healed":0,"gold_gain":0,"player_choice":"Paid Fearfully","damage_taken":0,"max_hp_gain":0,"max_hp_loss":0,"event_name":"Masked Bandits","floor":30,"gold_loss":34},{"damage_healed":0,"gold_gain":0,"player_choice":"Max HP","damage_taken":0,"max_hp_gain":0,"max_hp_loss":4,"event_name":"Winding Halls","floor":36,"gold_loss":0},{"damage_healed":0,"gold_gain":0,"player_choice":"Paid","damage_taken":0,"relics_obtained":["Red Mask"],"max_hp_gain":0,"max_hp_loss":0,"event_name":"Tomb of Lord Red Mask","floor":37,"gold_loss":179}],"is_beta":false,"boss_relics":[{"not_picked":["Inserter","Pandora\u0027s Box"],"picked":"Lizard Tail"},{"not_picked":["FrozenCore","White Beast Statue"],"picked":"Astrolabe"}],"items_purged_floors":[4,29],"is_endless":false,"potions_floor_spawned":[1,14,21,27,28,31,38],"killed_by":"Giant Head","ascension_level":11}