{"gold_per_floor":[111,44,44,5,20,20,50,50,74,90,110,128,128,128,128,233,233,245,262,12,12,12,22,22],"floor_reached":24,"playtime":1187,"items_purged":[],"score":231,"play_id":"cdf1e431-696a-48de-8b9e-a4c0f858b2f8","local_time":"20190816202051","is_ascension_mode":true,"campfire_choices":[{"data":"Catalyst","floor":6,"key":"SMITH"},{"floor":8,"key":"REST"},{"floor":15,"key":"REST"}],"neow_cost":"NONE","seed_source_timestamp":315635420614099,"circlet_count":0,"master_deck":["Strike_G","Strike_G","Strike_G","Strike_G","Strike_G","Defend_G","Defend_G","Defend_G","Defend_G","Defend_G","Survivor","Catalyst+1","Accuracy","Crippling Poison+1","Dagger Spray","Sucker Punch","Dagger Spray","Cloak And Dagger","Infinite Blades","Adrenaline","Storm of Steel","Leg Sweep","Dagger Spray+1","Apotheosis","Terror","Dagger Spray"],"relics":["Ring of the Snake","Thread and Needle","PreservedInsect","Lizard Tail"],"potions_floor_usage":[16,16,16],"damage_taken":[{"damage":1,"enemies":"Jaw Worm","floor":1,"turns":7},{"damage":1,"enemies":"Cultist","floor":5,"turns":5},{"damage":26,"enemies":"Lagavulin","floor":7,"turns":8},{"damage":0,"enemies":"Small Slimes","floor":10,"turns":3},{"damage":0,"enemies":"3 Louse","floor":11,"turns":2},{"damage":6,"enemies":"Gremlin Gang","floor":12,"turns":3},{"damage":46,"enemies":"The Guardian","floor":16,"turns":9},{"damage":21,"enemies":"2 Thieves","floor":18,"turns":5},{"damage":32,"enemies":"Spheric Guardian","floor":19,"turns":7},{"damage":0,"enemies":"Centurion and Healer","floor":23,"turns":8},{"damage":68,"enemies":"Book of Stabbing","floor":24,"turns":7}],"seed_played":"2066595617030079461","potions_obtained":[{"floor":1,"key":"Block Potion"},{"floor":10,"key":"Regen Potion"},{"floor":11,"key":"Ancient Potion"}],"is_trial":false,"path_per_floor":["M","$","?","$","M","R","E","R","T","M","M","M","?","?","R","B",null,"M","M","$","?","?","M","E"],"character_chosen":"THE_SILENT","items_purchased":["Accuracy","Crippling Poison","Apotheosis","Terror"],"campfire_rested":2,"item_purchase_floors":[2,4,20,20],"current_hp_per_floor":[76,76,69,69,68,68,42,65,65,65,65,59,59,59,77,41,77,56,24,24,24,24,24,0],"gold":22,"neow_bonus":"TEN_PERCENT_HP_BONUS","is_prod":false,"is_daily":false,"chose_seed":false,"campfire_upgraded":1,"win_rate":0,"timestamp":1565997651,"path_taken":["M","$","?","$","M","R","E","R","T","M","?","M","?","?","R","BOSS","M","?","$","?","?","M","E"],"build_version":"2019-07-17","purchased_purges":0,"victory":false,"max_hp_per_floor":[77,77,77,77,77,77,77,77,77,77,77,77,77,77,77,77,77,77,77,77,77,77,77,77],"card_choices":[{"not_picked":["Choke","Masterful Stab"],"picked":"Catalyst","floor":1},{"not_picked":["Distraction","Dodge and Roll"],"picked":"Dagger Spray","floor":5},{"not_picked":["Backflip","Outmaneuver"],"picked":"Sucker Punch","floor":7},{"not_picked":["Tactician","Reflex"],"picked":"Dagger Spray","floor":10},{"not_picked":["Sucker Punch","Slice"],"picked":"Cloak And Dagger","floor":11},{"not_picked":["Reflex","Footwork"],"picked":"Infinite Blades","floor":12},{"not_picked":["Adrenaline","Tools of the Trade"],"picked":"Storm of Steel","floor":16},{"not_picked":["Slice","Calculated Gamble+1"],"picked":"Leg Sweep","floor":18},{"not_picked":["Noxious Fumes","PiercingWail"],"picked":"Dagger Spray+1","floor":19},{"not_picked":["Outmaneuver+1","Sucker Punch+1"],"picked":"Dagger Spray","floor":23}],"player_experience":322036,"relics_obtained":[{"floor":7,"key":"Thread and Needle"},{"floor":9,"key":"PreservedInsect"}],"event_choices":[{"damage_healed":0,"gold_gain":0,"player_choice":"Damaged","damage_taken":7,"max_hp_gain":0,"max_hp_loss":0,"event_name":"Wheel of Change","floor":3,"gold_loss":0},{"damage_healed":0,"gold_gain":0,"player_choice":"Grow","damage_taken":0,"max_hp_gain":0,"max_hp_loss":0,"event_name":"Living Wall","floor":13,"gold_loss":0,"cards_upgraded":["Crippling Poison"]},{"damage_healed":0,"gold_gain":0,"cards_transformed":["Neutralize"],"player_choice":"Transformed","damage_taken":0,"max_hp_gain":0,"max_hp_loss":0,"event_name":"Transmorgrifier","floor":14,"gold_loss":0,"cards_obtained":["Adrenaline"]},{"damage_healed":0,"gold_gain":0,"player_choice":"Ignored","damage_taken":0,"max_hp_gain":0,"max_hp_loss":0,"event_name":"Vampires","floor":21,"gold_loss":0},{"damage_healed":0,"gold_gain":0,"player_choice":"Ignored","damage_taken":0,"max_hp_gain":0,"max_hp_loss":0,"event_name":"Ghosts","floor":22,"gold_loss":0}],"is_beta":false,"boss_relics":[{"not_picked":["Tiny House","HoveringKite"],"picked":"Lizard Tail"}],"items_purged_floors":[],"is_endless":false,"potions_floor_spawned":[1,10,11],"killed_by":"Book of Stabbing","ascension_level":1}