{"gold_per_floor":[215,39,39,58,76,76,103,103,128,161,176,176,195,221,221,293,293,310,322,332,18,37,37,63,75,87,99,161,173,100,18,18,18],"floor_reached":33,"playtime":2481,"items_purged":["Strike_B"],"score":539,"play_id":"07102eca-d738-474f-9ed1-5f0a4ca858e7","local_time":"20190315192027","is_ascension_mode":true,"campfire_choices":[{"data":"Zap","floor":6.0,"key":"SMITH"},{"data":"Streamline","floor":8.0,"key":"SMITH"},{"floor":12.0,"key":"REST"},{"data":"Beam Cell","floor":15.0,"key":"SMITH"},{"floor":23.0,"key":"REST"},{"floor":25,"key":"REST"},{"data":"Hologram","floor":27,"key":"SMITH"},{"data":"Echo Form","floor":29,"key":"SMITH"},{"floor":32,"key":"REST"}],"neow_cost":"NONE","seed_source_timestamp":1483383297234108,"circlet_count":0,"master_deck":["AscendersBane","Strike_B","Strike_B","Strike_B","Defend_B","Defend_B+1","Defend_B","Defend_B","Zap+1","Dualcast+1","Rip and Tear","Sweeping Beam","Streamline+1","Steam","Rebound","Gash","Beam Cell+1","FTL","Conserve Battery","Echo Form+1","Hologram+1","Melter","Self Repair","Go for the Eyes","Gash","Reinforced Body","Stack","Conserve Battery"],"special_seed":0,"relics":["Cracked Core","Pen Nib","GremlinMask","Oddly Smooth Stone","Vajra","Mercury Hourglass","War Paint","Sozu","Anchor","MawBank","Happy Flower","Art of War"],"potions_floor_usage":[],"damage_taken":[{"damage":4.0,"enemies":"Jaw Worm","floor":1.0,"turns":4.0},{"damage":1.0,"enemies":"Cultist","floor":4.0,"turns":3.0},{"damage":0.0,"enemies":"2 Louse","floor":5.0,"turns":3.0},{"damage":33.0,"enemies":"Gremlin Nob","floor":7.0,"turns":4.0},{"damage":13.0,"enemies":"3 Sentries","floor":10.0,"turns":4.0},{"damage":5.0,"enemies":"Exordium Thugs","floor":11.0,"turns":2.0},{"damage":0.0,"enemies":"Looter","floor":13.0,"turns":2.0},{"damage":0.0,"enemies":"Gremlin Nob","floor":14.0,"turns":3.0},{"damage":20.0,"enemies":"The Guardian","floor":16.0,"turns":9.0},{"damage":21.0,"enemies":"Shell Parasite","floor":18.0,"turns":4.0},{"damage":15.0,"enemies":"2 Thieves","floor":19.0,"turns":3.0},{"damage":9.0,"enemies":"Centurion and Healer","floor":20.0,"turns":4.0},{"damage":0.0,"enemies":"Snecko","floor":22.0,"turns":3.0},{"damage":31,"enemies":"Book of Stabbing","floor":24,"turns":5},{"damage":56,"enemies":"Automaton","floor":33,"turns":10}],"seed_played":"-7136784019342641665","potions_obtained":[{"floor":1.0,"key":"EssenceOfSteel"},{"floor":7.0,"key":"Regen Potion"},{"floor":10.0,"key":"Energy Potion"},{"floor":16.0,"key":"SteroidPotion"}],"is_trial":false,"path_per_floor":["M","$","?","M","M","R","E","R","T","E","M","R","M","E","R","B",null,"M","M","M","$","M","R","E","R","T","R","?","R","?","$","R","B"],"character_chosen":"DEFECT","items_purchased":["Pen Nib","Sweeping Beam","Anchor","Self Repair","Go for the Eyes","Stack","Conserve Battery"],"campfire_rested":4,"item_purchase_floors":[2,2,21,21,21,31,31],"current_hp_per_floor":[60,60,60,59,59,59,26,26,26,25,20,41,41,41,41,21,59,38,23,14,14,14,35,11,32,32,32,32,32,32,32,53,0],"gold":18,"neow_bonus":"HUNDRED_GOLD","is_prod":false,"is_daily":false,"chose_seed":false,"campfire_upgraded":5,"win_rate":0,"timestamp":1552692027,"path_taken":["M","$","?","M","M","R","E","R","T","E","M","R","M","E","R","BOSS","M","M","M","$","M","R","E","R","T","R","?","R","?","$","R","BOSS"],"build_version":"2019-01-23","purchased_purges":1,"victory":false,"max_hp_per_floor":[71,71,71,71,71,71,71,71,71,71,71,71,71,71,71,71,71,71,71,71,71,71,71,71,71,71,71,71,71,71,71,71,71],"card_choices":[{"not_picked":["Capacitor","Compile Driver"],"picked":"Rip and Tear","floor":1.0},{"not_picked":["BootSequence","Auto Shields"],"picked":"Streamline","floor":4.0},{"not_picked":["Sweeping Beam","Rebound"],"picked":"Steam","floor":5.0},{"not_picked":["Heatsinks","Steam"],"picked":"Rebound","floor":7.0},{"not_picked":["Force Field","Steam"],"picked":"Gash","floor":10.0},{"not_picked":["Hello World","Tempest"],"picked":"Beam Cell","floor":11.0},{"not_picked":["Hello World","Streamline"],"picked":"FTL","floor":13.0},{"not_picked":["Double Energy","Stack"],"picked":"Conserve Battery","floor":14.0},{"not_picked":["Multi-Cast","Thunder Strike"],"picked":"Echo Form","floor":16.0},{"not_picked":["Chaos","Beam Cell"],"picked":"Hologram","floor":18.0},{"not_picked":["Leap","Scrape"],"picked":"Melter","floor":19.0},{"not_picked":["Scrape","Darkness","Beam Cell"],"picked":"SKIP","floor":20.0},{"not_picked":["Compile Driver","Hologram"],"picked":"Gash","floor":22.0},{"not_picked":["Amplify","Redo"],"picked":"Reinforced Body","floor":24}],"player_experience":2388813,"relics_obtained":[{"floor":7.0,"key":"Oddly Smooth Stone"},{"floor":9.0,"key":"Vajra"},{"floor":10.0,"key":"Mercury Hourglass"},{"floor":14.0,"key":"War Paint"},{"floor":24,"key":"MawBank"},{"floor":26,"key":"Happy Flower"}],"event_choices":[{"damage_healed":0.0,"max_hp_gain":0.0,"max_hp_loss":0.0,"gold_gain":0.0,"event_name":"FaceTrader","player_choice":"Trade","floor":3.0,"gold_loss":0.0,"damage_taken":0.0,"relics_obtained":["GremlinMask"]},{"damage_healed":0,"gold_gain":50,"player_choice":"Stole From Cult","damage_taken":0,"max_hp_gain":0,"max_hp_loss":0,"event_name":"Nest","floor":28,"gold_loss":0},{"damage_healed":0,"gold_gain":0,"player_choice":"Obtained Relic","damage_taken":0,"relics_obtained":["Art of War"],"max_hp_gain":0,"max_hp_loss":0,"event_name":"Addict","floor":30,"gold_loss":85}],"is_beta":false,"boss_relics":[{"not_picked":["Velvet Choker","Calling Bell"],"picked":"Sozu"}],"items_purged_floors":[21],"is_endless":false,"potions_floor_spawned":[1,7,10,16,22,24],"killed_by":"Automaton","ascension_level":15}