{"gold_per_floor":[18,37,49,49,67,67,93,93,93,93,124,137,147,180,180,282,282,299,71,71,71,81,111,21,54,54,66,99,99,124,150,150,247,247,265,30,82,182,198,198,233,233,283,309,309,20,39,71,71,71],"floor_reached":51,"playtime":8390,"items_purged":["Strike_P","Vigilance"],"score":1189,"play_id":"99c1fffe-15b6-413e-b5f3-d1e082fe114c","local_time":"20190912220149","is_ascension_mode":true,"campfire_choices":[{"data":"Collect","floor":6,"key":"SMITH"},{"data":"Crescendo","floor":8,"key":"SMITH"},{"data":"Eruption","floor":10,"key":"SMITH"},{"data":"MentalFortress","floor":15,"key":"SMITH"},{"data":"EmptyMind","floor":29,"key":"SMITH"},{"data":"Adaptation","floor":32,"key":"SMITH"},{"data":"CutThroughFate","floor":40,"key":"SMITH"},{"data":"CutThroughFate","floor":42,"key":"SMITH"},{"data":"FlurryOfBlows","floor":49,"key":"SMITH"}],"neow_cost":"NO_GOLD","seed_source_timestamp":8532102558104,"circlet_count":0,"master_deck":["Strike_P+1","Strike_P+1","Eruption+1","Vault","Crescendo+1","Protect+1","Collect+1","ClearTheMind","MentalFortress+1","FearNoEvil+1","DevaForm+1","EmptyMind+1","Vault","BowlingBash+1","EmptyFist+1","FlurryOfBlows+1","Meditate","CutThroughFate+1","Adaptation+1","LessonLearned","InnerPeace+1","CutThroughFate+1","CrushJoints+1"],"relics":["PureWater","Ornamental Fan","Gremlin Horn","Boot","Whetstone","Philosopher\u0027s Stone","Orrery","InkBottle","Oddly Smooth Stone","Juzu Bracelet","Eternal Feather","Red Mask","Toxic Egg 2","Empty Cage","Membership Card","Bag of Preparation","Mango","FossilizedHelix","White Beast Statue","Centennial Puzzle","StoneCalendar","Kunai","TungstenRod","Smiling Mask"],"potions_floor_usage":[11,16,16,33,33,37,45,50,50],"damage_taken":[{"damage":4,"enemies":"2 Louse","floor":1,"turns":6},{"damage":0,"enemies":"Cultist","floor":2,"turns":2},{"damage":0,"enemies":"Jaw Worm","floor":3,"turns":3},{"damage":0,"enemies":"Large Slime","floor":5,"turns":5},{"damage":0,"enemies":"Lagavulin","floor":7,"turns":6},{"damage":0,"enemies":"Gremlin Nob","floor":11,"turns":2},{"damage":1,"enemies":"Red Slaver","floor":12,"turns":4},{"damage":7,"enemies":"Exordium Wildlife","floor":13,"turns":5},{"damage":0,"enemies":"Lagavulin","floor":14,"turns":5},{"damage":25,"enemies":"Hexaghost","floor":16,"turns":9},{"damage":15,"enemies":"Chosen","floor":18,"turns":7},{"damage":0,"enemies":"Spheric Guardian","floor":22,"turns":4},{"damage":0,"enemies":"Book of Stabbing","floor":23,"turns":4},{"damage":3,"enemies":"Slavers","floor":25,"turns":4},{"damage":9,"enemies":"Snake Plant","floor":27,"turns":3},{"damage":2,"enemies":"Book of Stabbing","floor":28,"turns":5},{"damage":0,"enemies":"Masked Bandits","floor":30,"turns":3},{"damage":0,"enemies":"Slavers","floor":31,"turns":4},{"damage":0,"enemies":"Collector","floor":33,"turns":5},{"damage":0,"enemies":"3 Darklings","floor":35,"turns":4},{"damage":14,"enemies":"2 Orb Walkers","floor":37,"turns":4},{"damage":0,"enemies":"Mind Bloom Boss Battle","floor":38,"turns":6},{"damage":0,"enemies":"Orb Walker","floor":39,"turns":2},{"damage":0,"enemies":"Giant Head","floor":41,"turns":5},{"damage":0,"enemies":"Nemesis","floor":44,"turns":4},{"damage":0,"enemies":"Writhing Mass","floor":45,"turns":1},{"damage":0,"enemies":"Spire Growth","floor":47,"turns":2},{"damage":0,"enemies":"Giant Head","floor":48,"turns":3},{"damage":0,"enemies":"Time Eater","floor":50,"turns":7}],"seed_played":"-6982806325006166715","potions_obtained":[{"floor":1,"key":"Ancient Potion"},{"floor":5,"key":"Energy Potion"},{"floor":13,"key":"Strength Potion"},{"floor":14,"key":"Swift Potion"},{"floor":16,"key":"Poison Potion"},{"floor":25,"key":"Poison Potion"},{"floor":31,"key":"Block Potion"},{"floor":33,"key":"SmokeBomb"},{"floor":35,"key":"SpeedPotion"},{"floor":39,"key":"Strength Potion"},{"floor":47,"key":"StancePotion"}],"is_trial":false,"path_per_floor":["M","M","M","?","M","R","E","R","T","R","E","M","M","E","R","B",null,"M","$","?","?","M","E","?","E","T","M","E","R","?","E","R","B",null,"M","$","?","?","M","R","E","R","T","E","M","$","M","E","R","B",null],"character_chosen":"WATCHER","items_purchased":["Orrery","Membership Card","Bag of Preparation","Kunai","TungstenRod","LiquidBronze"],"campfire_rested":0,"item_purchase_floors":[19,36,36,46,46,46],"current_hp_per_floor":[61,61,61,61,61,61,61,61,61,61,61,60,53,53,53,28,65,50,50,50,50,50,50,50,47,47,38,36,48,48,48,60,60,65,65,65,65,65,65,77,77,79,79,79,79,79,79,79,79,79],"gold":71,"neow_bonus":"THREE_RARE_CARDS","is_prod":false,"is_daily":false,"chose_seed":false,"campfire_upgraded":9,"win_rate":0,"timestamp":1568282509,"path_taken":["M","M","M","?","M","R","E","R","T","R","E","?","M","E","R","BOSS","M","$","?","?","M","E","?","E","T","M","E","R","?","E","R","BOSS","M","$","?","?","M","R","E","R","T","E","M","$","M","E","R","BOSS"],"build_version":"2019-09-11","purchased_purges":2,"victory":true,"max_hp_per_floor":[65,65,65,65,65,65,65,65,65,65,65,65,65,65,65,65,65,65,65,65,65,65,65,65,65,65,65,65,65,65,65,65,65,65,65,65,79,79,79,79,79,79,79,79,79,79,79,79,79,79],"card_choices":[{"not_picked":["Pray","DeusExMachina"],"picked":"Vault","floor":0},{"not_picked":["Adaptation","Prostrate"],"picked":"Crescendo","floor":1},{"not_picked":["SpiritShield","ThirdEye","Weave"],"picked":"SKIP","floor":2},{"not_picked":["Clarity","Collect"],"picked":"Protect","floor":3},{"not_picked":["FollowUp","Weave"],"picked":"ClearTheMind","floor":5},{"not_picked":["Wireheading","ThirdEye","Swivel"],"picked":"SKIP","floor":7},{"not_picked":["Collect","Swivel"],"picked":"MentalFortress","floor":11},{"not_picked":["Consecrate","EmptyBody","Fasting"],"picked":"SKIP","floor":12},{"not_picked":["Weave","Collect","Protect"],"picked":"SKIP","floor":13},{"not_picked":["Establishment","BowlingBash"],"picked":"FearNoEvil","floor":14},{"not_picked":["BattleHymn","FlowState"],"picked":"DevaForm","floor":16},{"not_picked":["CutThroughFate","Prostrate"],"picked":"EmptyMind","floor":18},{"not_picked":["Fasting+1","FollowUp"],"picked":"Vault","floor":19},{"not_picked":["FlyingSleeves+1","Crescendo+1"],"picked":"BowlingBash+1","floor":19},{"not_picked":["Brilliance","Conclude"],"picked":"EmptyFist","floor":19},{"not_picked":["ForeignInfluence","Perseverance","CrushJoints"],"picked":"SKIP","floor":22},{"not_picked":["Prostrate","Conclude+1"],"picked":"FlurryOfBlows","floor":23},{"not_picked":["FollowUp","Consecrate","EmptyBody+1"],"picked":"SKIP","floor":25},{"not_picked":["Crescendo","FlyingSleeves"],"picked":"Meditate","floor":27},{"not_picked":["EmptyBody","WreathOfFlame","Establishment"],"picked":"SKIP","floor":28},{"not_picked":["EmptyFist","ClearTheMind"],"picked":"CutThroughFate","floor":30},{"not_picked":["Ragnarok","Vengeance"],"picked":"Adaptation","floor":31},{"not_picked":["Brilliance+1","Nirvana"],"picked":"LessonLearned","floor":33},{"not_picked":["WaveOfTheHand+1","Consecrate+1","Sanctity+1"],"picked":"SKIP","floor":35},{"not_picked":["ClearTheMind+1","EmptyFist+1"],"picked":"InnerPeace+1","floor":37},{"not_picked":["BowlingBash","Protect+1"],"picked":"CutThroughFate","floor":39},{"not_picked":["SandsOfTime","Collect+1","Consecrate"],"picked":"SKIP","floor":41},{"not_picked":["Protect+1","Wireheading+1","CleanseEvil+1"],"picked":"SKIP","floor":44},{"not_picked":["EmptyFist+1","FollowUp+1","Meditate+1"],"picked":"SKIP","floor":47},{"not_picked":["ClearTheMind+1","EmptyFist+1"],"picked":"CrushJoints+1","floor":48}],"player_experience":1010873,"relics_obtained":[{"floor":7,"key":"Ornamental Fan"},{"floor":9,"key":"Gremlin Horn"},{"floor":11,"key":"Boot"},{"floor":14,"key":"Whetstone"},{"floor":23,"key":"InkBottle"},{"floor":25,"key":"Oddly Smooth Stone"},{"floor":26,"key":"Juzu Bracelet"},{"floor":28,"key":"Eternal Feather"},{"floor":30,"key":"Red Mask"},{"floor":31,"key":"Toxic Egg 2"},{"floor":37,"key":"Mango"},{"floor":38,"key":"FossilizedHelix"},{"floor":41,"key":"White Beast Statue"},{"floor":43,"key":"Centennial Puzzle"},{"floor":44,"key":"StoneCalendar"},{"floor":48,"key":"Smiling Mask"}],"event_choices":[{"damage_healed":0,"gold_gain":0,"cards_transformed":["Strike_P"],"player_choice":"Transformed","damage_taken":0,"max_hp_gain":0,"max_hp_loss":0,"event_name":"Transmorgrifier","floor":4,"gold_loss":0,"cards_obtained":["Collect"]},{"cards_removed":["Defend_P"],"damage_healed":0,"gold_gain":0,"player_choice":"Elegance","damage_taken":0,"max_hp_gain":0,"max_hp_loss":0,"event_name":"Back to Basics","floor":20,"gold_loss":0},{"cards_removed":["Defend_P"],"damage_healed":0,"gold_gain":0,"player_choice":"Upgrade and Remove","damage_taken":0,"max_hp_gain":0,"max_hp_loss":0,"event_name":"Designer","floor":24,"gold_loss":90,"cards_upgraded":["DevaForm"]},{"damage_healed":0,"gold_gain":0,"player_choice":"Fought Bandits","damage_taken":0,"max_hp_gain":0,"max_hp_loss":0,"event_name":"Masked Bandits","floor":30,"gold_loss":0},{"damage_healed":0,"gold_gain":0,"player_choice":"Fight","damage_taken":0,"max_hp_gain":0,"max_hp_loss":0,"event_name":"Mysterious Sphere","floor":37,"gold_loss":0},{"damage_healed":0,"gold_gain":0,"player_choice":"Fight","damage_taken":0,"max_hp_gain":0,"max_hp_loss":0,"event_name":"MindBloom","floor":38,"gold_loss":0}],"is_beta":true,"boss_relics":[{"not_picked":["Runic Dome","Pandora\u0027s Box"],"picked":"Philosopher\u0027s Stone"},{"not_picked":["Black Star","Cursed Key"],"picked":"Empty Cage"}],"items_purged_floors":[19,46],"is_endless":false,"potions_floor_spawned":[1,5,13,14,16,25,28,31,33,35,39,44,45,47,48],"ascension_level":2}