{"gold_per_floor":[112,7,24,34,48,79,79,111,138,150,12,27,27,41,41,41],"floor_reached":16,"playtime":797,"items_purged":["Defend_B"],"score":196,"play_id":"4d2fb87f-b882-4610-a08f-ff8e4262ddd2","local_time":"20190316232656","is_ascension_mode":true,"campfire_choices":[{"data":"Hologram","floor":7,"key":"SMITH"},{"data":"Echo Form","floor":15,"key":"SMITH"}],"neow_cost":"NONE","seed_source_timestamp":1528486549958718,"circlet_count":0,"master_deck":["AscendersBane","Strike_B","Strike_B","Strike_B","Strike_B","Defend_B","Defend_B","Defend_B","Zap","Dualcast","Gash","Sweeping Beam","Steam","Leap","Go for the Eyes","Go for the Eyes","Hologram+1","Stack","Echo Form+1","Ball Lightning"],"relics":["Cracked Core","Boot","Pen Nib","Art of War","MawBank","Dodecahedron"],"potions_floor_usage":[8,12,12,16],"damage_taken":[{"damage":0,"enemies":"2 Louse","floor":1,"turns":3},{"damage":2,"enemies":"Jaw Worm","floor":3,"turns":4},{"damage":0,"enemies":"Small Slimes","floor":4,"turns":3},{"damage":6,"enemies":"Looter","floor":5,"turns":3},{"damage":22,"enemies":"3 Sentries","floor":6,"turns":6},{"damage":28,"enemies":"Gremlin Nob","floor":8,"turns":4},{"damage":0,"enemies":"Gremlin Gang","floor":12,"turns":4},{"damage":4,"enemies":"3 Louse","floor":14,"turns":3},{"damage":38,"enemies":"The Guardian","floor":16,"turns":5}],"seed_played":"7279439486471739409","potions_obtained":[{"floor":3,"key":"SpeedPotion"},{"floor":5,"key":"SmokeBomb"},{"floor":6,"key":"PowerPotion"},{"floor":14,"key":"Energy Potion"}],"is_trial":false,"path_per_floor":["M","$","M","M","M","E","R","E","T","?","$","M","T","M","R","B"],"character_chosen":"DEFECT","items_purchased":["Sweeping Beam","Steam","Regen Potion"],"campfire_rested":0,"item_purchase_floors":[2,2,11],"current_hp_per_floor":[64,64,62,62,56,34,34,6,6,29,29,41,41,37,37,0],"gold":41,"neow_bonus":"RANDOM_COMMON_RELIC","is_prod":false,"is_daily":false,"chose_seed":false,"campfire_upgraded":2,"win_rate":0,"timestamp":1552793216,"path_taken":["M","$","M","M","M","E","R","E","T","?","$","M","?","M","R","BOSS"],"build_version":"2019-01-23","purchased_purges":1,"victory":false,"max_hp_per_floor":[71,71,71,71,71,71,71,71,71,71,71,71,71,71,71,71],"card_choices":[{"not_picked":["Sweeping Beam","Doom and Gloom"],"picked":"Gash","floor":1},{"not_picked":["Capacitor","Heatsinks"],"picked":"Leap","floor":3},{"not_picked":["Coolheaded","Chill"],"picked":"Go for the Eyes","floor":4},{"not_picked":["Redo","Lockon"],"picked":"Go for the Eyes","floor":5},{"not_picked":["Sweeping Beam","Cold Snap"],"picked":"Hologram","floor":6},{"not_picked":["Compile Driver","Turbo"],"picked":"Stack","floor":8},{"not_picked":["Coolheaded","Compile Driver"],"picked":"Echo Form","floor":12},{"not_picked":["Rip and Tear","Leap"],"picked":"Ball Lightning","floor":14}],"player_experience":2393478,"relics_obtained":[{"floor":6,"key":"Pen Nib"},{"floor":8,"key":"Art of War"},{"floor":9,"key":"MawBank"},{"floor":13,"key":"Dodecahedron"}],"event_choices":[{"damage_healed":23,"gold_gain":0,"player_choice":"Banana","damage_taken":0,"max_hp_gain":0,"max_hp_loss":0,"event_name":"Big Fish","floor":10,"gold_loss":0}],"is_beta":false,"boss_relics":[],"items_purged_floors":[11],"is_endless":false,"potions_floor_spawned":[3,5,6,14],"killed_by":"The Guardian","ascension_level":15}