{"gold_per_floor":[118,14,24,38,55,55,66,66,66,93,93,113,125,158,158,237,237,209,219,43,43],"floor_reached":21,"playtime":2165,"items_purged":[],"score":386,"play_id":"a15df51f-6fa4-4c6f-9b35-52b3510bdde5","local_time":"20190731220535","is_ascension_mode":true,"campfire_choices":[{"data":"Perfected Strike","floor":6.0,"key":"SMITH"},{"data":"Wild Strike","floor":8.0,"key":"SMITH"},{"floor":15.0,"key":"REST"}],"neow_cost":"TEN_PERCENT_HP_LOSS","seed_source_timestamp":487020794417274,"circlet_count":0,"master_deck":["AscendersBane","Strike_R","Strike_R","Defend_R","Defend_R","Defend_R","Defend_R","Bash","Perfected Strike+1","Cleave","Anger","Combust","Wild Strike+1","Cleave","Hemokinesis","Rage","True Grit","Evolve","Bludgeon","Barricade+1","Carnage+1","Burning Pact+1","Clothesline","PanicButton"],"special_seed":0,"relics":["Burning Blood","StoneCalendar","Blue Candle","Self Forming Clay","FaceOfCleric","Sundial","Astrolabe"],"potions_floor_usage":[21],"damage_taken":[{"damage":9.0,"enemies":"Jaw Worm","floor":1.0,"turns":4.0},{"damage":0.0,"enemies":"Cultist","floor":3.0,"turns":3.0},{"damage":14.0,"enemies":"Small Slimes","floor":4.0,"turns":3.0},{"damage":1.0,"enemies":"Red Slaver","floor":5.0,"turns":3.0},{"damage":7.0,"enemies":"3 Louse","floor":7.0,"turns":2.0},{"damage":23.0,"enemies":"3 Sentries","floor":10.0,"turns":4.0},{"damage":6.0,"enemies":"2 Fungi Beasts","floor":12.0,"turns":2.0},{"damage":6.0,"enemies":"Looter","floor":13.0,"turns":2.0},{"damage":34.0,"enemies":"Lagavulin","floor":14.0,"turns":6.0},{"damage":20.0,"enemies":"Slime Boss","floor":16.0,"turns":6.0},{"damage":22.0,"enemies":"2 Thieves","floor":18.0,"turns":4.0},{"damage":33,"enemies":"3 Byrds","floor":19,"turns":6},{"damage":40,"enemies":"Cultist and Chosen","floor":21,"turns":4}],"seed_played":"-5665955331097319437","potions_obtained":[{"floor":1.0,"key":"LiquidBronze"},{"floor":3.0,"key":"Weak Potion"},{"floor":7.0,"key":"BloodPotion"},{"floor":10.0,"key":"Strength Potion"},{"floor":14.0,"key":"Explosive Potion"},{"floor":16.0,"key":"SkillPotion"},{"floor":19,"key":"Strength Potion"}],"is_trial":false,"path_per_floor":["M","$","M","M","M","R","M","R","T","E","?","M","M","E","R","B",null,"M","M","$","M"],"character_chosen":"IRONCLAD","items_purchased":["Perfected Strike","Cleave","BloodPotion","PanicButton"],"campfire_rested":1,"item_purchase_floors":[2,2,20,20],"current_hp_per_floor":[65,65,68,60,65,65,64,64,64,53,53,54,55,28,49,36,63,48,22,22,0],"gold":43,"neow_bonus":"ONE_RARE_RELIC","is_prod":false,"is_daily":false,"chose_seed":false,"campfire_upgraded":2,"win_rate":0,"timestamp":1564625135,"path_taken":["M","$","M","M","M","R","M","R","T","E","?","M","?","E","R","BOSS","M","M","$","M"],"build_version":"2019-01-23","purchased_purges":0,"victory":false,"max_hp_per_floor":[68,68,68,68,68,68,68,68,68,68,68,69,70,71,71,72,72,73,74,74,74],"card_choices":[{"not_picked":["Evolve","Body Slam","Fire Breathing"],"picked":"SKIP","floor":1.0},{"not_picked":["Sentinel","Havoc"],"picked":"Anger","floor":3.0},{"not_picked":["Feel No Pain","Flex"],"picked":"Combust","floor":4.0},{"not_picked":["Havoc","Sever Soul"],"picked":"Wild Strike","floor":5.0},{"not_picked":["Sword Boomerang","Clash"],"picked":"Cleave","floor":7.0},{"not_picked":["Flex","Clash"],"picked":"Hemokinesis","floor":10.0},{"not_picked":["Fire Breathing","Iron Wave"],"picked":"Rage","floor":12.0},{"not_picked":["Battle Trance","Flex"],"picked":"True Grit","floor":13.0},{"not_picked":["Fire Breathing","Limit Break"],"picked":"Evolve","floor":14.0},{"not_picked":["Limit Break","Fiend Fire"],"picked":"Bludgeon","floor":16.0},{"not_picked":["Iron Wave","Evolve"],"picked":"Clothesline","floor":18.0},{"not_picked":["Sword Boomerang","Cleave","Hemokinesis"],"picked":"SKIP","floor":19}],"player_experience":2751185,"relics_obtained":[{"floor":9.0,"key":"Blue Candle"},{"floor":10.0,"key":"Self Forming Clay"},{"floor":14.0,"key":"Sundial"}],"event_choices":[{"damage_healed":0.0,"max_hp_gain":0.0,"max_hp_loss":0.0,"gold_gain":0.0,"event_name":"FaceTrader","player_choice":"Trade","floor":11.0,"gold_loss":0.0,"damage_taken":0.0,"relics_obtained":["FaceOfCleric"]}],"is_beta":false,"boss_relics":[{"not_picked":["Calling Bell","Runic Pyramid"],"picked":"Astrolabe"}],"items_purged_floors":[],"is_endless":false,"potions_floor_spawned":[1,3,7,10,14,16,19],"killed_by":"Cultist and Chosen","ascension_level":20}