{"gold_per_floor":[367,58,69,81,92,127,127,159,182,182,241,258,258,258,258,359,359,376,392,491,101,130,158,178,178,178,178,194,220,220,251,251,346,346,356,371,371,371,61,61,86,103,130,146,178,28,56,71,71,71],"floor_reached":51,"playtime":6537,"items_purged":["Doubt","Strike_G","Regret","Strike_G"],"score":967,"play_id":"6c7649bf-a2d8-4656-ae26-264ac47452a9","local_time":"20180704163434","is_ascension_mode":true,"campfire_choices":[{"data":"Apotheosis","floor":7.0,"key":"SMITH"},{"data":"Neutralize","floor":10.0,"key":"SMITH"},{"data":"Outmaneuver","floor":13.0,"key":"SMITH"},{"floor":15.0,"key":"REST"},{"floor":25.0,"key":"REST"},{"floor":27.0,"key":"REST"},{"floor":30.0,"key":"REST"},{"data":"Tools of the Trade","floor":32.0,"key":"SMITH"},{"floor":40.0,"key":"REST"},{"floor":49,"key":"REST"}],"neow_cost":"","seed_source_timestamp":0,"circlet_count":0,"master_deck":["Defend_G","Defend_G","Defend_G","Defend_G","Defend_G","Strike_G+1","Strike_G","Survivor","Neutralize+1","Setup","Apotheosis+1","Dash","Deadly Poison","Bane+1","Deadly Poison","Die Die Die","Deadly Poison","Outmaneuver+1","PiercingWail","Burst","Flying Knee+1","Choke","Escape Plan","Burst","Poisoned Stab+1","Tools of the Trade+1","Poisoned Stab+1","Venomology","Footwork+1","Noxious Fumes+1","Injury","Sadistic Nature","Deadly Poison+1","Poisoned Stab","Injury","Expertise+1","Backflip","Prepared+1","Calculated Gamble"],"special_seed":0,"relics":["Ring of the Snake","Bag of Preparation","Ancient Tea Set","Blood Vial","Tiny Chest","Cursed Key","Mango","Red Mask","Bronze Scales","Strawberry","Whetstone","The Specimen","Runic Pyramid","Regal Pillow","Boot","Pen Nib","Anchor","Potion Belt"],"potions_floor_usage":[47,47,50,50,50,50,50],"damage_taken":[{"damage":2.0,"enemies":"Jaw Worm","floor":1.0,"turns":4.0},{"damage":0.0,"enemies":"Cultist","floor":3.0,"turns":4.0},{"damage":0.0,"enemies":"2 Louse","floor":4.0,"turns":3.0},{"damage":0.0,"enemies":"Large Slime","floor":5.0,"turns":6.0},{"damage":3.0,"enemies":"Gremlin Nob","floor":6.0,"turns":3.0},{"damage":5.0,"enemies":"Lagavulin","floor":8.0,"turns":5.0},{"damage":0.0,"enemies":"3 Sentries","floor":11.0,"turns":3.0},{"damage":3.0,"enemies":"2 Fungi Beasts","floor":12.0,"turns":4.0},{"damage":12.0,"enemies":"Slime Boss","floor":16.0,"turns":11.0},{"damage":15.0,"enemies":"Shell Parasite","floor":18.0,"turns":5.0},{"damage":6.0,"enemies":"3 Byrds","floor":19.0,"turns":5.0},{"damage":0.0,"floor":22.0,"turns":3.0},{"damage":10.0,"enemies":"Book of Stabbing","floor":23.0,"turns":5.0},{"damage":27.0,"enemies":"Snake Plant","floor":24.0,"turns":3.0},{"damage":13.0,"enemies":"Cultist and Chosen","floor":28.0,"turns":6.0},{"damage":13.0,"enemies":"Slavers","floor":29.0,"turns":6.0},{"damage":8.0,"enemies":"Book of Stabbing","floor":31.0,"turns":5.0},{"damage":56.0,"enemies":"Automaton","floor":33.0,"turns":11.0},{"damage":10.0,"enemies":"3 Shapes","floor":35.0,"turns":4.0},{"damage":5.0,"enemies":"Orb Walker","floor":36.0,"turns":3.0},{"damage":34.0,"enemies":"2 Orb Walkers","floor":41.0,"turns":4.0},{"damage":16.0,"enemies":"4 Shapes","floor":42.0,"turns":4.0},{"damage":0.0,"enemies":"Maw","floor":44.0,"turns":7.0},{"damage":11,"enemies":"Nemesis","floor":45,"turns":6},{"damage":5,"enemies":"Giant Head","floor":47,"turns":9},{"damage":0,"enemies":"3 Darklings","floor":48,"turns":4},{"damage":16,"enemies":"Awakened One","floor":50,"turns":13}],"seed_played":"7444320397068835684","potions_obtained":[{"floor":1.0,"key":"Explosive Potion"},{"floor":3.0,"key":"FearPotion"},{"floor":4.0,"key":"Explosive Potion"},{"floor":12.0,"key":"FearPotion"},{"floor":14.0,"key":"Strength Potion"},{"floor":14.0,"key":"Ancient Potion"},{"floor":19.0,"key":"Weak Potion"},{"floor":23.0,"key":"Regen Potion"},{"floor":33.0,"key":"Strength Potion"},{"floor":41.0,"key":"Regen Potion"},{"floor":48,"key":"Regen Potion"}],"is_trial":false,"path_per_floor":["M","$","M","M","M","E","R","E","T","R","E","M","R","?","R","B",null,"M","M","?","$","?","E","M","R","T","R","M","E","R","E","R","B",null,"M","M","T","?","$","R","E","M","T","M","E","$","E","M","R","B"],"character_chosen":"THE_SILENT","items_purchased":["Apotheosis","Dash","Mango","Sadistic Nature"],"campfire_rested":6,"item_purchase_floors":[],"current_hp_per_floor":[68,68,68,68,68,65,65,60,60,60,62,61,61,61,70,58,70,55,51,51,65,67,59,34,59,66,91,78,67,91,83,83,36,91,81,78,78,78,78,91,57,43,43,60,51,51,48,50,91,91],"gold":71,"neow_bonus":"","is_prod":false,"is_daily":false,"chose_seed":false,"campfire_upgraded":4,"win_rate":0,"timestamp":1530736474,"path_taken":["M","$","M","M","M","E","R","E","T","R","E","M","R","?","R","BOSS","M","M","?","$","?","E","M","R","T","R","M","E","R","E","R","BOSS","M","M","?","?","$","R","E","M","T","?","E","$","E","M","R","BOSS"],"build_version":"2018-06-21v2","purchased_purges":4,"victory":true,"max_hp_per_floor":[70,70,70,70,70,70,70,70,70,70,70,70,70,70,70,70,70,70,70,70,84,84,84,84,84,91,91,91,91,91,91,91,91,91,91,91,91,91,91,91,91,91,91,91,91,91,91,91,91,91],"card_choices":[{"not_picked":["Outmaneuver","Concentrate"],"picked":"Setup","floor":1.0},{"not_picked":["Bane","Caltrops"],"picked":"Deadly Poison","floor":3.0},{"not_picked":["Terror","Sucker Punch"],"picked":"Bane","floor":4.0},{"not_picked":["Eviscerate","Distraction"],"picked":"Deadly Poison","floor":5.0},{"not_picked":["Underhanded Strike","Bane"],"picked":"Die Die Die","floor":6.0},{"not_picked":["Expertise","Blade Dance"],"picked":"Deadly Poison","floor":8.0},{"not_picked":["Slice","Accuracy"],"picked":"Outmaneuver","floor":11.0},{"not_picked":["Quick Slash","Slice"],"picked":"PiercingWail","floor":12.0},{"not_picked":["Phantasmal Killer","Die Die Die"],"picked":"Burst","floor":16.0},{"not_picked":["Cloak And Dagger","Quick Slash"],"picked":"Flying Knee+1","floor":18.0},{"not_picked":["Deadly Poison","Bane+1"],"picked":"Choke","floor":19.0},{"not_picked":["Choke","Dagger Spray"],"picked":"Escape Plan","floor":23.0},{"not_picked":["Dagger Spray","Endless Agony"],"picked":"Burst","floor":24.0},{"not_picked":["Distraction","Slice"],"picked":"Poisoned Stab+1","floor":28.0},{"not_picked":["Venomology","Dash+1"],"picked":"Tools of the Trade","floor":29.0},{"not_picked":["Acrobatics+1","Flying Knee+1"],"picked":"Poisoned Stab+1","floor":31.0},{"not_picked":["Storm of Steel","A Thousand Cuts"],"picked":"Venomology","floor":33.0},{"not_picked":["PiercingWail","Flying Knee+1"],"picked":"Footwork+1","floor":35.0},{"not_picked":["Flechettes","Expertise+1"],"picked":"Noxious Fumes+1","floor":36.0},{"not_picked":["Dagger Throw+1","Dodge and Roll"],"picked":"Deadly Poison+1","floor":41.0},{"not_picked":["Concentrate+1","Dodge and Roll"],"picked":"Poisoned Stab","floor":42.0},{"not_picked":["All Out Attack","Reflex"],"picked":"Expertise+1","floor":44.0},{"not_picked":["Infinite Blades","Bane+1"],"picked":"Backflip","floor":45},{"not_picked":["Riddle With Holes","Noxious Fumes"],"picked":"Prepared+1","floor":47},{"not_picked":["Dagger Throw","Endless Agony"],"picked":"Calculated Gamble","floor":48}],"player_experience":1264281,"relics_obtained":[{"floor":6.0,"key":"Bag of Preparation"},{"floor":8.0,"key":"Ancient Tea Set"},{"floor":9.0,"key":"Blood Vial"},{"floor":11.0,"key":"Tiny Chest"},{"floor":22.0,"key":"Red Mask"},{"floor":23.0,"key":"Bronze Scales"},{"floor":26.0,"key":"Strawberry"},{"floor":29.0,"key":"Whetstone"},{"floor":31.0,"key":"The Specimen"},{"floor":37.0,"key":"Regal Pillow"},{"floor":41.0,"key":"Boot"},{"floor":43.0,"key":"Pen Nib"},{"floor":45,"key":"Anchor"},{"floor":47,"key":"Potion Belt"}],"event_choices":[{"event_name":"The Lab","player_choice":"Got Potions","floor":14.0,"damage_taken":0.0},{"event_name":"Nest","player_choice":"Stole From Cult","floor":20.0,"damage_taken":0.0},{"event_name":"Masked Bandits","player_choice":"Fought over 101 gold","floor":22.0,"damage_taken":0.0},{"event_name":"Falling","player_choice":"Removed Attack","floor":38.0,"damage_taken":0.0}],"boss_relics":[{"not_picked":["Eternal Feather","Tiny House"],"picked":"Cursed Key"},{"not_picked":["Runic Dome","Sozu"],"picked":"Runic Pyramid"}],"items_purged_floors":[],"is_endless":false,"potions_floor_spawned":[1,3,4,12,19,23,24,33,36,41,42,48],"ascension_level":2}