{"gold_per_floor":[363,383,148,148,13,13,48,48,48,78,89,121,138,155,155,232,232,250,10,10,25,39,39,53,53,80,80,14,32,61,79,79,79],"floor_reached":33,"playtime":6422,"items_purged":["Clumsy"],"score":574,"play_id":"9fa5ec73-c255-4f1a-a91e-827938e55b55","local_time":"20190922020008","is_ascension_mode":true,"campfire_choices":[{"data":"CrushJoints","floor":6.0,"key":"SMITH"},{"data":"Eruption","floor":8.0,"key":"SMITH"},{"data":"SandsOfTime","floor":15.0,"key":"SMITH"},{"data":"Judgement","floor":23,"key":"SMITH"},{"data":"Ghostly","floor":27,"key":"SMITH"},{"data":"Ghostly","floor":32,"key":"SMITH"}],"neow_cost":"CURSE","seed_source_timestamp":0,"circlet_count":0,"master_deck":["AscendersBane","Strike_P","Strike_P","Strike_P","Defend_P","Defend_P","Defend_P","Defend_P","Eruption+1","Vigilance","CrushJoints+1","FollowUp","Wallop","Pray","FearNoEvil","Crescendo","EmptyBody","EmptyFist","CutThroughFate","ClearTheMind","SandsOfTime+1","Judgement+1","RitualDagger","Ghostly+1","Ghostly","Ghostly+1","Pain","EmptyBody+1","EmptyMind","Wallop"],"special_seed":0,"relics":["PureWater","Peace Pipe","The Courier","White Beast Statue","Yang","Cursed Key","Membership Card","Meat on the Bone","Bag of Preparation","Akabeko","Lizard Tail"],"potions_floor_usage":[22,24,29,30,33],"damage_taken":[{"damage":4.0,"enemies":"Cultist","floor":1.0,"turns":5.0},{"damage":0.0,"enemies":"Small Slimes","floor":2.0,"turns":3.0},{"damage":27.0,"enemies":"3 Sentries","floor":7.0,"turns":6.0},{"damage":8.0,"enemies":"Gremlin Nob","floor":10.0,"turns":3.0},{"damage":0.0,"enemies":"2 Louse","floor":11.0,"turns":2.0},{"damage":2.0,"enemies":"3 Sentries","floor":12.0,"turns":5.0},{"damage":0.0,"enemies":"2 Fungi Beasts","floor":13.0,"turns":2.0},{"damage":0.0,"enemies":"Large Slime","floor":14.0,"turns":4.0},{"damage":4.0,"enemies":"Hexaghost","floor":16.0,"turns":9.0},{"damage":32.0,"enemies":"Shell Parasite","floor":18.0,"turns":4.0},{"damage":0.0,"enemies":"3 Byrds","floor":21.0,"turns":4.0},{"damage":24,"enemies":"Shelled Parasite and Fungi","floor":22,"turns":4},{"damage":11,"enemies":"Centurion and Healer","floor":24,"turns":5},{"damage":9,"enemies":"3 Cultists","floor":29,"turns":4},{"damage":10,"enemies":"Gremlin Leader","floor":30,"turns":9},{"damage":6,"enemies":"Snecko","floor":31,"turns":5},{"damage":88,"enemies":"Automaton","floor":33,"turns":8}],"seed_played":"2085758014339179829","potions_obtained":[{"floor":1.0,"key":"PowerPotion"},{"floor":7.0,"key":"PowerPotion"},{"floor":11.0,"key":"BottledMiracle"},{"floor":12.0,"key":"SkillPotion"},{"floor":13.0,"key":"Regen Potion"},{"floor":14.0,"key":"StancePotion"},{"floor":16.0,"key":"SkillPotion"},{"floor":18.0,"key":"AttackPotion"},{"floor":21.0,"key":"Strength Potion"},{"floor":22,"key":"DuplicationPotion"},{"floor":24,"key":"Swift Potion"},{"floor":29,"key":"Dexterity Potion"},{"floor":30,"key":"Block Potion"},{"floor":31,"key":"DuplicationPotion"}],"is_trial":false,"path_per_floor":["M","M","$","?","$","R","E","R","T","E","M","E","M","M","R","B",null,"M","$","?","M","M","R","M","?","T","R","$","M","E","M","R","B"],"character_chosen":"WATCHER","items_purchased":["Wallop","DuplicationPotion","FearNoEvil","Crescendo","Membership Card","Meat on the Bone","Akabeko"],"campfire_rested":0,"item_purchase_floors":[3,3,5,5,19,19,28],"current_hp_per_floor":[51,51,51,51,51,51,24,24,24,16,16,14,14,14,14,25,52,20,20,14,26,14,14,15,15,15,15,15,18,20,26,26,0],"gold":79,"neow_bonus":"TWO_FIFTY_GOLD","is_prod":false,"is_daily":false,"chose_seed":false,"campfire_upgraded":6,"win_rate":0,"timestamp":1569074408,"path_taken":["M","M","$","?","$","R","E","R","T","E","?","E","M","M","R","BOSS","M","$","?","M","M","R","M","?","T","R","$","M","E","M","R","BOSS"],"build_version":"2019-09-20","purchased_purges":1,"victory":false,"max_hp_per_floor":[61,61,61,61,61,61,61,61,61,61,61,61,61,61,61,61,61,61,61,61,61,61,61,61,30,30,30,30,30,30,30,30,30],"card_choices":[{"not_picked":["BattleHymn","FlyingSleeves"],"picked":"CrushJoints","floor":1.0},{"not_picked":["WaveOfTheHand","Swivel"],"picked":"FollowUp","floor":2.0},{"not_picked":["ThirdEye","CarveReality"],"picked":"EmptyBody","floor":7.0},{"not_picked":["Scrawl","Protect"],"picked":"EmptyFist","floor":10.0},{"not_picked":["Weave","CrushJoints"],"picked":"CutThroughFate","floor":11.0},{"not_picked":["SpiritShield","EmptyBody","FlyingSleeves"],"picked":"SKIP","floor":12.0},{"not_picked":["BowlingBash","FearNoEvil"],"picked":"ClearTheMind","floor":13.0},{"not_picked":["CutThroughFate","Swivel"],"picked":"SandsOfTime","floor":14.0},{"not_picked":["MasterReality","Metaphysics"],"picked":"Judgement","floor":16.0},{"not_picked":["Weave+1","Crescendo","Prostrate"],"picked":"SKIP","floor":18.0},{"not_picked":["CleanseEvil","ForeignInfluence","Prostrate"],"picked":"SKIP","floor":21.0},{"not_picked":["SpiritShield","Tantrum","InnerPeace"],"picked":"SKIP","floor":22},{"not_picked":["CleanseEvil","CrushJoints","FollowUp"],"picked":"SKIP","floor":24},{"not_picked":["Fasting","InnerPeace"],"picked":"EmptyBody+1","floor":29},{"not_picked":["Tantrum","Wallop"],"picked":"EmptyMind","floor":30},{"not_picked":["FlurryOfBlows","FollowUp"],"picked":"Wallop","floor":31}],"player_experience":1174701,"relics_obtained":[{"floor":7.0,"key":"Peace Pipe"},{"floor":9.0,"key":"The Courier"},{"floor":10.0,"key":"White Beast Statue"},{"floor":12.0,"key":"Yang"},{"floor":26,"key":"Bag of Preparation"},{"floor":30,"key":"Lizard Tail"}],"event_choices":[{"damage_healed":0.0,"max_hp_gain":0.0,"max_hp_loss":0.0,"gold_gain":0.0,"cards_transformed":["Strike_P"],"event_name":"Transmorgrifier","player_choice":"Transformed","floor":4.0,"gold_loss":0.0,"damage_taken":0.0,"cards_obtained":["Pray"]},{"damage_healed":0.0,"max_hp_gain":0.0,"max_hp_loss":0.0,"gold_gain":0.0,"event_name":"Nest","player_choice":"Joined the Cult","floor":20.0,"gold_loss":0.0,"damage_taken":6.0,"cards_obtained":["RitualDagger"]},{"damage_healed":0,"gold_gain":0,"player_choice":"Became a Ghost","damage_taken":0,"max_hp_gain":0,"max_hp_loss":31,"event_name":"Ghosts","floor":25,"gold_loss":0,"cards_obtained":["Ghostly","Ghostly","Ghostly"]}],"is_beta":true,"boss_relics":[{"not_picked":["Philosopher\u0027s Stone","Calling Bell"],"picked":"Cursed Key"}],"items_purged_floors":[3],"is_endless":false,"potions_floor_spawned":[1,7,11,12,13,14,16,18,21,22,24,29,30,31],"killed_by":"Automaton","ascension_level":20}