{"gold_per_floor":[115,133,58,71,90,120,120,120,146,177,189,189,214,226,226,226],"floor_reached":16,"playtime":2143,"items_purged":["Defend_B"],"score":201,"play_id":"5c813965-c052-4336-a21d-650ac9394116","local_time":"20190201003125","is_ascension_mode":true,"campfire_choices":[{"data":"Chill","floor":8,"key":"SMITH"},{"floor":12,"key":"REST"},{"data":"Go for the Eyes","floor":15,"key":"SMITH"}],"neow_cost":"PERCENT_DAMAGE","seed_source_timestamp":611747264285079,"circlet_count":0,"master_deck":["AscendersBane","Strike_B","Strike_B","Strike_B","Defend_B","Defend_B","Zap","Dualcast","Compile Driver","Conserve Battery","Self Repair","Chill+1","Go for the Eyes+1","Undo","Fission","Turbo"],"relics":["Cracked Core","Bronze Scales","Anchor","Dream Catcher","Nunchaku"],"potions_floor_usage":[6,13,16,16],"damage_taken":[{"damage":0,"enemies":"Cultist","floor":1,"turns":2},{"damage":2,"enemies":"2 Louse","floor":2,"turns":3},{"damage":5,"enemies":"Jaw Worm","floor":4,"turns":3},{"damage":6,"enemies":"Red Slaver","floor":5,"turns":3},{"damage":23,"enemies":"Lagavulin","floor":6,"turns":6},{"damage":11,"enemies":"Gremlin Nob","floor":10,"turns":4},{"damage":1,"enemies":"Exordium Thugs","floor":11,"turns":5},{"damage":15,"enemies":"3 Sentries","floor":13,"turns":8},{"damage":0,"enemies":"Looter","floor":14,"turns":3},{"damage":50,"enemies":"Hexaghost","floor":16,"turns":11}],"seed_played":"8018115956202751204","potions_obtained":[{"floor":4,"key":"AttackPotion"},{"floor":6,"key":"Energy Potion"},{"floor":11,"key":"Fire Potion"},{"floor":13,"key":"SteroidPotion"}],"is_trial":false,"path_per_floor":["M","M","$","M","M","E","?","R","T","E","M","R","E","M","R","B"],"character_chosen":"DEFECT","items_purchased":[],"campfire_rested":1,"item_purchase_floors":[],"current_hp_per_floor":[50,48,48,43,44,28,25,25,25,21,27,49,41,48,48,0],"gold":226,"neow_bonus":"REMOVE_TWO","is_prod":false,"is_daily":false,"chose_seed":false,"campfire_upgraded":2,"win_rate":0,"timestamp":1548999085,"path_taken":["M","M","?","M","M","E","?","R","T","E","M","R","E","M","R","BOSS"],"build_version":"2019-01-23","purchased_purges":1,"victory":false,"max_hp_per_floor":[75,75,75,75,75,75,75,75,75,75,75,75,75,75,75,75],"card_choices":[{"not_picked":["Barrage","Redo"],"picked":"Compile Driver","floor":1},{"not_picked":["Hologram","Darkness"],"picked":"Conserve Battery","floor":2},{"not_picked":["Darkness","Force Field"],"picked":"Self Repair","floor":4},{"not_picked":["Force Field","Conserve Battery","Storm"],"picked":"SKIP","floor":5},{"not_picked":["Reboot","Loop"],"picked":"Chill","floor":6},{"not_picked":["Hologram","Compile Driver"],"picked":"Go for the Eyes","floor":10},{"not_picked":["Ball Lightning","Compile Driver","Amplify"],"picked":"SKIP","floor":11},{"not_picked":["Melter","Capacitor"],"picked":"Undo","floor":12},{"not_picked":["Capacitor","Meteor Strike"],"picked":"Fission","floor":13},{"not_picked":["Self Repair","Storm"],"picked":"Turbo","floor":14}],"player_experience":2248626,"relics_obtained":[{"floor":6,"key":"Bronze Scales"},{"floor":9,"key":"Anchor"},{"floor":10,"key":"Dream Catcher"},{"floor":13,"key":"Nunchaku"}],"event_choices":[{"damage_healed":0,"gold_gain":0,"player_choice":"Fled","damage_taken":3,"max_hp_gain":0,"max_hp_loss":0,"event_name":"Scrap Ooze","floor":7,"gold_loss":0}],"is_beta":false,"boss_relics":[],"items_purged_floors":[3],"is_endless":false,"potions_floor_spawned":[4,6,11,13],"killed_by":"Hexaghost","ascension_level":13}