{"gold_per_floor":[114,189,189,41,55,83,98,98,124,158,168,168,182,196,196,196],"floor_reached":16,"playtime":892,"items_purged":[],"score":253,"play_id":"1931232a-2154-4fc0-9376-31384d703f47","local_time":"20190321201234","is_ascension_mode":true,"campfire_choices":[{"data":"Neutralize","floor":8,"key":"SMITH"},{"floor":15,"key":"REST"}],"neow_cost":"NONE","seed_source_timestamp":1649701793712821,"circlet_count":0,"master_deck":["AscendersBane","Defend_G","Defend_G","Defend_G","Defend_G","Defend_G","Strike_G","Strike_G","Strike_G","Strike_G","Strike_G","Survivor","Neutralize+1","Caltrops","Crippling Poison","Corpse Explosion","Skewer","Endless Agony","PiercingWail","Leg Sweep","PiercingWail"],"relics":["Ring of the Snake","NeowsBlessing","Pen Nib","Blood Vial","Smiling Mask","Centennial Puzzle"],"potions_floor_usage":[7,10],"damage_taken":[{"damage":0,"enemies":"2 Louse","floor":1,"turns":1},{"damage":0,"enemies":"Cultist","floor":5,"turns":1},{"damage":0,"enemies":"Gremlin Nob","floor":6,"turns":1},{"damage":4,"enemies":"Small Slimes","floor":7,"turns":5},{"damage":27,"enemies":"Lagavulin","floor":10,"turns":8},{"damage":7,"enemies":"Blue Slaver","floor":11,"turns":3},{"damage":8,"enemies":"Gremlin Gang","floor":13,"turns":3},{"damage":5,"enemies":"Exordium Wildlife","floor":14,"turns":4},{"damage":28,"enemies":"Slime Boss","floor":16,"turns":6}],"seed_played":"-5875362478204140292","potions_obtained":[{"floor":5,"key":"Ancient Potion"},{"floor":7,"key":"Ancient Potion"},{"floor":14,"key":"SpeedPotion"}],"is_trial":false,"path_per_floor":["M","?","?","?","M","E","M","R","T","E","M","?","M","M","R","B"],"character_chosen":"THE_SILENT","items_purchased":[],"campfire_rested":1,"item_purchase_floors":[],"current_hp_per_floor":[59,48,48,48,48,48,46,46,46,21,16,16,10,7,26,0],"gold":196,"neow_bonus":"THREE_ENEMY_KILL","is_prod":false,"is_daily":false,"chose_seed":false,"campfire_upgraded":1,"win_rate":0,"timestamp":1553213554,"path_taken":["M","?","?","?","M","E","M","R","T","E","?","?","M","M","R","BOSS"],"build_version":"2019-01-23","purchased_purges":0,"victory":false,"max_hp_per_floor":[66,66,66,66,66,66,66,66,66,66,66,66,66,66,66,66],"card_choices":[{"not_picked":["Acrobatics","Prepared"],"picked":"Caltrops","floor":1},{"not_picked":["Sucker Punch","Backflip"],"picked":"Crippling Poison","floor":5},{"not_picked":["Quick Slash","Escape Plan"],"picked":"Corpse Explosion","floor":6},{"not_picked":["Leg Sweep","Cloak And Dagger"],"picked":"Skewer","floor":7},{"not_picked":["Calculated Gamble","Underhanded Strike"],"picked":"Endless Agony","floor":10},{"not_picked":["Outmaneuver","Riddle With Holes"],"picked":"PiercingWail","floor":11},{"not_picked":["Deflect","Dagger Spray"],"picked":"Leg Sweep","floor":13},{"not_picked":["Accuracy","Dodge and Roll"],"picked":"PiercingWail","floor":14}],"player_experience":2405743,"relics_obtained":[{"floor":6,"key":"Blood Vial"},{"floor":9,"key":"Smiling Mask"},{"floor":10,"key":"Centennial Puzzle"}],"event_choices":[{"damage_healed":0,"gold_gain":75,"player_choice":"Gather Gold","damage_taken":11,"max_hp_gain":0,"max_hp_loss":0,"event_name":"World of Goop","floor":2,"gold_loss":0},{"damage_healed":0,"gold_gain":0,"player_choice":"Fled","damage_taken":0,"max_hp_gain":0,"max_hp_loss":0,"event_name":"Scrap Ooze","floor":3,"gold_loss":0},{"damage_healed":0,"gold_gain":0,"player_choice":"Paid Gold","damage_taken":0,"relics_obtained":["Pen Nib"],"max_hp_gain":0,"max_hp_loss":0,"event_name":"WeMeetAgain","floor":4,"gold_loss":148},{"damage_healed":0,"gold_gain":0,"player_choice":"Ignored","damage_taken":0,"max_hp_gain":0,"max_hp_loss":0,"event_name":"Liars Game","floor":12,"gold_loss":0}],"is_beta":false,"boss_relics":[],"items_purged_floors":[],"is_endless":false,"potions_floor_spawned":[5,7,14],"killed_by":"Slime Boss","ascension_level":17}