{"gold_per_floor":[117,117,129,204,21,21,52,25,48,124,124,124,124,94,94,193,193,207,227,109,109,109,109,109,109,109,31,31,42,60,79,79,79],"floor_reached":33,"playtime":1559,"items_purged":[],"score":239,"play_id":"17068dfe-5597-4e1d-8227-e0b75881393b","local_time":"20190626174940","is_ascension_mode":false,"campfire_choices":[{"floor":6,"key":"REST"},{"floor":11,"key":"REST"},{"floor":13,"key":"REST"},{"floor":15,"key":"DIG"},{"floor":23,"key":"REST"},{"floor":28,"key":"REST"},{"floor":32,"key":"REST"}],"neow_cost":"NONE","seed_source_timestamp":586959210230162,"circlet_count":0,"master_deck":["Strike_R+1","Strike_R","Strike_R+1","Strike_R","Strike_R","Defend_R","Defend_R","Defend_R","Defend_R+1","Bash","Headbutt","Second Wind","Iron Wave","Double Tap","Pommel Strike+1","Rage","Dropkick","Uppercut","Secret Weapon","Warcry","Enlightenment","Finesse","Flame Barrier","Uppercut","Sword Boomerang","Iron Wave"],"relics":["Burning Blood","Juzu Bracelet","Mercury Hourglass","Shovel","Whetstone","Darkstone Periapt","Pen Nib","Sozu","Regal Pillow"],"potions_floor_usage":[16,16,31],"damage_taken":[{"damage":0,"enemies":"Small Slimes","floor":1,"turns":3},{"damage":10,"enemies":"Jaw Worm","floor":3,"turns":4},{"damage":45,"enemies":"Lagavulin","floor":7,"turns":8},{"damage":73,"enemies":"Hexaghost","floor":16,"turns":10},{"damage":29,"enemies":"Shell Parasite","floor":18,"turns":5},{"damage":10,"enemies":"2 Thieves","floor":19,"turns":3},{"damage":37,"enemies":"Shelled Parasite and Fungi","floor":29,"turns":6},{"damage":3,"enemies":"Snake Plant","floor":30,"turns":3},{"damage":0,"enemies":"Centurion and Healer","floor":31,"turns":3},{"damage":81,"enemies":"Automaton","floor":33,"turns":6}],"seed_played":"2877838985527282317","potions_obtained":[{"floor":7,"key":"SkillPotion"},{"floor":14,"key":"FairyPotion"},{"floor":14,"key":"SkillPotion"},{"floor":16,"key":"FearPotion"}],"is_trial":false,"path_per_floor":["M","?","M","?","$","R","E","$","T","T","R","?","R","?","R","B",null,"M","M","$","?","?","R","?","?","T","$","R","M","M","M","R","B"],"character_chosen":"IRONCLAD","items_purchased":["Thinking Ahead","Anger","Dropkick","Uppercut","Flame Barrier"],"campfire_rested":6,"item_purchase_floors":[5,8,20,20,27],"current_hp_per_floor":[80,55,51,40,40,64,25,25,25,25,49,49,73,73,73,14,80,57,53,53,53,29,53,53,53,53,53,80,49,52,58,80,0],"gold":79,"neow_bonus":"RANDOM_COMMON_RELIC","is_prod":false,"is_daily":false,"chose_seed":false,"campfire_upgraded":0,"win_rate":0.0,"timestamp":1561582180,"path_taken":["M","?","M","?","$","R","E","$","T","?","R","?","R","?","R","BOSS","M","M","$","?","?","R","?","?","T","?","R","M","M","M","R","BOSS"],"build_version":"2019-01-23","purchased_purges":0,"victory":false,"max_hp_per_floor":[80,80,80,80,80,80,80,80,80,80,80,80,80,80,80,80,80,80,80,80,80,80,80,80,80,80,80,80,80,80,80,80,80],"card_choices":[{"not_picked":["Sword Boomerang","Bloodletting"],"picked":"Headbutt","floor":1},{"not_picked":["Sword Boomerang","Feel No Pain"],"picked":"Second Wind","floor":3},{"not_picked":["Rupture","Warcry"],"picked":"Iron Wave","floor":7},{"not_picked":["Feed","Juggernaut"],"picked":"Double Tap","floor":16},{"not_picked":["Power Through","Sever Soul"],"picked":"Pommel Strike+1","floor":18},{"not_picked":["True Grit+1","Body Slam"],"picked":"Rage","floor":19},{"not_picked":["Shrug It Off","Carnage"],"picked":"Uppercut","floor":29},{"not_picked":["Warcry","Flex"],"picked":"Sword Boomerang","floor":30},{"not_picked":["Searing Blow","Clash+1"],"picked":"Iron Wave","floor":31}],"player_experience":12886,"relics_obtained":[{"floor":7,"key":"Shovel"},{"floor":9,"key":"Whetstone"},{"floor":10,"key":"Darkstone Periapt"},{"floor":15,"key":"Pen Nib"},{"floor":26,"key":"Regal Pillow"}],"event_choices":[{"damage_healed":0,"gold_gain":0,"player_choice":"Success","damage_taken":25,"relics_obtained":["Mercury Hourglass"],"max_hp_gain":0,"max_hp_loss":0,"event_name":"Scrap Ooze","floor":2,"gold_loss":0},{"damage_healed":0,"gold_gain":75,"player_choice":"Gather Gold","damage_taken":11,"max_hp_gain":0,"max_hp_loss":0,"event_name":"World of Goop","floor":4,"gold_loss":0},{"damage_healed":0,"gold_gain":0,"player_choice":"Grow","damage_taken":0,"max_hp_gain":0,"max_hp_loss":0,"event_name":"Living Wall","floor":12,"gold_loss":0,"cards_upgraded":["Defend_R"]},{"damage_healed":0,"gold_gain":0,"player_choice":"Bought 2 Potions","damage_taken":0,"max_hp_gain":0,"max_hp_loss":0,"event_name":"The Woman in Blue","floor":14,"gold_loss":0},{"damage_healed":0,"gold_gain":0,"cards_transformed":["Thinking Ahead","Anger"],"player_choice":"Became Test Subject","damage_taken":0,"max_hp_gain":0,"max_hp_loss":0,"event_name":"Drug Dealer","floor":21,"gold_loss":0,"cards_obtained":["Secret Weapon","Warcry"]},{"damage_healed":0,"gold_gain":0,"player_choice":"CARD CARD ","damage_taken":24,"max_hp_gain":0,"max_hp_loss":0,"event_name":"Knowing Skull","floor":22,"potions_obtained":[],"gold_loss":0,"cards_obtained":["Enlightenment","Finesse"]},{"damage_healed":0,"gold_gain":0,"player_choice":"Ignored","damage_taken":0,"max_hp_gain":0,"max_hp_loss":0,"event_name":"Ghosts","floor":24,"gold_loss":0},{"damage_healed":0,"gold_gain":0,"player_choice":"Ignored","damage_taken":0,"max_hp_gain":0,"max_hp_loss":0,"event_name":"Vampires","floor":25,"gold_loss":0}],"is_beta":false,"boss_relics":[{"not_picked":["Astrolabe","Calling Bell"],"picked":"Sozu"}],"items_purged_floors":[],"is_endless":false,"potions_floor_spawned":[7,16,30,31],"killed_by":"Automaton","ascension_level":0}