{"gold_per_floor":[113,130,149,163,182,182,210,210,234,265,283,283,283,283,283,362,362,376,63,63,63,78,78,104,104,131,161,161,41,91,6,6,83,83,94,104,104,12,28,28,45,45,45,76,76,92,92,105,105,105],"floor_reached":50,"playtime":4202,"items_purged":["Decay"],"score":1086,"play_id":"5d9e578f-dcea-4ccb-ab17-e45613c8bac3","local_time":"20190828233852","is_ascension_mode":true,"campfire_choices":[{"data":"Bludgeon","floor":6.0,"key":"SMITH"},{"floor":15.0,"key":"REST"},{"floor":23.0,"key":"REST"},{"data":"Combust","floor":25.0,"key":"SMITH"},{"floor":32.0,"key":"REST"},{"data":"Demon Form","floor":40,"key":"SMITH"},{"data":"Pommel Strike","floor":42,"key":"SMITH"},{"floor":45,"key":"REST"},{"data":"Evolve","floor":47,"key":"SMITH"},{"data":"Clothesline","floor":49,"key":"SMITH"}],"neow_cost":"NONE","seed_source_timestamp":859445318854986,"circlet_count":0,"master_deck":["AscendersBane","Strike_R","Strike_R","Strike_R","Strike_R","Strike_R","Defend_R","Defend_R","Defend_R","Bash","Anger","Clothesline+1","Perfected Strike","Combust+1","Bludgeon+1","Wild Strike","Flame Barrier","True Grit","Immolate","Evolve+1","Apotheosis","Inflame","Shrug It Off","Combust","Rupture","Demon Form+1","Warcry+1","Twin Strike","Headbutt+1","Pommel Strike+1","Shockwave+1","Thunderclap+1","Heavy Blade+1"],"special_seed":0,"relics":["Burning Blood","Juzu Bracelet","Mummified Hand","Regal Pillow","Art of War","Strawberry","Ancient Tea Set","Snecko Eye","CultistMask","Anchor","Smiling Mask","Pen Nib","The Courier","Boot","Eternal Feather","Toxic Egg 2","Meat on the Bone"],"potions_floor_usage":[46],"damage_taken":[{"damage":7.0,"enemies":"Jaw Worm","floor":1.0,"turns":4.0},{"damage":5.0,"enemies":"Small Slimes","floor":2.0,"turns":3.0},{"damage":0.0,"enemies":"Cultist","floor":3.0,"turns":2.0},{"damage":4.0,"enemies":"Looter","floor":4.0,"turns":3.0},{"damage":16.0,"enemies":"Lots of Slimes","floor":5.0,"turns":4.0},{"damage":8.0,"enemies":"Gremlin Nob","floor":7.0,"turns":3.0},{"damage":22.0,"enemies":"Lagavulin","floor":10.0,"turns":3.0},{"damage":5.0,"enemies":"2 Fungi Beasts","floor":11.0,"turns":3.0},{"damage":52.0,"enemies":"The Guardian","floor":16.0,"turns":11.0},{"damage":14.0,"enemies":"Spheric Guardian","floor":18.0,"turns":4.0},{"damage":0.0,"enemies":"Chosen","floor":22.0,"turns":3.0},{"damage":18.0,"enemies":"Book of Stabbing","floor":24.0,"turns":3.0},{"damage":17.0,"enemies":"Slavers","floor":27.0,"turns":2.0},{"damage":62.0,"enemies":"Collector","floor":33.0,"turns":7.0},{"damage":14,"enemies":"3 Darklings","floor":35,"turns":3},{"damage":22,"enemies":"Orb Walker","floor":36,"turns":3},{"damage":5,"enemies":"Transient","floor":39,"turns":6},{"damage":6,"enemies":"4 Shapes","floor":41,"turns":3},{"damage":75,"enemies":"Nemesis","floor":44,"turns":7},{"damage":7,"enemies":"Writhing Mass","floor":46,"turns":4},{"damage":6,"enemies":"Maw","floor":48,"turns":5},{"damage":119,"enemies":"Awakened One","floor":50,"turns":8}],"seed_played":"-8810294335707194601","potions_obtained":[{"floor":2.0,"key":"GamblersBrew"},{"floor":3.0,"key":"Ancient Potion"},{"floor":4.0,"key":"Energy Potion"},{"floor":16.0,"key":"Block Potion"},{"floor":18.0,"key":"Dexterity Potion"},{"floor":22.0,"key":"Energy Potion"},{"floor":33.0,"key":"Explosive Potion"},{"floor":39,"key":"FearPotion"},{"floor":41,"key":"EssenceOfSteel"},{"floor":44,"key":"PowerPotion"}],"is_trial":false,"path_per_floor":["M","M","M","M","M","R","E","?","T","E","M","?","?","?","R","B",null,"M","$","?","?","M","R","E","R","T","E","T","$","?","?","R","B",null,"M","M","?","$","M","R","M","R","T","E","R","M","R","M","R","B"],"character_chosen":"IRONCLAD","items_purchased":["Apotheosis","Inflame","Shrug It Off","Combust","Rupture","Twin Strike"],"campfire_rested":4,"item_purchase_floors":[19,19,19,29,29,38],"current_hp_per_floor":[67,68,74,75,65,65,63,45,45,36,37,37,37,37,76,30,69,61,61,53,53,59,82,70,70,70,59,59,59,59,59,82,26,68,60,44,44,44,45,60,60,78,78,9,66,65,82,82,82,0],"gold":105,"neow_bonus":"RANDOM_COMMON_RELIC","is_prod":false,"is_daily":false,"chose_seed":false,"campfire_upgraded":6,"win_rate":0,"timestamp":1567049932,"path_taken":["M","M","M","M","M","R","E","?","T","E","M","?","?","?","R","BOSS","M","?","?","?","M","R","E","R","T","E","?","?","?","?","R","BOSS","M","M","?","$","M","R","M","R","T","E","R","M","R","M","R","BOSS"],"build_version":"2019-01-23","purchased_purges":1,"victory":false,"max_hp_per_floor":[75,75,75,75,75,75,75,75,75,82,82,82,82,82,82,82,82,82,82,82,82,82,82,82,82,82,82,82,82,82,82,82,82,82,82,82,82,82,82,82,82,82,82,82,82,82,82,82,82,82],"card_choices":[{"not_picked":["True Grit","Warcry"],"picked":"Anger","floor":1.0},{"not_picked":["Evolve","Heavy Blade"],"picked":"Clothesline","floor":2.0},{"not_picked":["Clash","Body Slam"],"picked":"Perfected Strike","floor":3.0},{"not_picked":["Body Slam","Inflame"],"picked":"Combust","floor":4.0},{"not_picked":["Anger","True Grit"],"picked":"Bludgeon","floor":5.0},{"not_picked":["Shrug It Off","Entrench"],"picked":"Wild Strike","floor":7.0},{"not_picked":["Body Slam","Wild Strike"],"picked":"Flame Barrier","floor":10.0},{"not_picked":["Body Slam","Warcry"],"picked":"True Grit","floor":11.0},{"not_picked":["Juggernaut","Dark Embrace"],"picked":"Immolate","floor":16.0},{"not_picked":["Feel No Pain+1","Flex"],"picked":"Evolve","floor":18.0},{"not_picked":["Wild Strike","Clash","Sword Boomerang"],"picked":"SKIP","floor":22.0},{"not_picked":["Second Wind","Entrench","Pommel Strike"],"picked":"SKIP","floor":24.0},{"not_picked":["Hemokinesis","Anger","Havoc"],"picked":"SKIP","floor":27.0},{"not_picked":["Limit Break","Reaper"],"picked":"Demon Form","floor":33.0},{"not_picked":["Havoc","Shrug It Off"],"picked":"Warcry+1","floor":35},{"not_picked":["Sever Soul","Seeing Red","Dual Wield"],"picked":"SKIP","floor":36},{"not_picked":["Wild Strike","Clash+1"],"picked":"Headbutt+1","floor":39},{"not_picked":["Twin Strike","Iron Wave"],"picked":"Pommel Strike","floor":41},{"not_picked":["Armaments+1","Intimidate+1"],"picked":"Shockwave+1","floor":44},{"not_picked":["Rupture","Twin Strike"],"picked":"Thunderclap+1","floor":46},{"not_picked":["Berserk","Havoc+1"],"picked":"Heavy Blade+1","floor":48}],"player_experience":2876099,"relics_obtained":[{"floor":7.0,"key":"Mummified Hand"},{"floor":9.0,"key":"Art of War"},{"floor":10.0,"key":"Strawberry"},{"floor":24.0,"key":"Anchor"},{"floor":26.0,"key":"Smiling Mask"},{"floor":27.0,"key":"Pen Nib"},{"floor":28.0,"key":"The Courier"},{"floor":43,"key":"Toxic Egg 2"},{"floor":44,"key":"Meat on the Bone"}],"event_choices":[{"damage_healed":0.0,"max_hp_gain":0.0,"max_hp_loss":0.0,"gold_gain":0.0,"event_name":"Scrap Ooze","player_choice":"Success","floor":8.0,"gold_loss":0.0,"damage_taken":18.0,"relics_obtained":["Regal Pillow"]},{"damage_healed":0.0,"max_hp_gain":0.0,"max_hp_loss":0.0,"gold_gain":0.0,"event_name":"WeMeetAgain","player_choice":"Gave Potion","floor":12.0,"gold_loss":0.0,"damage_taken":0.0,"relics_obtained":["Ancient Tea Set"]},{"damage_healed":0.0,"max_hp_gain":0.0,"max_hp_loss":0.0,"gold_gain":0.0,"event_name":"Golden Idol","player_choice":"Ignored","floor":13.0,"gold_loss":0.0,"damage_taken":0.0},{"cards_removed":["Defend_R"],"damage_healed":0.0,"max_hp_gain":0.0,"max_hp_loss":0.0,"gold_gain":0.0,"event_name":"Purifier","player_choice":"Purged","floor":14.0,"gold_loss":0.0,"damage_taken":0.0},{"damage_healed":0.0,"max_hp_gain":0.0,"max_hp_loss":0.0,"gold_gain":0.0,"event_name":"Knowing Skull","player_choice":"","floor":20.0,"potions_obtained":[],"gold_loss":0.0,"damage_taken":8.0,"cards_obtained":[]},{"damage_healed":0.0,"max_hp_gain":0.0,"max_hp_loss":0.0,"gold_gain":0.0,"event_name":"FaceTrader","player_choice":"Trade","floor":21.0,"gold_loss":0.0,"damage_taken":0.0,"relics_obtained":["CultistMask"]},{"damage_healed":0.0,"max_hp_gain":0.0,"max_hp_loss":0.0,"gold_gain":50.0,"event_name":"Nest","player_choice":"Stole From Cult","floor":30.0,"gold_loss":0.0,"damage_taken":0.0},{"damage_healed":0.0,"max_hp_gain":0.0,"max_hp_loss":0.0,"gold_gain":0.0,"event_name":"Addict","player_choice":"Obtained Relic","floor":31.0,"gold_loss":85.0,"damage_taken":0.0,"relics_obtained":["Boot"]},{"damage_healed":0,"gold_gain":0,"player_choice":"Cursed","damage_taken":0,"max_hp_gain":0,"max_hp_loss":0,"event_name":"Wheel of Change","floor":37,"gold_loss":0,"cards_obtained":["Decay"]}],"is_beta":false,"boss_relics":[{"not_picked":["Runic Cube","Runic Pyramid"],"picked":"Snecko Eye"},{"not_picked":["Black Star","Lizard Tail"],"picked":"Eternal Feather"}],"items_purged_floors":[38],"is_endless":false,"potions_floor_spawned":[2,3,4,16,18,22,33,39,41,44],"killed_by":"Awakened One","ascension_level":20}