{"gold_per_floor":[121,147,175,199,211,223,249,295,331,343],"floor_reached":10,"playtime":566,"items_purged":[],"score":77,"play_id":"483840ad-a42e-4eb9-ae89-a4c1d107a7c9","local_time":"20191005230946","is_ascension_mode":true,"campfire_choices":[{"data":"Poisoned Stab","floor":6,"key":"SMITH"}],"neow_cost":"NONE","seed_source_timestamp":534132252814500,"circlet_count":0,"master_deck":["Strike_G+1","Strike_G","Strike_G","Strike_G","Strike_G","Defend_G","Defend_G","Defend_G","Defend_G","Defend_G","Survivor","Neutralize+1","Poisoned Stab+1","Backflip","Bane","PiercingWail","Crippling Poison","Outmaneuver"],"relics":["Ring of the Snake","MawBank","Frozen Egg 2","Whetstone"],"potions_floor_usage":[10,10,10],"damage_taken":[{"damage":0,"enemies":"Cultist","floor":1,"turns":4},{"damage":4,"enemies":"Small Slimes","floor":2,"turns":3},{"damage":0,"enemies":"Jaw Worm","floor":3,"turns":4},{"damage":5,"enemies":"Exordium Wildlife","floor":4,"turns":4},{"damage":13,"enemies":"Exordium Thugs","floor":7,"turns":6},{"damage":31,"enemies":"Lagavulin","floor":8,"turns":8},{"damage":17,"enemies":"3 Sentries","floor":10,"turns":12}],"seed_played":"-4014433014384704703","potions_obtained":[{"floor":2,"key":"GhostInAJar"},{"floor":3,"key":"SteroidPotion"},{"floor":4,"key":"Dexterity Potion"},{"floor":8,"key":"SteroidPotion"}],"is_trial":false,"path_per_floor":["M","M","M","M","?","R","M","E","T","E"],"character_chosen":"THE_SILENT","items_purchased":[],"campfire_rested":0,"item_purchase_floors":[],"current_hp_per_floor":[70,66,66,61,61,61,48,17,17,0],"gold":343,"neow_bonus":"RANDOM_COMMON_RELIC","is_prod":false,"is_daily":false,"chose_seed":false,"campfire_upgraded":1,"win_rate":0,"timestamp":1570309786,"path_taken":["M","M","?","?","?","R","?","E","T","E"],"build_version":"2019-07-17","purchased_purges":0,"victory":false,"max_hp_per_floor":[70,70,70,70,70,70,70,70,70,70],"card_choices":[{"not_picked":["Bane","Sucker Punch"],"picked":"Poisoned Stab","floor":1},{"not_picked":["Catalyst","Glass Knife"],"picked":"Backflip","floor":2},{"not_picked":["Sucker Punch","Prepared"],"picked":"Bane","floor":3},{"not_picked":["Tactician","Cloak And Dagger"],"picked":"PiercingWail","floor":4},{"not_picked":["PiercingWail","Well Laid Plans"],"picked":"Crippling Poison","floor":7},{"not_picked":["A Thousand Cuts","Poisoned Stab"],"picked":"Outmaneuver","floor":8}],"player_experience":75046,"relics_obtained":[{"floor":8,"key":"Frozen Egg 2"},{"floor":9,"key":"Whetstone"}],"event_choices":[{"damage_healed":0,"gold_gain":0,"player_choice":"Ignored","damage_taken":0,"max_hp_gain":0,"max_hp_loss":0,"event_name":"Purifier","floor":5,"gold_loss":0}],"is_beta":false,"boss_relics":[],"items_purged_floors":[],"is_endless":false,"potions_floor_spawned":[2,3,4,8],"killed_by":"3 Sentries","ascension_level":2}