{"gold_per_floor":[111,71,82,92,92,92,122,122,152,184,196,9,9,22,22,118,118,136,156,156],"floor_reached":20,"playtime":1330,"items_purged":[],"score":314,"play_id":"721c74c5-4562-4966-805a-637e61748433","local_time":"20181008222309","is_ascension_mode":true,"campfire_choices":[{"data":"Zap","floor":6,"key":"SMITH"},{"data":"Dualcast","floor":8,"key":"SMITH"},{"floor":13,"key":"REST"},{"data":"Consume","floor":15,"key":"SMITH"}],"neow_cost":"","seed_source_timestamp":421366885748077,"circlet_count":0,"master_deck":["Strike_B","Strike_B","Strike_B","Strike_B","Defend_B","Defend_B","Defend_B","Defend_B","Zap+1","Dualcast+1","AscendersBane","Ball Lightning","Conserve Battery","Reboot","Gash","Defragment","Core Surge","Defragment","Sunder","Redo","Skim","Consume+1","All For One","Ball Lightning+1","Gash+1"],"relics":["Cracked Core","Pear","Dream Catcher","Tiny Chest","Boot","Eternal Feather"],"potions_floor_usage":[7,7,7,10,16,18,19],"damage_taken":[{"damage":5,"enemies":"Small Slimes","floor":1,"turns":4},{"damage":0,"enemies":"Cultist","floor":3,"turns":2},{"damage":2,"enemies":"Jaw Worm","floor":4,"turns":3},{"damage":0,"enemies":"Lagavulin","floor":7,"turns":2},{"damage":17,"enemies":"3 Sentries","floor":10,"turns":7},{"damage":28,"enemies":"Exordium Wildlife","floor":11,"turns":5},{"damage":8,"enemies":"Blue Slaver","floor":14,"turns":3},{"damage":40,"enemies":"The Guardian","floor":16,"turns":11},{"damage":20,"enemies":"Chosen","floor":18,"turns":5},{"damage":12,"enemies":"3 Byrds","floor":19,"turns":5},{"damage":37,"enemies":"Centurion and Healer","floor":20,"turns":2}],"seed_played":"2317869630693551343","potions_obtained":[{"floor":2,"key":"FocusPotion"},{"floor":2,"key":"SpeedPotion"},{"floor":2,"key":"Fire Potion"},{"floor":3,"key":"AttackPotion"},{"floor":7,"key":"Dexterity Potion"},{"floor":11,"key":"GamblersBrew"},{"floor":16,"key":"Energy Potion"},{"floor":18,"key":"SkillPotion"},{"floor":19,"key":"Fire Potion"}],"is_trial":false,"path_per_floor":["M","?","M","M","T","R","E","R","T","E","M","$","R","M","R","B",null,"M","M"],"character_chosen":"DEFECT","items_purchased":["Defragment","Sunder","Redo"],"campfire_rested":1,"item_purchase_floors":[12,12,12],"current_hp_per_floor":[63,63,63,61,71,71,71,71,71,54,26,26,51,43,43,3,65,45,33,0],"gold":156,"neow_bonus":"","is_prod":false,"is_daily":false,"chose_seed":false,"campfire_upgraded":3,"win_rate":0,"timestamp":1539051789,"path_taken":["M","?","M","M","?","R","E","R","T","E","?","$","R","M","R","BOSS","M","M","M"],"build_version":"2018-10-04v2","purchased_purges":0,"victory":false,"max_hp_per_floor":[75,75,75,75,85,85,85,85,85,85,85,85,85,85,85,85,85,85,85,85],"card_choices":[{"not_picked":["Compile Driver","Beam Cell"],"picked":"Ball Lightning","floor":1},{"not_picked":["Force Field","Streamline"],"picked":"Conserve Battery","floor":3},{"not_picked":["Hello World","Fusion"],"picked":"Reboot","floor":4},{"not_picked":["Leap","Hologram"],"picked":"Gash","floor":7},{"not_picked":["Turbo","Skim"],"picked":"Defragment","floor":10},{"not_picked":["Aggregate","Barrage"],"picked":"Core Surge","floor":11},{"not_picked":["Cold Snap","Sunder"],"picked":"Skim","floor":13},{"not_picked":["Barrage","Genetic Algorithm"],"picked":"Consume","floor":14},{"not_picked":["Buffer","Creative AI"],"picked":"All For One","floor":16},{"not_picked":["Reprogram","Glacier"],"picked":"Ball Lightning+1","floor":18},{"not_picked":["Compile Driver","Storm"],"picked":"Gash+1","floor":19}],"player_experience":1817484,"relics_obtained":[{"floor":5,"key":"Pear"},{"floor":7,"key":"Dream Catcher"},{"floor":9,"key":"Tiny Chest"},{"floor":10,"key":"Boot"}],"event_choices":[{"event_name":"The Woman in Blue","player_choice":"Bought 3 Potions","floor":2,"damage_taken":0}],"is_beta":false,"boss_relics":[{"not_picked":["Black Star","Empty Cage"],"picked":"Eternal Feather"}],"items_purged_floors":[],"is_endless":false,"potions_floor_spawned":[3,7,11,16,18,19],"killed_by":"Centurion and Healer","ascension_level":10}