{"gold_per_floor":[115,115,76,76,151,182,182,217,217,230,264,284,310,325,325,400,400,416,416,172,190,90,90,124,124,124,158,158,158,173,204,204,283,283,299,1,18,29,47,76,76,101,101,101,101,136,136,4,4,4,4,4,4,32,32],"floor_reached":55,"playtime":9248,"items_purged":["Defend_P","Strike_P","Strike_P","Defend_P"],"score":1690,"play_id":"83447f43-0d25-4ce2-bd64-1d54eedafe27","local_time":"20190916222027","is_ascension_mode":true,"campfire_choices":[{"data":"SandsOfTime","floor":7.0,"key":"SMITH"},{"data":"Collect","floor":15.0,"key":"SMITH"},{"data":"Devotion","floor":23.0,"key":"SMITH"},{"data":"Adaptation","floor":25.0,"key":"SMITH"},{"data":"Worship","floor":28.0,"key":"SMITH"},{"data":"MasterReality","floor":32.0,"key":"SMITH"},{"data":"MentalFortress","floor":41,"key":"SMITH"},{"data":"SandsOfTime","floor":45,"key":"SMITH"},{"floor":49,"key":"RECALL"},{"data":"MentalFortress","floor":52,"key":"SMITH"}],"neow_cost":"NONE","seed_source_timestamp":0,"circlet_count":0,"master_deck":["AscendersBane","Defend_P","Eruption","Vigilance","SandsOfTime+1","SandsOfTime+1","Adaptation+1","FearNoEvil+1","Collect+1","DeceiveReality","CutThroughFate+1","EmptyMind","MasterReality+1","EmptyBody","Devotion+1","BowlingBash+1","ClearTheMind","CutThroughFate+1","Worship+1","Crescendo","Wallop+1","Vengeance","MentalFortress+1","CutThroughFate+1","FearNoEvil+1","EmptyMind","MentalFortress+1","Wallop+1"],"special_seed":0,"relics":["PureWater","NeowsBlessing","Molten Egg 2","WingedGreaves","HornCleat","Calipers","Bag of Marbles","Philosopher\u0027s Stone","Lizard Tail","Kunai","Matryoshka","Orichalcum","Snecko Eye","Membership Card","Melange","Gambling Chip","Pantograph","White Beast Statue","Thread and Needle"],"potions_floor_usage":[42,54,55,55],"damage_taken":[{"damage":0.0,"enemies":"Small Slimes","floor":1.0,"turns":2.0},{"damage":0.0,"enemies":"Gremlin Nob","floor":6.0,"turns":1.0},{"damage":0.0,"enemies":"3 Sentries","floor":8.0,"turns":1.0},{"damage":0.0,"enemies":"Cultist","floor":10.0,"turns":2.0},{"damage":4.0,"enemies":"Gremlin Nob","floor":11.0,"turns":3.0},{"damage":2.0,"enemies":"2 Louse","floor":12.0,"turns":3.0},{"damage":3.0,"enemies":"Lagavulin","floor":13.0,"turns":4.0},{"damage":0.0,"enemies":"2 Fungi Beasts","floor":14.0,"turns":2.0},{"damage":12.0,"enemies":"The Guardian","floor":16.0,"turns":8.0},{"damage":0.0,"enemies":"Spheric Guardian","floor":18.0,"turns":5.0},{"damage":4.0,"enemies":"Shell Parasite","floor":21.0,"turns":4.0},{"damage":8.0,"enemies":"Book of Stabbing","floor":24.0,"turns":5.0},{"damage":7.0,"enemies":"Gremlin Leader","floor":27.0,"turns":4.0},{"damage":5.0,"enemies":"Snake Plant","floor":29.0,"turns":2.0},{"damage":14.0,"enemies":"Centurion and Healer","floor":30.0,"turns":4.0},{"damage":0.0,"enemies":"Slavers","floor":31.0,"turns":2.0},{"damage":12.0,"enemies":"Champ","floor":33.0,"turns":11.0},{"damage":0.0,"enemies":"3 Darklings","floor":35.0,"turns":3.0},{"damage":0.0,"enemies":"3 Shapes","floor":37.0,"turns":5.0},{"damage":7.0,"enemies":"Spire Growth","floor":38.0,"turns":4.0},{"damage":0.0,"enemies":"Maw","floor":39.0,"turns":4.0},{"damage":5,"enemies":"Nemesis","floor":40,"turns":7},{"damage":0,"enemies":"Giant Head","floor":42,"turns":5},{"damage":0,"enemies":"Reptomancer","floor":46,"turns":6},{"damage":20,"enemies":"Time Eater","floor":50,"turns":10},{"damage":14,"enemies":"Shield and Spear","floor":54,"turns":5},{"damage":95,"enemies":"The Heart","floor":55,"turns":6}],"seed_played":"2812347404421880414","potions_obtained":[{"floor":1.0,"key":"Poison Potion"},{"floor":6.0,"key":"AttackPotion"},{"floor":12.0,"key":"SmokeBomb"},{"floor":13.0,"key":"Dexterity Potion"},{"floor":16.0,"key":"Strength Potion"},{"floor":24.0,"key":"AttackPotion"},{"floor":30.0,"key":"Explosive Potion"},{"floor":37.0,"key":"Fire Potion"},{"floor":38.0,"key":"FearPotion"},{"floor":46,"key":"SpeedPotion"},{"floor":54,"key":"PowerPotion"}],"is_trial":false,"path_per_floor":["M","?","$","?","?","E","R","E","T","M","E","M","E","M","R","B",null,"M","?","$","M","$","R","E","R","T","E","R","M","M","E","R","B",null,"M","$","M","M","M","E","R","E","T","?","R","E","?","$","R","B",null,"R","$","E","B"],"character_chosen":"WATCHER","items_purchased":["SandsOfTime","Devotion","BowlingBash+1","ClearTheMind","Membership Card","MentalFortress","Strength Potion","EmptyMind","MentalFortress"],"campfire_rested":0,"item_purchase_floors":[3,20,20,20,36,36,36,48,48],"current_hp_per_floor":[55,55,55,55,44,44,44,44,44,44,40,38,35,35,35,23,52,52,52,52,48,48,48,40,40,40,33,33,28,14,14,14,2,46,46,46,46,39,39,34,34,34,34,34,34,34,34,34,34,38,53,53,53,39,0],"gold":32,"neow_bonus":"THREE_ENEMY_KILL","is_prod":false,"is_daily":false,"chose_seed":false,"campfire_upgraded":9,"win_rate":0,"timestamp":1568629227,"path_taken":["M","?","?","?","?","E","R","E","T","M","E","M","E","M","R","BOSS","M","?","$","M","?","R","E","R","T","E","R","M","M","E","R","BOSS","M","$","M","M","?","E","R","E","T","?","R","E","?","?","R","BOSS","R","$","E","BOSS"],"build_version":"2019-09-12","purchased_purges":4,"victory":false,"max_hp_per_floor":[61,61,61,61,61,61,61,61,61,61,61,61,61,61,61,61,61,61,61,61,61,61,61,61,61,61,61,61,61,61,61,61,61,61,61,61,61,61,61,61,61,61,61,58,58,58,58,58,58,58,58,58,58,58,58],"card_choices":[{"not_picked":["Wireheading","Consecrate"],"picked":"EmptyBody","floor":1.0},{"not_picked":["WindmillStrike","CutThroughFate"],"picked":"Adaptation","floor":6.0},{"not_picked":["Weave+1","Metaphysics","Fasting"],"picked":"SKIP","floor":8.0},{"not_picked":["Weave+1","Metaphysics","Fasting"],"picked":"SKIP","floor":8.0},{"not_picked":["ClearTheMind","Evaluate"],"picked":"FearNoEvil+1","floor":10.0},{"not_picked":["Prostrate","Weave+1"],"picked":"Collect","floor":11.0},{"not_picked":["FlyingSleeves+1","Sanctity"],"picked":"DeceiveReality","floor":12.0},{"not_picked":["Tantrum+1","FlyingSleeves+1"],"picked":"CutThroughFate+1","floor":13.0},{"not_picked":["Halt","Sanctity"],"picked":"EmptyMind","floor":14.0},{"not_picked":["SignatureMove+1","BattleHymn"],"picked":"MasterReality","floor":16.0},{"not_picked":["FollowUp+1","EmptyMind"],"picked":"EmptyBody","floor":18.0},{"not_picked":["PathToVictory","FlyingSleeves+1"],"picked":"CutThroughFate+1","floor":21.0},{"not_picked":["Alpha","Prostrate"],"picked":"Worship","floor":24.0},{"not_picked":["Collect","Protect"],"picked":"Crescendo","floor":27.0},{"not_picked":["EmptyBody","FollowUp+1","CrushJoints+1"],"picked":"SKIP","floor":30.0},{"not_picked":["PathToVictory","MasterReality","CutThroughFate+1"],"picked":"SKIP","floor":31.0},{"not_picked":["SignatureMove+1","DeusExMachina"],"picked":"Wallop+1","floor":33.0},{"not_picked":["BowlingBash+1","FlyingSleeves+1"],"picked":"Vengeance","floor":35.0},{"not_picked":["Consecrate+1","Nirvana","Perseverance+1"],"picked":"SKIP","floor":37.0},{"not_picked":["TalkToTheHand+1","Evaluate","FollowUp+1"],"picked":"SKIP","floor":38.0},{"not_picked":["EmptyBody","Fasting+1","CutThroughFate+1"],"picked":"SKIP","floor":39.0},{"not_picked":["EmptyBody","Fasting+1"],"picked":"CutThroughFate+1","floor":39.0},{"not_picked":["JustLucky+1","FlyingSleeves+1"],"picked":"FearNoEvil+1","floor":40},{"not_picked":["FlyingSleeves+1","Vengeance","Sanctity"],"picked":"SKIP","floor":42},{"not_picked":["Swivel+1","FollowUp+1","Prostrate"],"picked":"SKIP","floor":46},{"not_picked":["ClearTheMind","Weave+1"],"picked":"Wallop+1","floor":54}],"player_experience":1115738,"relics_obtained":[{"floor":6.0,"key":"Molten Egg 2"},{"floor":8.0,"key":"WingedGreaves"},{"floor":9.0,"key":"HornCleat"},{"floor":11.0,"key":"Calipers"},{"floor":13.0,"key":"Bag of Marbles"},{"floor":24.0,"key":"Lizard Tail"},{"floor":26.0,"key":"Kunai"},{"floor":27.0,"key":"Matryoshka"},{"floor":31.0,"key":"Orichalcum"},{"floor":40,"key":"Melange"},{"floor":42,"key":"Gambling Chip"},{"floor":43,"key":"Pantograph"},{"floor":46,"key":"White Beast Statue"},{"floor":54,"key":"Thread and Needle"}],"event_choices":[{"damage_healed":0.0,"max_hp_gain":0.0,"max_hp_loss":0.0,"gold_gain":0.0,"cards_transformed":["Defend_P"],"event_name":"Transmorgrifier","player_choice":"Transformed","floor":2.0,"gold_loss":0.0,"damage_taken":0.0,"cards_obtained":["SandsOfTime"]},{"cards_removed":["Strike_P"],"damage_healed":0.0,"max_hp_gain":0.0,"max_hp_loss":0.0,"gold_gain":0.0,"event_name":"Living Wall","player_choice":"Forget","floor":4.0,"gold_loss":0.0,"damage_taken":0.0},{"damage_healed":0.0,"max_hp_gain":0.0,"max_hp_loss":0.0,"gold_gain":75.0,"event_name":"World of Goop","player_choice":"Gather Gold","floor":5.0,"gold_loss":0.0,"damage_taken":11.0},{"cards_removed":["Strike_P"],"damage_healed":0.0,"max_hp_gain":0.0,"max_hp_loss":0.0,"gold_gain":0.0,"event_name":"Bonfire Elementals","player_choice":"Offered Basic","floor":19.0,"gold_loss":0.0,"damage_taken":0.0},{"damage_healed":0,"gold_gain":0,"player_choice":"Max HP","damage_taken":0,"max_hp_gain":0,"max_hp_loss":3,"event_name":"Winding Halls","floor":44,"gold_loss":0},{"cards_removed":["EmptyBody"],"damage_healed":0,"gold_gain":0,"player_choice":"Removed Skill","damage_taken":0,"max_hp_gain":0,"max_hp_loss":0,"event_name":"Falling","floor":47,"gold_loss":0}],"is_beta":true,"boss_relics":[{"not_picked":["Black Star","Empty Cage"],"picked":"Philosopher\u0027s Stone"},{"not_picked":["SlaversCollar","Cursed Key"],"picked":"Snecko Eye"}],"items_purged_floors":[20,22,36,48],"is_endless":false,"potions_floor_spawned":[1,6,12,13,16,18,24,27,30,37,38,39,40,46,54],"killed_by":"The Heart","ascension_level":16}