{"gold_per_floor":[114,114,31,46,46,46,46,79,102,102,114,114,114,144,144,246,246,212,225,225],"floor_reached":20,"playtime":3711,"items_purged":[],"score":198,"play_id":"046b6dc8-b562-4053-96f2-7bbb5a90b9dd","local_time":"20190907190356","is_ascension_mode":true,"campfire_choices":[{"floor":6,"key":"RECALL"},{"floor":10,"key":"REST"},{"floor":13,"key":"REST"},{"floor":15,"key":"REST"}],"neow_cost":"NONE","seed_source_timestamp":36131290698295,"circlet_count":0,"master_deck":["Strike_G","Strike_G","Strike_G","Strike_G+1","Defend_G+1","Defend_G","Defend_G+1","Defend_G","Defend_G","Survivor","Neutralize","Noxious Fumes","Terror+1","Slice","Poisoned Stab","Quick Slash","Dash","Bouncing Flask","Malaise","Backstab","Masterful Stab"],"relics":["Ring of the Snake","Juzu Bracelet","Blood Vial","War Paint","WristBlade"],"potions_floor_usage":[],"damage_taken":[{"damage":4,"enemies":"Cultist","floor":1,"turns":5},{"damage":0,"enemies":"2 Louse","floor":4,"turns":4},{"damage":32,"enemies":"Lagavulin","floor":8,"turns":7},{"damage":0,"enemies":"Small Slimes","floor":11,"turns":2},{"damage":13,"enemies":"3 Sentries","floor":14,"turns":8},{"damage":18,"enemies":"The Guardian","floor":16,"turns":9},{"damage":28,"enemies":"2 Thieves","floor":18,"turns":5},{"damage":7,"enemies":"Shell Parasite","floor":19,"turns":7},{"damage":18,"enemies":"Centurion and Healer","floor":20,"turns":3}],"seed_played":"9136157973685455388","potions_obtained":[{"floor":1,"key":"Explosive Potion"},{"floor":11,"key":"Energy Potion"},{"floor":18,"key":"Explosive Potion"}],"is_trial":false,"path_per_floor":["M","?","$","M","?","R","?","E","T","R","M","?","R","E","R","B",null,"M","M","M"],"character_chosen":"THE_SILENT","items_purchased":["Terror","Slice"],"campfire_rested":3,"item_purchase_floors":[3,3],"current_hp_per_floor":[66,66,66,66,52,52,69,37,37,58,60,60,67,54,67,49,67,39,34,18],"gold":225,"neow_bonus":"RANDOM_COMMON_RELIC","is_prod":false,"is_daily":false,"chose_seed":false,"campfire_upgraded":0,"win_rate":0,"timestamp":1567893836,"path_taken":["M","?","?","M","?","R","?","E","T","R","M","?","R","E","R","BOSS","M","M","M"],"build_version":"2019-07-17","purchased_purges":0,"victory":false,"max_hp_per_floor":[70,70,70,70,70,70,70,70,70,70,70,67,67,67,67,67,67,67,67,67],"card_choices":[{"not_picked":["Terror","Acrobatics"],"picked":"Noxious Fumes","floor":1},{"not_picked":["Dagger Throw","Flechettes"],"picked":"Poisoned Stab","floor":4},{"not_picked":["Leg Sweep","Acrobatics"],"picked":"Quick Slash","floor":8},{"not_picked":["Bane","Masterful Stab"],"picked":"Dash","floor":11},{"not_picked":["Caltrops","Heel Hook"],"picked":"Bouncing Flask","floor":14},{"not_picked":["Grand Finale","Venomology"],"picked":"Malaise","floor":16},{"not_picked":["Dagger Throw","Underhanded Strike"],"picked":"Backstab","floor":18},{"not_picked":["Poisoned Stab","Bane"],"picked":"Masterful Stab","floor":19}],"player_experience":393153,"relics_obtained":[{"floor":8,"key":"Blood Vial"},{"floor":14,"key":"War Paint"}],"event_choices":[{"cards_removed":["Strike_G"],"damage_healed":0,"gold_gain":0,"player_choice":"Offered Basic","damage_taken":0,"max_hp_gain":0,"max_hp_loss":0,"event_name":"Bonfire Elementals","floor":2,"gold_loss":0},{"damage_healed":0,"gold_gain":0,"player_choice":"Entered Light","damage_taken":14,"max_hp_gain":0,"max_hp_loss":0,"event_name":"Shining Light","floor":5,"gold_loss":0,"cards_upgraded":["Strike_G","Defend_G"]},{"damage_healed":17,"gold_gain":0,"player_choice":"Healed and dodged fight","damage_taken":0,"max_hp_gain":0,"max_hp_loss":0,"event_name":"Mushrooms","floor":7,"gold_loss":0,"cards_obtained":["Parasite"]},{"cards_removed":["Parasite"],"damage_healed":0,"gold_gain":0,"player_choice":"Purged","damage_taken":0,"max_hp_gain":0,"max_hp_loss":0,"event_name":"Purifier","floor":12,"gold_loss":0}],"is_beta":false,"boss_relics":[{"not_picked":["Fusion Hammer","Ring of the Serpent"],"picked":"WristBlade"}],"items_purged_floors":[],"is_endless":false,"potions_floor_spawned":[1,11,18],"killed_by":"Centurion and Healer","ascension_level":2}