{"gold_per_floor":[117,130,31,45,60,60,60,60,60,73,100,20,20,20,20,122,122,138,138,63,77,89,115,115,127,180,205,205,205,218,246,246,342,342,359,459,459,559,138,138,138,138,164,193,209,244,244,257,257,257,257,257,1,1],"floor_reached":54,"playtime":4123,"items_purged":["Strike_B","Defend_B"],"score":768,"play_id":"5629cb17-24c0-4cfd-b749-175e2eb3f67f","local_time":"20191015233352","is_ascension_mode":true,"campfire_choices":[{"data":"Zap","floor":6,"key":"SMITH"},{"floor":13,"key":"DIG"},{"floor":15,"key":"DIG"},{"data":"White Noise","floor":24,"key":"SMITH"},{"data":"Fission","floor":29,"key":"SMITH"},{"data":"Chaos","floor":32,"key":"SMITH"},{"data":"Echo Form","floor":40,"key":"SMITH"},{"data":"Apotheosis","floor":42,"key":"SMITH"},{"data":"Seek","floor":47,"key":"SMITH"},{"floor":49,"key":"RECALL"},{"floor":52,"key":"DIG"}],"neow_cost":"NONE","seed_source_timestamp":265727942214900,"circlet_count":0,"master_deck":["Strike_B","Strike_B","Defend_B","Defend_B","Zap+1","Dualcast","Conserve Battery","Ball Lightning","Cold Snap","Go for the Eyes+1","Ball Lightning+1","Gash","Skim","Glacier","Echo Form+1","Hologram+1","J.A.X.","Compile Driver+1","Go for the Eyes+1","White Noise+1","Chaos+1","Fission+1","Rebound+1","Rainbow","Hologram","Auto Shields","Madness","Madness","Apotheosis+1","Seek+1","Self Repair","Gash"],"relics":["Cracked Core","NeowsBlessing","Symbiotic Virus","Mercury Hourglass","Shovel","Lantern","Regal Pillow","Coffee Dripper","Pocketwatch","Tiny Chest","Red Mask","Pen Nib","Eternal Feather","WingedGreaves","PreservedInsect","Whetstone","Blue Candle","Pantograph","Medical Kit"],"potions_floor_usage":[16,16,16,23,27,33,50,54],"damage_taken":[{"damage":0,"enemies":"Small Slimes","floor":1,"turns":1},{"damage":0,"enemies":"Jaw Worm","floor":2,"turns":1},{"damage":0,"enemies":"2 Louse","floor":4,"turns":1},{"damage":0,"enemies":"Large Slime","floor":5,"turns":4},{"damage":8,"enemies":"Blue Slaver","floor":10,"turns":2},{"damage":2,"enemies":"Gremlin Nob","floor":11,"turns":3},{"damage":14,"enemies":"Slime Boss","floor":16,"turns":10},{"damage":0,"enemies":"Chosen","floor":18,"turns":3},{"damage":14,"enemies":"3 Byrds","floor":21,"turns":3},{"damage":1,"enemies":"Centurion and Healer","floor":22,"turns":5},{"damage":14,"enemies":"Gremlin Leader","floor":23,"turns":6},{"damage":6,"enemies":"Shelled Parasite and Fungi","floor":25,"turns":4},{"damage":0,"enemies":"Masked Bandits","floor":27,"turns":4},{"damage":0,"enemies":"Sentry and Sphere","floor":30,"turns":3},{"damage":17,"enemies":"Book of Stabbing","floor":31,"turns":5},{"damage":20,"enemies":"Automaton","floor":33,"turns":9},{"damage":0,"enemies":"3 Shapes","floor":35,"turns":2},{"damage":28,"enemies":"Mind Bloom Boss Battle","floor":36,"turns":6},{"damage":23,"enemies":"Reptomancer","floor":44,"turns":5},{"damage":3,"enemies":"Orb Walker","floor":45,"turns":4},{"damage":3,"enemies":"Giant Head","floor":46,"turns":5},{"damage":27,"enemies":"Spire Growth","floor":48,"turns":4},{"damage":25,"enemies":"Time Eater","floor":50,"turns":14},{"damage":104,"enemies":"Shield and Spear","floor":54,"turns":6}],"seed_played":"8750120354796891203","potions_obtained":[{"floor":2,"key":"Strength Potion"},{"floor":4,"key":"Weak Potion"},{"floor":5,"key":"SkillPotion"},{"floor":16,"key":"Strength Potion"},{"floor":22,"key":"SkillPotion"},{"floor":25,"key":"SpeedPotion"},{"floor":27,"key":"FocusPotion"},{"floor":35,"key":"Regen Potion"},{"floor":36,"key":"PowerPotion"}],"is_trial":false,"path_per_floor":["M","M","$","M","M","R","?","?","T","M","E","$","R","?","R","B",null,"M","?","?","M","M","E","R","M","T","?","T","R","M","E","R","B",null,"M","?","?","?","$","R","$","R","T","E","M","E","R","M","R","B",null,"R","$","E"],"character_chosen":"DEFECT","items_purchased":["Cold Snap","Glacier","Apotheosis","Seek","Self Repair","Medical Kit","Gash"],"campfire_rested":0,"item_purchase_floors":[3,12,39,39,39,53,53],"current_hp_per_floor":[75,75,75,75,75,75,68,68,68,60,58,58,58,58,58,44,75,75,75,75,61,60,46,46,40,40,40,40,40,40,23,23,3,75,75,47,38,38,38,56,56,74,74,61,58,65,75,55,73,58,75,75,75,0],"gold":1,"neow_bonus":"THREE_ENEMY_KILL","is_prod":false,"is_daily":false,"chose_seed":false,"campfire_upgraded":7,"win_rate":0,"timestamp":1571153632,"path_taken":["M","M","$","M","M","R","?","?","T","M","E","?","R","?","R","BOSS","M","?","?","M","M","E","R","M","T","?","?","R","M","E","R","BOSS","M","?","?","?","$","R","$","R","T","E","M","E","R","?","R","BOSS","R","$","E"],"build_version":"2019-07-17","purchased_purges":2,"victory":false,"max_hp_per_floor":[75,75,75,75,75,75,75,75,75,75,75,75,75,75,75,75,75,75,75,75,75,75,75,75,75,75,75,75,75,75,75,75,75,75,75,75,75,75,75,75,75,75,75,75,75,75,75,75,75,75,75,75,75,75],"card_choices":[{"not_picked":["Steam","Sunder"],"picked":"Conserve Battery","floor":1},{"not_picked":["Barrage","Lockon"],"picked":"Ball Lightning","floor":2},{"not_picked":["Compile Driver","Reinforced Body"],"picked":"Go for the Eyes","floor":4},{"not_picked":["Stack","Chill"],"picked":"Ball Lightning","floor":5},{"not_picked":["Sunder","Loop"],"picked":"Gash","floor":10},{"not_picked":["Rip and Tear","Hyperbeam"],"picked":"Skim","floor":11},{"not_picked":["Meteor Strike","Machine Learning"],"picked":"Echo Form","floor":16},{"not_picked":["Rebound","Heatsinks"],"picked":"Hologram+1","floor":18},{"not_picked":["Sweeping Beam","Barrage"],"picked":"Compile Driver+1","floor":21},{"not_picked":["Sweeping Beam","Auto Shields"],"picked":"Go for the Eyes+1","floor":22},{"not_picked":["Ball Lightning","BootSequence"],"picked":"White Noise","floor":23},{"not_picked":["Streamline+1","Go for the Eyes+1"],"picked":"Chaos","floor":25},{"not_picked":["Ball Lightning","Doom and Gloom"],"picked":"Fission","floor":27},{"not_picked":["Gash+1","Steam+1"],"picked":"Rebound+1","floor":30},{"not_picked":["Streamline","Compile Driver","Reboot"],"picked":"SKIP","floor":31},{"not_picked":["Buffer","Hyperbeam"],"picked":"Rainbow","floor":33},{"not_picked":["Stack","Turbo"],"picked":"Hologram","floor":35},{"not_picked":["Chill+1","Streamline+1"],"picked":"Auto Shields","floor":36},{"not_picked":["Doom and Gloom","Compile Driver","Streamline+1"],"picked":"SKIP","floor":44},{"not_picked":["Hologram","Conserve Battery+1","Beam Cell+1"],"picked":"SKIP","floor":45},{"not_picked":["Creative AI","Redo","Streamline"],"picked":"SKIP","floor":46},{"not_picked":["Stack+1","Barrage","Rip and Tear+1"],"picked":"SKIP","floor":48}],"player_experience":191425,"relics_obtained":[{"floor":9,"key":"Mercury Hourglass"},{"floor":11,"key":"Shovel"},{"floor":13,"key":"Lantern"},{"floor":15,"key":"Regal Pillow"},{"floor":23,"key":"Pocketwatch"},{"floor":26,"key":"Tiny Chest"},{"floor":27,"key":"Red Mask"},{"floor":31,"key":"Pen Nib"},{"floor":36,"key":"WingedGreaves"},{"floor":43,"key":"PreservedInsect"},{"floor":44,"key":"Whetstone"},{"floor":46,"key":"Blue Candle"},{"floor":52,"key":"Pantograph"}],"event_choices":[{"cards_removed":["Strike_B"],"damage_healed":0,"gold_gain":0,"player_choice":"Card Removal","damage_taken":7,"max_hp_gain":0,"max_hp_loss":0,"event_name":"Golden Wing","floor":7,"gold_loss":0},{"damage_healed":0,"gold_gain":0,"player_choice":"Box","damage_taken":0,"relics_obtained":["Symbiotic Virus"],"max_hp_gain":0,"max_hp_loss":0,"event_name":"Big Fish","floor":8,"gold_loss":0,"cards_obtained":["Regret"]},{"cards_removed":["Regret"],"damage_healed":0,"gold_gain":0,"player_choice":"Forget","damage_taken":0,"max_hp_gain":0,"max_hp_loss":0,"event_name":"Living Wall","floor":14,"gold_loss":0},{"damage_healed":0,"gold_gain":0,"player_choice":"Obtain J.A.X.","damage_taken":0,"max_hp_gain":0,"max_hp_loss":0,"event_name":"Drug Dealer","floor":19,"gold_loss":0,"cards_obtained":["J.A.X."]},{"cards_removed":["Defend_B"],"damage_healed":0,"gold_gain":0,"player_choice":"Gave Gold","damage_taken":0,"max_hp_gain":0,"max_hp_loss":0,"event_name":"Beggar","floor":20,"gold_loss":75},{"damage_healed":0,"gold_gain":0,"player_choice":"Fought Bandits","damage_taken":0,"max_hp_gain":0,"max_hp_loss":0,"event_name":"Masked Bandits","floor":27,"gold_loss":0},{"damage_healed":0,"gold_gain":0,"player_choice":"Fight","damage_taken":0,"max_hp_gain":0,"max_hp_loss":0,"event_name":"MindBloom","floor":36,"gold_loss":0},{"damage_healed":0,"gold_gain":0,"player_choice":"Embrace Madness","damage_taken":9,"max_hp_gain":0,"max_hp_loss":0,"event_name":"Winding Halls","floor":37,"gold_loss":0,"cards_obtained":["Madness","Madness"]},{"damage_healed":0,"gold_gain":100,"player_choice":"Pray","damage_taken":0,"max_hp_gain":0,"max_hp_loss":0,"event_name":"Golden Shrine","floor":38,"gold_loss":0}],"is_beta":false,"boss_relics":[{"not_picked":["Runic Pyramid","Nuclear Battery"],"picked":"Coffee Dripper"},{"not_picked":["Orrery","Calling Bell"],"picked":"Eternal Feather"}],"items_purged_floors":[3,39],"is_endless":false,"potions_floor_spawned":[2,4,5,16,22,25,27,35,36],"killed_by":"Shield and Spear","ascension_level":1}