{"path_per_floor":["M","?","?","?","$","E","R","?","T","R","$","R","M","M","R","B",null,"M","M","M","?","M","R","E"],"character_chosen":"DEFECT","items_purchased":["Auto Shields"],"gold_per_floor":[109,109,109,109,34,64,64,64,64,64,26,26,40,59,59,164,164,132,152,169,169,186,186,215,215],"floor_reached":25,"campfire_rested":2,"playtime":2346,"item_purchase_floors":[11],"current_hp_per_floor":[75,75,60,57,57,39,61,61,61,61,61,61,61,55,55,11,75,47,45,23,23,18,40,1,0],"items_purged":["Defend_B"],"gold":215,"score":230,"play_id":"c2374598-ccfe-49be-aff6-4efa83b0a1e3","local_time":"20180611221930","is_prod":false,"is_daily":false,"chose_seed":false,"is_ascension_mode":true,"campfire_upgraded":3,"win_rate":0.0,"timestamp":1528769970,"campfire_choices":[{"floor":7,"key":"REST"},{"data":"Defragment","floor":10,"key":"SMITH"},{"data":"Double Energy","floor":12,"key":"SMITH"},{"data":"Double Energy","floor":15,"key":"SMITH"},{"floor":23,"key":"REST"}],"path_taken":["M","?","?","?","?","E","R","?","T","R","$","R","M","M","R","BOSS","M","?","M","?","?","R","E","M"],"build_version":"2018-06-07v3","seed_source_timestamp":933457129344898,"purchased_purges":1,"victory":false,"master_deck":["Strike_B","Strike_B","Strike_B","Defend_B+1","Defend_B","Defend_B","Zap+1","Dualcast+1","Double Energy+1","Defragment+1","Good Instincts","Auto Shields","Double Energy+1","Skim","Thunder Strike","Pain","Pain","Injury","Reinforced Body","Defragment","Scrape","Beam Cell+1","Heatsinks","Multi-Cast","Normality","Streamline","Lockon","Melter"],"max_hp_per_floor":[75,75,75,75,75,75,75,75,75,75,75,75,75,75,75,75,75,75,75,75,75,75,75,75,75],"relics":["Cracked Core","Pen Nib","Orichalcum","Du-Vu Doll","Calling Bell","Lantern","Smiling Mask","Prayer Wheel","Question Card","Bottled Tornado"],"card_choices":[{"not_picked":["Ball Lightning","Compile Driver"],"picked":"Double Energy","floor":1},{"not_picked":["Barrage","Turbo"],"picked":"Defragment","floor":6},{"not_picked":["BootSequence","Beam Cell"],"picked":"Double Energy","floor":13},{"not_picked":["Streamline","Force Field"],"picked":"Skim","floor":14},{"not_picked":["Biased Cognition","Fission"],"picked":"Thunder Strike","floor":16},{"not_picked":["FTL+1","Sweeping Beam+1"],"picked":"Reinforced Body","floor":18},{"not_picked":["Steam Power","Force Field"],"picked":"Defragment","floor":18},{"not_picked":["Streamline","Turbo"],"picked":"Scrape","floor":19},{"not_picked":["Stack+1","Turbo+1"],"picked":"Beam Cell+1","floor":19},{"not_picked":["Steam","Stack+1"],"picked":"Heatsinks","floor":20},{"not_picked":["Steam","Ball Lightning"],"picked":"Multi-Cast","floor":20},{"not_picked":["Coolheaded","Lockon","Rebound"],"picked":"Streamline","floor":22},{"not_picked":["Turbo","Stack+1","Hologram"],"picked":"Lockon","floor":22},{"not_picked":["Stack","Gash","Reinforced Body"],"picked":"Melter","floor":24}],"player_experience":582850,"potions_floor_usage":[20,22],"damage_taken":[{"damage":0,"enemies":"Small Slimes","floor":1,"turns":3},{"damage":18,"enemies":"Lagavulin","floor":6,"turns":7},{"damage":0,"enemies":"Cultist","floor":13,"turns":3},{"damage":6,"enemies":"Jaw Worm","floor":14,"turns":3},{"damage":44,"enemies":"The Guardian","floor":16,"turns":14},{"damage":28,"enemies":"2 Thieves","floor":18,"turns":5},{"damage":2,"enemies":"Chosen","floor":19,"turns":5},{"damage":22,"enemies":"Snake Plant","floor":20,"turns":3},{"damage":5,"enemies":"Cultist and Chosen","floor":22,"turns":5},{"damage":39,"enemies":"Slavers","floor":24,"turns":5},{"damage":2,"enemies":"Centurion and Healer","floor":25,"turns":1}],"relics_obtained":[{"floor":6,"key":"Orichalcum"},{"floor":9,"key":"Du-Vu Doll"},{"floor":17,"key":"Lantern"},{"floor":17,"key":"Smiling Mask"},{"floor":17,"key":"Prayer Wheel"},{"floor":24,"key":"Bottled Tornado"}],"event_choices":[{"event_name":"Bonfire Elementals","player_choice":"BASIC","floor":2,"damage_taken":0},{"event_name":"Shining Light","player_choice":"Entered Light","floor":3,"damage_taken":0},{"event_name":"Scrap Ooze","player_choice":"success","floor":4,"damage_taken":3},{"event_name":"Match and Keep!","player_choice":"1 cards matched","floor":8,"damage_taken":0},{"event_name":"Accursed Blacksmith","player_choice":"Rummage","floor":21,"damage_taken":0}],"boss_relics":[{"not_picked":["Philosopher\u0027s Stone","Runic Dome"],"picked":"Calling Bell"}],"items_purged_floors":[5],"potions_floor_spawned":[16,20,22,24],"seed_played":"-6229269555923765525","killed_by":"Centurion and Healer","ascension_level":1,"potions_obtained":[{"floor":16,"key":"Ancient Potion"},{"floor":20,"key":"Explosive Potion"},{"floor":22,"key":"Strength Potion"},{"floor":24,"key":"SteroidPotion"}],"is_trial":false}