{"gold_per_floor":[109,109,109,124,89,115,135,135,185,198,273,293,307,318,318,423,423,435,455,14,14,14],"floor_reached":22,"playtime":1085,"items_purged":[],"score":224,"play_id":"8ea16711-8bba-47ea-8157-8a5ac1616358","local_time":"20190823091101","is_ascension_mode":true,"campfire_choices":[{"data":"Infinite Blades","floor":8,"key":"SMITH"},{"floor":15,"key":"REST"}],"neow_cost":"NONE","seed_source_timestamp":513024136624617,"circlet_count":0,"master_deck":["Strike_G+1","Strike_G","Strike_G","Strike_G","Strike_G","Defend_G","Defend_G","Defend_G","Defend_G","Defend_G","Survivor","Blade Dance+1","Deadly Poison","Infinite Blades+1","Quick Slash","Choke","Slice","Corpse Explosion","Backflip+1","Flying Knee+1","Envenom+1","Choke+1","Endless Agony","Infinite Blades","Slice","J.A.X."],"relics":["Ring of the Snake","NeowsBlessing","Regal Pillow","Smiling Mask","Astrolabe","Snake Skull","Medical Kit"],"potions_floor_usage":[10,13,14,16,18],"damage_taken":[{"damage":0,"enemies":"Small Slimes","floor":1,"turns":1},{"damage":0,"enemies":"Jaw Worm","floor":4,"turns":1},{"damage":0,"enemies":"3 Sentries","floor":6,"turns":1},{"damage":1,"enemies":"2 Louse","floor":7,"turns":2},{"damage":2,"enemies":"Large Slime","floor":10,"turns":6},{"damage":2,"enemies":"Blue Slaver","floor":12,"turns":4},{"damage":0,"enemies":"2 Fungi Beasts","floor":13,"turns":2},{"damage":4,"enemies":"Large Slime","floor":14,"turns":4},{"damage":59,"enemies":"Slime Boss","floor":16,"turns":10},{"damage":29,"enemies":"Spheric Guardian","floor":18,"turns":5},{"damage":5,"enemies":"Chosen","floor":19,"turns":4},{"damage":37,"enemies":"Centurion and Healer","floor":22,"turns":4}],"seed_played":"-7337829924134705358","potions_obtained":[{"floor":6,"key":"Block Potion"},{"floor":7,"key":"Fire Potion"},{"floor":10,"key":"Ancient Potion"},{"floor":13,"key":"Explosive Potion"},{"floor":16,"key":"LiquidBronze"},{"floor":18,"key":"GamblersBrew"}],"is_trial":false,"path_per_floor":["M","?","?","M","?","E","M","R","T","M","?","M","M","M","R","B",null,"M","M","$","?","M"],"character_chosen":"THE_SILENT","items_purchased":["Snake Skull","Medical Kit","Infinite Blades","Slice"],"campfire_rested":1,"item_purchase_floors":[20,20,20,20],"current_hp_per_floor":[70,56,56,56,70,70,69,69,69,67,56,54,54,50,70,11,70,41,36,36,36,0],"gold":14,"neow_bonus":"THREE_ENEMY_KILL","is_prod":false,"is_daily":false,"chose_seed":false,"campfire_upgraded":1,"win_rate":0,"timestamp":1566562261,"path_taken":["M","?","?","?","?","E","M","R","T","M","?","M","M","M","R","BOSS","M","M","$","?","M"],"build_version":"2019-07-17","purchased_purges":0,"victory":false,"max_hp_per_floor":[70,70,70,70,70,70,70,70,70,70,70,70,70,70,70,70,70,70,70,70,70,70],"card_choices":[{"not_picked":["Dodge and Roll","Poisoned Stab"],"picked":"Blade Dance","floor":1},{"not_picked":["Deflect","Heel Hook"],"picked":"Deadly Poison","floor":4},{"not_picked":["Skewer","Dagger Spray"],"picked":"Infinite Blades","floor":6},{"not_picked":["Expertise","Reflex"],"picked":"Flechettes","floor":7},{"not_picked":["Skewer","Acrobatics"],"picked":"Quick Slash","floor":10},{"not_picked":["Finisher","Outmaneuver"],"picked":"Choke","floor":12},{"not_picked":["Backflip","Flechettes"],"picked":"Slice","floor":13},{"not_picked":["Endless Agony","Dagger Throw"],"picked":"Corpse Explosion","floor":14},{"not_picked":["Adrenaline","Doppelganger"],"picked":"Phantasmal Killer","floor":16},{"not_picked":["Reflex","Flying Knee"],"picked":"Choke+1","floor":18},{"not_picked":["Concentrate","Leg Sweep"],"picked":"Endless Agony","floor":19}],"player_experience":338426,"relics_obtained":[{"floor":6,"key":"Regal Pillow"},{"floor":9,"key":"Smiling Mask"}],"event_choices":[{"damage_healed":0,"gold_gain":0,"player_choice":"Entered Light","damage_taken":14,"max_hp_gain":0,"max_hp_loss":0,"event_name":"Shining Light","floor":2,"gold_loss":0,"cards_upgraded":["Strike_G","Blade Dance"]},{"damage_healed":0,"gold_gain":0,"player_choice":"Ignored","damage_taken":0,"max_hp_gain":0,"max_hp_loss":0,"event_name":"Golden Wing","floor":3,"gold_loss":0},{"damage_healed":17,"gold_gain":0,"player_choice":"Healed","damage_taken":0,"max_hp_gain":0,"max_hp_loss":0,"event_name":"The Cleric","floor":5,"gold_loss":35},{"damage_healed":0,"gold_gain":75,"player_choice":"Gather Gold","damage_taken":11,"max_hp_gain":0,"max_hp_loss":0,"event_name":"World of Goop","floor":11,"gold_loss":0},{"damage_healed":0,"gold_gain":0,"player_choice":"Obtain J.A.X.","damage_taken":0,"max_hp_gain":0,"max_hp_loss":0,"event_name":"Drug Dealer","floor":21,"gold_loss":0,"cards_obtained":["J.A.X."]}],"is_beta":false,"boss_relics":[{"not_picked":["Empty Cage","Coffee Dripper"],"picked":"Astrolabe"}],"items_purged_floors":[],"is_endless":false,"potions_floor_spawned":[6,7,10,13,16,18],"killed_by":"Centurion and Healer","ascension_level":1}