{"gold_per_floor":[112,112,12,12,27,27,54,66,78,116,128,215,245,274,286,401,413,414,445,457,485,497],"floor_reached":22,"playtime":1595,"items_purged":[],"score":291,"play_id":"a31c0fb4-064f-42a7-b1c5-67659b66cc3e","local_time":"20180929191545","is_ascension_mode":true,"campfire_choices":[{"floor":6,"key":"REST"},{"floor":8,"key":"REST"},{"floor":11,"key":"REST"},{"floor":15,"key":"REST"}],"neow_cost":"","seed_source_timestamp":327860970868495,"circlet_count":0,"master_deck":["Defend_G","Defend_G","Defend_G","Defend_G","Defend_G","Strike_G","Strike_G","Strike_G","Strike_G","Survivor","Neutralize","AscendersBane","Sucker Punch","Deadly Poison","Footwork","Bane","Well Laid Plans","Bouncing Flask","Skewer","Outmaneuver","Burst","Cloak And Dagger","Slice","Burst","All Out Attack"],"relics":["Ring of the Snake","MawBank","Mercury Hourglass","Oddly Smooth Stone","WristBlade"],"potions_floor_usage":[16,16,18,22],"damage_taken":[{"damage":0,"enemies":"Jaw Worm","floor":1,"turns":6},{"damage":3,"enemies":"Small Slimes","floor":5,"turns":4},{"damage":40,"enemies":"Gremlin Nob","floor":7,"turns":6},{"damage":22,"enemies":"3 Sentries","floor":10,"turns":8},{"damage":0,"enemies":"Cultist","floor":13,"turns":3},{"damage":0,"enemies":"Exordium Thugs","floor":14,"turns":3},{"damage":18,"enemies":"Slime Boss","floor":16,"turns":10},{"damage":20,"enemies":"2 Thieves","floor":18,"turns":4},{"damage":10,"enemies":"Spheric Guardian","floor":19,"turns":6},{"damage":0,"enemies":"Chosen and Byrds","floor":21,"turns":5},{"damage":35,"enemies":"Snake Plant","floor":22,"turns":4}],"seed_played":"-1998235292231043391","potions_obtained":[{"floor":10,"key":"GamblersBrew"},{"floor":13,"key":"Energy Potion"},{"floor":14,"key":"Explosive Potion"},{"floor":19,"key":"SteroidPotion"}],"is_trial":false,"path_per_floor":["M","?","$","?","M","R","E","R","T","E","R","?","M","M","R","B",null,"M","M","?","M"],"character_chosen":"THE_SILENT","items_purchased":["Deadly Poison","Footwork"],"campfire_rested":4,"item_purchase_floors":[3,3],"current_hp_per_floor":[63,63,63,56,53,70,30,51,51,29,50,39,39,39,60,42,63,43,33,33,33,0],"gold":497,"neow_bonus":"","is_prod":false,"is_daily":false,"chose_seed":false,"campfire_upgraded":0,"win_rate":0,"timestamp":1538262945,"path_taken":["M","?","$","?","M","R","E","R","T","E","R","?","M","?","R","BOSS","M","M","?","?","M"],"build_version":"2018-08-23v2","purchased_purges":0,"victory":false,"max_hp_per_floor":[70,70,70,70,70,70,70,70,70,70,70,70,70,70,70,70,70,70,70,70,70,70],"card_choices":[{"not_picked":["PiercingWail","Cloak And Dagger"],"picked":"Sucker Punch","floor":1},{"not_picked":["Finisher","Dagger Throw"],"picked":"Bane","floor":5},{"not_picked":["PiercingWail","Bane"],"picked":"Well Laid Plans","floor":7},{"not_picked":["Slice","Phantasmal Killer"],"picked":"Bouncing Flask","floor":10},{"not_picked":["Sucker Punch","Finisher"],"picked":"Skewer","floor":13},{"not_picked":["Flying Knee","Bane"],"picked":"Outmaneuver","floor":14},{"not_picked":["Night Terror","Doppelganger"],"picked":"Burst","floor":16},{"not_picked":["Poisoned Stab+1","Reflex"],"picked":"Cloak And Dagger","floor":18},{"not_picked":["Riddle With Holes","Accuracy"],"picked":"Slice","floor":19},{"not_picked":["Quick Slash","PiercingWail"],"picked":"All Out Attack","floor":21}],"player_experience":1784864,"relics_obtained":[{"floor":7,"key":"MawBank"},{"floor":9,"key":"Mercury Hourglass"},{"floor":10,"key":"Oddly Smooth Stone"}],"event_choices":[{"event_name":"Shining Light","player_choice":"Ignored","floor":2,"damage_taken":0},{"event_name":"Golden Wing","player_choice":"Card Removal","floor":4,"damage_taken":0},{"event_name":"World of Goop","player_choice":"Gather Gold","floor":12,"damage_taken":0},{"event_name":"Duplicator","player_choice":"One dupe","floor":20,"damage_taken":0}],"is_beta":false,"boss_relics":[{"not_picked":["HoveringKite","Runic Dome"],"picked":"WristBlade"}],"items_purged_floors":[],"is_endless":false,"potions_floor_spawned":[10,13,14,19],"killed_by":"Snake Plant","ascension_level":10}