{"gold_per_floor":[114,128,128,138,62,62,96,106,106,136,166,177,177,75,75,179,179,198,213,229,279,279,308,308,308,308,78,78,109,127,93,93,93],"floor_reached":33,"playtime":3859,"items_purged":["Defend_B"],"score":352,"play_id":"b11564df-876f-4f38-a1b2-c1673031a168","local_time":"20180731231958","is_ascension_mode":true,"campfire_choices":[{"data":"Go for the Eyes","floor":6,"key":"SMITH"},{"data":"Sunder","floor":13,"key":"SMITH"},{"data":"Hyperbeam","floor":15,"key":"SMITH"},{"data":"Skim","floor":25,"key":"SMITH"},{"floor":28,"key":"REST"},{"floor":32,"key":"REST"}],"neow_cost":"","seed_source_timestamp":83382138434567,"circlet_count":0,"master_deck":["Strike_B","Strike_B","Strike_B","Strike_B","Defend_B","Defend_B","Defend_B","Zap","Dualcast","Go for the Eyes+1","Self Repair","Melter","Self Repair","Ball Lightning","Steam","Reboot","Hyperbeam+1","Sunder+1","Turbo","Beam Cell","Fission","Sweeping Beam+1","Turbo","Beam Cell","Leap+1","Skim+1","Electrodynamics","Stack","Bandage Up","Reinforced Body","Go for the Eyes+1","Self Repair"],"relics":["Cracked Core","Omamori","Sundial","Blue Candle","Potion Belt","Prayer Wheel","Nuclear Battery","Bag of Preparation","Molten Egg 2","Thread and Needle"],"potions_floor_usage":[7,8,16,29,33],"damage_taken":[{"damage":1,"enemies":"Small Slimes","floor":1,"turns":3},{"damage":2,"enemies":"Jaw Worm","floor":2,"turns":4},{"damage":0,"enemies":"2 Louse","floor":4,"turns":2},{"damage":22,"enemies":"3 Sentries","floor":7,"turns":6},{"damage":7,"enemies":"Looter","floor":8,"turns":3},{"damage":18,"enemies":"Lagavulin","floor":10,"turns":8},{"damage":5,"enemies":"Gremlin Gang","floor":12,"turns":4},{"damage":42,"enemies":"Hexaghost","floor":16,"turns":9},{"damage":0,"enemies":"Spheric Guardian","floor":18,"turns":2},{"damage":10,"enemies":"2 Thieves","floor":19,"turns":3},{"damage":44,"enemies":"Chosen and Byrds","floor":20,"turns":6},{"damage":26,"enemies":"Gremlin Leader","floor":23,"turns":7},{"damage":43,"enemies":"Book of Stabbing","floor":29,"turns":6},{"damage":0,"enemies":"3 Cultists","floor":30,"turns":1},{"damage":91,"enemies":"Champ","floor":33,"turns":10}],"seed_played":"-6116223588597650975","potions_obtained":[{"floor":2,"key":"Fire Potion"},{"floor":7,"key":"Poison Potion"},{"floor":10,"key":"SpeedPotion"},{"floor":20,"key":"PowerPotion"},{"floor":23,"key":"Fire Potion"},{"floor":29,"key":"SkillPotion"}],"is_trial":false,"path_per_floor":["M","M","?","M","$","R","E","M","T","E","?","M","R","$","R","B",null,"M","M","M","?","?","E","?","R","T","$","R","E","M","$","R"],"character_chosen":"DEFECT","items_purchased":["Self Repair","Turbo","Beam Cell","Stack","Bandage Up","Self Repair"],"campfire_rested":2,"item_purchase_floors":[5,14,14,27,27,31],"current_hp_per_floor":[74,72,69,75,75,75,67,67,67,63,63,72,72,72,72,44,75,75,75,45,45,70,58,58,58,58,58,75,50,54,54,75,0],"gold":93,"neow_bonus":"","is_prod":false,"is_daily":false,"chose_seed":false,"campfire_upgraded":4,"win_rate":0,"timestamp":1533093598,"path_taken":["M","M","?","M","$","R","E","M","T","E","?","M","R","?","R","BOSS","M","M","M","?","?","E","?","R","T","$","R","E","M","$","R","BOSS"],"build_version":"2018-07-26","purchased_purges":1,"victory":false,"max_hp_per_floor":[75,75,75,75,75,75,75,75,75,75,75,75,75,75,75,75,75,75,75,75,75,75,75,75,75,75,75,75,75,75,75,75,75],"card_choices":[{"not_picked":["Barrage","Ball Lightning"],"picked":"Go for the Eyes","floor":1},{"not_picked":["Barrage","Hello World"],"picked":"Self Repair","floor":2},{"not_picked":["Streamline","Coolheaded"],"picked":"Melter","floor":4},{"not_picked":["Consume","Force Field"],"picked":"Ball Lightning","floor":7},{"not_picked":["Compile Driver","Redo"],"picked":"Steam","floor":8},{"not_picked":["Steam","Barrage"],"picked":"Reboot","floor":10},{"not_picked":["Compile Driver","Stack"],"picked":"Hyperbeam","floor":12},{"not_picked":["Beam Cell","Go for the Eyes"],"picked":"Sunder","floor":12},{"not_picked":["Rainbow","Creative AI"],"picked":"Fission","floor":16},{"not_picked":["Rebound","Streamline"],"picked":"Sweeping Beam+1","floor":18},{"not_picked":["Heatsinks+1","Force Field"],"picked":"Turbo","floor":18},{"not_picked":["Rip and Tear","Sweeping Beam"],"picked":"Beam Cell","floor":19},{"not_picked":["Turbo","Cold Snap","Sweeping Beam"],"picked":"SKIP","floor":19},{"not_picked":["Coolheaded","Rip and Tear"],"picked":"Leap+1","floor":20},{"not_picked":["Compile Driver+1","Hello World+1"],"picked":"Skim","floor":20},{"not_picked":["Stack","Steam Power"],"picked":"Electrodynamics","floor":23},{"not_picked":["Gash+1","Coolheaded","Blizzard+1"],"picked":"SKIP","floor":29},{"not_picked":["Steam Power","Sweeping Beam+1"],"picked":"Reinforced Body","floor":30},{"not_picked":["Recycle","Coolheaded"],"picked":"Go for the Eyes+1","floor":30}],"player_experience":1411205,"relics_obtained":[{"floor":7,"key":"Sundial"},{"floor":9,"key":"Blue Candle"},{"floor":10,"key":"Potion Belt"},{"floor":23,"key":"Bag of Preparation"},{"floor":26,"key":"Molten Egg 2"},{"floor":29,"key":"Thread and Needle"}],"event_choices":[{"event_name":"Scrap Ooze","player_choice":"success","floor":3,"damage_taken":3},{"event_name":"Dead Adventurer","player_choice":"Searched \u00272\u0027 times","floor":11,"damage_taken":0},{"event_name":"The Joust","player_choice":"Bet on Murderer","floor":21,"damage_taken":0},{"event_name":"The Library","player_choice":"Heal","floor":22,"damage_taken":0},{"event_name":"Ghosts","player_choice":"Ignored","floor":24,"damage_taken":0}],"is_beta":false,"boss_relics":[{"not_picked":["Philosopher\u0027s Stone","Coffee Dripper"],"picked":"Nuclear Battery"}],"items_purged_floors":[27],"is_endless":false,"potions_floor_spawned":[2,7,10,20,23,29],"killed_by":"Champ","ascension_level":4}