{"gold_per_floor":[110,110,127,10,30,30,57,77,156,185,202,231,243,254,254,325,325,336,336,32,89,89,89,152,203,203,254,254,310,310,326,326,426,426,466,506,566,86,86],"floor_reached":39,"playtime":4314,"items_purged":["Strike_P","Defend_P"],"score":976,"play_id":"e1bab0e0-0359-4a04-9d61-94b3a5a8bab3","local_time":"20191002202117","is_ascension_mode":true,"campfire_choices":[{"data":"Eruption","floor":6,"key":"SMITH"},{"data":"SashWhip","floor":15,"key":"SMITH"},{"data":"HandOfGreed","floor":23,"key":"SMITH"},{"data":"Ghostly","floor":28,"key":"SMITH"},{"data":"Ghostly","floor":32,"key":"SMITH"}],"neow_cost":"NONE","seed_source_timestamp":3172756613797,"circlet_count":0,"master_deck":["AscendersBane","Strike_P","Strike_P","Defend_P+1","Defend_P+1","Defend_P","Eruption+1","Vigilance","SandsOfTime","EmptyBody","Fasting","DeceiveReality","Consecrate","CrushJoints","DeceiveReality","SashWhip+1","Nirvana","CutThroughFate","Establishment","CutThroughFate","Eruption+1","HandOfGreed+1","ThirdEye","Ghostly","Ghostly+1","Ghostly+1","Halt+1","Blasphemy","EmptyBody+1","Wireheading","SandsOfTime","Devotion"],"relics":["PureWater","Calipers","Meat on the Bone","Omamori","Eternal Feather","Runic Pyramid","Turnip","Mercury Hourglass","Gremlin Horn","CaptainsWheel","Sozu","Bottled Tornado"],"potions_floor_usage":[8,12,12,14,25],"damage_taken":[{"damage":0,"enemies":"2 Louse","floor":1,"turns":2},{"damage":0,"enemies":"Small Slimes","floor":3,"turns":2},{"damage":0,"enemies":"Cultist","floor":5,"turns":3},{"damage":20,"enemies":"3 Sentries","floor":7,"turns":5},{"damage":0,"enemies":"Large Slime","floor":8,"turns":6},{"damage":0,"enemies":"Lagavulin","floor":10,"turns":4},{"damage":7,"enemies":"3 Louse","floor":11,"turns":4},{"damage":8,"enemies":"Gremlin Nob","floor":12,"turns":3},{"damage":11,"enemies":"Lots of Slimes","floor":13,"turns":4},{"damage":0,"enemies":"Gremlin Gang","floor":14,"turns":5},{"damage":14,"enemies":"The Guardian","floor":16,"turns":12},{"damage":4,"enemies":"Spheric Guardian","floor":18,"turns":3},{"damage":24,"enemies":"2 Thieves","floor":21,"turns":5},{"damage":14,"enemies":"Centurion and Healer","floor":24,"turns":8},{"damage":11,"enemies":"Book of Stabbing","floor":25,"turns":5},{"damage":20,"enemies":"Slavers","floor":27,"turns":4},{"damage":18,"enemies":"Gremlin Leader","floor":29,"turns":7},{"damage":1,"enemies":"Snecko","floor":31,"turns":3},{"damage":5,"enemies":"Collector","floor":33,"turns":11},{"damage":0,"enemies":"3 Shapes","floor":35,"turns":3},{"damage":7,"enemies":"3 Darklings","floor":36,"turns":5},{"damage":5,"enemies":"4 Shapes","floor":37,"turns":7},{"damage":23,"enemies":"Transient","floor":39,"turns":1}],"seed_played":"9137779957253914061","potions_obtained":[{"floor":1,"key":"AttackPotion"},{"floor":7,"key":"Regen Potion"},{"floor":11,"key":"StancePotion"},{"floor":12,"key":"Swift Potion"},{"floor":21,"key":"StancePotion"},{"floor":25,"key":"SpeedPotion"},{"floor":31,"key":"Swift Potion"}],"is_trial":false,"path_per_floor":["M","?","M","$","M","R","E","M","T","E","M","E","M","M","R","B",null,"M","?","$","M","?","R","M","E","T","E","R","E","?","M","R","B",null,"M","M","M","$","M"],"character_chosen":"WATCHER","items_purchased":["Fasting","DeceiveReality","HandOfGreed","ThirdEye","SandsOfTime","Bottled Tornado","Devotion"],"campfire_rested":0,"item_purchase_floors":[4,4,20,20,38,38,38],"current_hp_per_floor":[61,41,41,41,41,41,21,36,36,36,41,45,46,46,58,44,62,58,58,58,46,34,34,20,21,21,13,28,22,34,33,34,29,33,33,26,21,21,0],"gold":86,"neow_bonus":"REMOVE_CARD","is_prod":false,"is_daily":false,"chose_seed":false,"campfire_upgraded":5,"win_rate":0,"timestamp":1570000877,"path_taken":["M","?","M","$","M","R","E","M","T","E","M","E","M","M","R","BOSS","M","?","$","?","?","R","M","E","T","E","R","E","?","M","R","BOSS","M","?","M","$","M"],"build_version":"2019-10-01","purchased_purges":2,"victory":false,"max_hp_per_floor":[68,68,68,68,68,68,68,68,68,68,68,68,68,68,68,68,68,68,68,68,68,34,34,34,34,34,34,34,34,34,34,34,34,34,34,34,34,34,34],"card_choices":[{"not_picked":["ThirdEye","Consecrate"],"picked":"SandsOfTime","floor":1},{"not_picked":["ClearTheMind","Protect"],"picked":"EmptyBody","floor":3},{"not_picked":["JustLucky","FlowState","BattleHymn"],"picked":"SKIP","floor":5},{"not_picked":["Collect","Prostrate"],"picked":"Consecrate","floor":7},{"not_picked":["ClearTheMind","BowlingBash"],"picked":"CrushJoints","floor":8},{"not_picked":["FollowUp","Weave"],"picked":"DeceiveReality","floor":10},{"not_picked":["CutThroughFate","Prostrate"],"picked":"SashWhip","floor":11},{"not_picked":["MasterReality","FlurryOfBlows","Protect"],"picked":"SKIP","floor":12},{"not_picked":["BattleHymn","Weave"],"picked":"Nirvana","floor":13},{"not_picked":["Conclude","CarveReality"],"picked":"CutThroughFate","floor":14},{"not_picked":["Vault","Omniscience"],"picked":"Establishment","floor":16},{"not_picked":["ReachHeaven","ForeignInfluence"],"picked":"CutThroughFate","floor":18},{"not_picked":["Fasting","CrushJoints","CarveReality"],"picked":"SKIP","floor":21},{"not_picked":["FollowUp","Conclude"],"picked":"Halt+1","floor":24},{"not_picked":["MasterReality","EmptyBody"],"picked":"Blasphemy","floor":25},{"not_picked":["Consecrate","MentalFortress","FlyingSleeves"],"picked":"SKIP","floor":27},{"not_picked":["Consecrate","ReachHeaven","EmptyFist"],"picked":"SKIP","floor":29},{"not_picked":["Prostrate","Weave+1"],"picked":"EmptyBody+1","floor":31},{"not_picked":["Consecrate","Worship","SpiritShield"],"picked":"SKIP","floor":35},{"not_picked":["EmptyFist","CutThroughFate","Scrawl+1"],"picked":"SKIP","floor":36},{"not_picked":["Consecrate","Fasting"],"picked":"Wireheading","floor":37}],"player_experience":1401835,"relics_obtained":[{"floor":7,"key":"Calipers"},{"floor":9,"key":"Meat on the Bone"},{"floor":10,"key":"Omamori"},{"floor":12,"key":"Eternal Feather"},{"floor":25,"key":"Turnip"},{"floor":26,"key":"Mercury Hourglass"},{"floor":27,"key":"Gremlin Horn"},{"floor":29,"key":"CaptainsWheel"}],"event_choices":[{"damage_healed":0,"gold_gain":0,"player_choice":"Entered Light","damage_taken":20,"max_hp_gain":0,"max_hp_loss":0,"event_name":"Shining Light","floor":2,"gold_loss":0,"cards_upgraded":["Defend_P","Defend_P"]},{"damage_healed":0,"gold_gain":0,"player_choice":"Copied","damage_taken":0,"max_hp_gain":0,"max_hp_loss":0,"event_name":"Duplicator","floor":19,"gold_loss":0,"cards_obtained":["Eruption"]},{"damage_healed":0,"gold_gain":0,"player_choice":"Became a Ghost","damage_taken":0,"max_hp_gain":0,"max_hp_loss":34,"event_name":"Ghosts","floor":22,"gold_loss":0,"cards_obtained":["Ghostly","Ghostly","Ghostly"]},{"damage_healed":12,"gold_gain":0,"player_choice":"Full Heal","damage_taken":0,"max_hp_gain":0,"max_hp_loss":0,"event_name":"Wheel of Change","floor":30,"gold_loss":0}],"is_beta":true,"boss_relics":[{"not_picked":["Snecko Eye","Cursed Key"],"picked":"Runic Pyramid"},{"not_picked":["Astrolabe","Empty Cage"],"picked":"Sozu"}],"items_purged_floors":[20,38],"is_endless":false,"potions_floor_spawned":[1,7,11,12,21,25,31],"killed_by":"Transient","ascension_level":20}