{"gold_per_floor":[114,33,33,48,223,223,238,268,280,307,349,361,403,430,442,554,566,593,605,617,644,358,358,388,388,438,438,453,453,281,281,281,281],"floor_reached":33,"playtime":2266,"items_purged":["Doubt"],"score":356,"play_id":"d14eb505-2b8b-483a-80a1-cf130c392a19","local_time":"20191010214938","daily_mods":["SealedDeck","Diverse","Lethality"],"is_ascension_mode":false,"campfire_choices":[{"data":"Well Laid Plans","floor":6,"key":"SMITH"},{"data":"Conserve Battery","floor":12,"key":"SMITH"},{"data":"Hologram","floor":15,"key":"SMITH"},{"data":"Armaments","floor":23,"key":"SMITH"},{"data":"Limit Break","floor":25,"key":"SMITH"},{"data":"Conserve Battery","floor":27,"key":"SMITH"},{"data":"Entrench","floor":29,"key":"SMITH"},{"data":"Heavy Blade","floor":32,"key":"SMITH"}],"neow_cost":"","seed_source_timestamp":0,"circlet_count":0,"master_deck":["Seeing Red+1","Headbutt","Headbutt","Rebound","Turbo+1","Stack","Heavy Blade+1","Pommel Strike","Well Laid Plans+1","Crippling Poison","Inflame","Entrench+1","Leap","Deflect","Conserve Battery+1","Dual Wield","Hologram+1","Coolheaded","Limit Break+1","Bite","Bite","Bite","Bite","Bite","Dash+1","Conserve Battery+1","Armaments+1","Aggregate+1","Go for the Eyes+1","Shrug It Off"],"special_seed":18179,"relics":["Burning Blood","MawBank","War Paint","Omamori","Question Card","Velvet Choker","MutagenicStrength","Blood Vial","Strawberry","Anchor","Happy Flower"],"potions_floor_usage":[8,13,13,33],"damage_taken":[{"damage":0,"enemies":"Cultist","floor":1,"turns":2},{"damage":0,"enemies":"Small Slimes","floor":4,"turns":2},{"damage":0,"enemies":"2 Louse","floor":7,"turns":2},{"damage":23,"enemies":"Lagavulin","floor":8,"turns":4},{"damage":15,"enemies":"Blue Slaver","floor":10,"turns":2},{"damage":0,"enemies":"Gremlin Nob","floor":11,"turns":2},{"damage":0,"enemies":"Lagavulin","floor":13,"turns":2},{"damage":16,"enemies":"Red Slaver","floor":14,"turns":2},{"damage":50,"enemies":"The Guardian","floor":16,"turns":10},{"damage":12,"enemies":"Shell Parasite","floor":18,"turns":3},{"damage":12,"enemies":"Chosen","floor":21,"turns":3},{"damage":43,"enemies":"Slavers","floor":24,"turns":4},{"damage":20,"enemies":"Snake Plant","floor":28,"turns":4},{"damage":48,"enemies":"Automaton","floor":33,"turns":6}],"seed_played":"1808118435216149927","potions_obtained":[{"floor":1,"key":"Weak Potion"},{"floor":10,"key":"Swift Potion"},{"floor":11,"key":"FearPotion"},{"floor":18,"key":"GamblersBrew"},{"floor":24,"key":"Block Potion"},{"floor":28,"key":"Explosive Potion"}],"is_trial":false,"path_per_floor":["M","$","?","M","?","R","M","E","T","M","E","R","E","M","R","B",null,"M","?","?","M","$","R","E","R","T","R","M","R","$","?","R","B"],"character_chosen":"IRONCLAD","items_purchased":["Inflame","Blood Vial","Conserve Battery","Armaments","Happy Flower","Shrug It Off"],"campfire_rested":0,"item_purchase_floors":[2,22,22,22,30,30],"current_hp_per_floor":[80,80,80,80,80,80,80,63,63,54,60,60,66,56,56,12,80,74,56,56,52,52,52,34,34,34,34,28,28,28,28,28,0],"gold":281,"neow_bonus":"","is_prod":false,"is_daily":true,"chose_seed":false,"campfire_upgraded":8,"win_rate":0,"timestamp":1570715378,"path_taken":["M","?","?","?","?","R","M","E","T","M","E","R","E","M","R","BOSS","M","?","?","M","$","R","E","R","T","R","M","R","$","?","R","BOSS"],"build_version":"2019-07-17","purchased_purges":1,"victory":false,"max_hp_per_floor":[80,80,80,80,80,80,80,80,80,80,80,80,80,80,80,80,80,80,56,56,56,56,56,63,63,63,63,63,63,63,63,63,63],"card_choices":[{"not_picked":["PiercingWail","Havoc"],"picked":"Crippling Poison","floor":1},{"not_picked":["Accuracy","BootSequence"],"picked":"Leap","floor":4},{"not_picked":["Predator","Deadly Poison","Slice"],"picked":"SKIP","floor":7},{"not_picked":["Underhanded Strike","Choke"],"picked":"Deflect","floor":8},{"not_picked":["Quick Slash","Feel No Pain"],"picked":"Conserve Battery","floor":10},{"not_picked":["Rebound","Blizzard"],"picked":"Dual Wield","floor":11},{"not_picked":["Poisoned Stab","Body Slam"],"picked":"Hologram","floor":13},{"not_picked":["Double Energy","Dodge and Roll","Flying Knee"],"picked":"Coolheaded","floor":14},{"not_picked":["Amplify","Juggernaut","Malaise"],"picked":"Limit Break","floor":16},{"not_picked":["Accuracy","Anger","Bane","Barrage+1"],"picked":"SKIP","floor":18},{"not_picked":["Twin Strike+1","Stack","Quick Slash"],"picked":"Dash+1","floor":21},{"not_picked":["Corruption+1","Feel No Pain+1","Intimidate+1"],"picked":"Aggregate+1","floor":24},{"not_picked":["Escape Plan","Outmaneuver+1","Prepared"],"picked":"Go for the Eyes","floor":28}],"player_experience":144979,"relics_obtained":[{"floor":8,"key":"MawBank"},{"floor":9,"key":"War Paint"},{"floor":11,"key":"Omamori"},{"floor":13,"key":"Question Card"},{"floor":24,"key":"Strawberry"},{"floor":26,"key":"Anchor"}],"event_choices":[{"damage_healed":0,"gold_gain":0,"cards_transformed":["Seeing Red"],"player_choice":"Transformed","damage_taken":0,"max_hp_gain":0,"max_hp_loss":0,"event_name":"Transmorgrifier","floor":3,"gold_loss":0,"cards_obtained":["Entrench"]},{"damage_healed":0,"gold_gain":175,"player_choice":"AGREE","damage_taken":0,"max_hp_gain":0,"max_hp_loss":0,"event_name":"Liars Game","floor":5,"gold_loss":0,"cards_obtained":["Doubt"]},{"damage_healed":0,"gold_gain":0,"player_choice":"Became a vampire","damage_taken":0,"max_hp_gain":0,"max_hp_loss":24,"event_name":"Vampires","floor":19,"gold_loss":0,"cards_obtained":["Bite","Bite","Bite","Bite","Bite"]},{"damage_healed":0,"gold_gain":0,"player_choice":"Inject Mutagens","damage_taken":0,"relics_obtained":["MutagenicStrength"],"max_hp_gain":0,"max_hp_loss":0,"event_name":"Drug Dealer","floor":20,"gold_loss":0},{"damage_healed":0,"gold_gain":0,"player_choice":"Upgraded","damage_taken":0,"max_hp_gain":0,"max_hp_loss":0,"event_name":"Upgrade Shrine","floor":31,"gold_loss":0,"cards_upgraded":["Go for the Eyes"]}],"is_beta":false,"boss_relics":[{"not_picked":["Orrery","Sozu"],"picked":"Velvet Choker"}],"items_purged_floors":[22],"is_endless":false,"potions_floor_spawned":[1,10,11,18,24,28],"killed_by":"Automaton","ascension_level":0}