{"gold_per_floor":[118,118,43,43,63,63,98,112,112,146,146,171,198,218,218,319,319,334,334,294,125,145,479,479,315,366,400,215,314,314,333,333,429,429,449,449,460,475,475,509,509,527,551,551,551,564,13,47,47,47],"floor_reached":51,"playtime":7175,"items_purged":["Pain","Strike_P","Strike_P","Strike_P","Defend_P"],"score":884,"play_id":"c10d287f-49da-4eca-933b-4023a2387cd3","local_time":"20190912194109","is_ascension_mode":true,"campfire_choices":[{"data":"TalkToTheHand","floor":6.0,"key":"SMITH"},{"data":"CrushJoints","floor":15.0,"key":"SMITH"},{"floor":24.0,"key":"REST"},{"floor":32.0,"key":"REST"},{"floor":41,"key":"REST"},{"floor":45,"key":"REST"},{"floor":49,"key":"REST"}],"neow_cost":"CURSE","seed_source_timestamp":0,"circlet_count":0,"master_deck":["Defend_P+1","Defend_P","Eruption+1","Vigilance+1","EmptyFist","TalkToTheHand+1","CrushJoints+1","SandsOfTime","JustLucky","EmptyMind","CutThroughFate","Alpha","Crescendo","Ragnarok+1","TalkToTheHand","CarveReality","FearNoEvil","DeceiveReality","Adaptation","Protect","DeusExMachina","PathToVictory+1","FearNoEvil+1","ClearTheMind","MentalFortress","EmptyMind+1","Apotheosis","Protect+1","Crescendo+1","EmptyBody+1","Adaptation"],"special_seed":0,"relics":["PureWater","WingedGreaves","Sundial","Turnip","Singing Bowl","Vajra","Bag of Marbles","Lantern","Fusion Hammer","Old Coin","Oddly Smooth Stone","Molten Egg 2","Empty Cage","Darkstone Periapt","Strawberry","Orrery","Anchor","Pantograph"],"potions_floor_usage":[50,50,50],"damage_taken":[{"damage":3.0,"enemies":"2 Louse","floor":1.0,"turns":2.0},{"damage":5.0,"enemies":"Jaw Worm","floor":5.0,"turns":5.0},{"damage":8.0,"enemies":"Lagavulin","floor":7.0,"turns":5.0},{"damage":0.0,"enemies":"Cultist","floor":8.0,"turns":1.0},{"damage":26.0,"enemies":"Gremlin Nob","floor":10.0,"turns":4.0},{"damage":4.0,"enemies":"3 Sentries","floor":12.0,"turns":4.0},{"damage":0.0,"enemies":"Gremlin Nob","floor":13.0,"turns":3.0},{"damage":0.0,"enemies":"Blue Slaver","floor":14.0,"turns":2.0},{"damage":13.0,"enemies":"Hexaghost","floor":16.0,"turns":3.0},{"damage":5.0,"enemies":"Chosen","floor":18.0,"turns":3.0},{"damage":2.0,"enemies":"Spheric Guardian","floor":22.0,"turns":3.0},{"damage":0.0,"enemies":"Book of Stabbing","floor":23.0,"turns":3.0},{"damage":33.0,"enemies":"Gremlin Leader","floor":27.0,"turns":5.0},{"damage":7.0,"enemies":"3 Cultists","floor":31.0,"turns":4.0},{"damage":1.0,"enemies":"Champ","floor":33.0,"turns":11.0},{"damage":0.0,"enemies":"3 Shapes","floor":35.0,"turns":6.0},{"damage":0.0,"enemies":"Orb Walker","floor":37.0,"turns":3.0},{"damage":33.0,"enemies":"4 Shapes","floor":38.0,"turns":4.0},{"damage":11,"enemies":"Nemesis","floor":40,"turns":7},{"damage":0,"enemies":"Transient","floor":42,"turns":5},{"damage":0,"enemies":"3 Darklings","floor":46,"turns":4},{"damage":5,"enemies":"Reptomancer","floor":48,"turns":5},{"damage":33,"enemies":"Time Eater","floor":50,"turns":8}],"seed_played":"5619632383772913628","potions_obtained":[{"floor":5.0,"key":"EssenceOfSteel"},{"floor":7.0,"key":"Regen Potion"},{"floor":10.0,"key":"Regen Potion"},{"floor":12.0,"key":"Strength Potion"},{"floor":20.0,"key":"PowerPotion"},{"floor":20.0,"key":"Fire Potion"},{"floor":20.0,"key":"DuplicationPotion"},{"floor":38.0,"key":"Strength Potion"}],"is_trial":false,"path_per_floor":["M","?","$","?","M","R","E","M","T","E","?","E","E","M","R","B",null,"M","$","?","$","M","E","R","$","T","E","$","?","?","M","R","B",null,"M","?","M","M","?","E","R","M","T","?","R","M","$","E","R","B",null],"character_chosen":"WATCHER","items_purchased":["Ragnarok","FearNoEvil","Adaptation","Orrery","Anchor","LiquidBronze"],"campfire_rested":5,"item_purchase_floors":[21,25,28,47,47,47],"current_hp_per_floor":[62,55,55,55,50,50,42,42,42,16,3,28,28,28,28,15,67,62,62,62,62,60,60,67,67,67,34,34,34,34,27,47,46,67,67,67,67,34,34,23,42,42,49,43,65,65,71,66,81,48],"gold":47,"neow_bonus":"ONE_RARE_RELIC","is_prod":false,"is_daily":false,"chose_seed":false,"campfire_upgraded":2,"win_rate":0,"timestamp":1568274069,"path_taken":["M","?","$","?","?","R","E","M","T","E","?","E","E","M","R","BOSS","M","$","?","$","M","E","R","$","T","E","?","?","?","?","R","BOSS","M","?","M","M","?","E","R","M","T","?","R","M","$","E","R","BOSS"],"build_version":"2019-09-11","purchased_purges":5,"victory":true,"max_hp_per_floor":[65,65,65,65,65,65,65,65,65,65,65,67,67,67,67,67,67,67,67,67,67,67,67,67,67,67,67,67,67,67,67,67,67,67,67,67,67,67,64,64,64,64,71,75,75,75,81,81,81,81],"card_choices":[{"not_picked":["FlyingSleeves","Weave"],"picked":"EmptyFist","floor":1.0},{"not_picked":["StepAndStrike","SandsOfTime"],"picked":"TalkToTheHand","floor":5.0},{"not_picked":["Swivel","FlyingSleeves"],"picked":"CrushJoints","floor":7.0},{"not_picked":["ClearTheMind","EmptyMind"],"picked":"SandsOfTime","floor":8.0},{"not_picked":["Nirvana","ForeignInfluence"],"picked":"JustLucky","floor":10.0},{"not_picked":["Nirvana","ThirdEye","Halt"],"picked":"Singing Bowl","floor":12.0},{"not_picked":["Sanctity","CrushJoints"],"picked":"EmptyMind","floor":13.0},{"not_picked":["EmptyBody","EmptyMind"],"picked":"CutThroughFate","floor":14.0},{"not_picked":["Omniscience","Vault"],"picked":"Alpha","floor":16.0},{"not_picked":["EmptyFist","Weave"],"picked":"Crescendo","floor":18.0},{"not_picked":["WindmillStrike","EmptyMind+1"],"picked":"TalkToTheHand","floor":22.0},{"not_picked":["Worship+1","InnerPeace"],"picked":"CarveReality","floor":23.0},{"not_picked":["FollowUp","CutThroughFate"],"picked":"DeceiveReality","floor":27.0},{"not_picked":["EmptyBody","Halt"],"picked":"Protect","floor":31.0},{"not_picked":["Pray","Alpha"],"picked":"DeusExMachina","floor":33.0},{"not_picked":["CleanseEvil+1","CrushJoints+1"],"picked":"PathToVictory+1","floor":35.0},{"not_picked":["WreathOfFlame","Weave+1"],"picked":"FearNoEvil+1","floor":37.0},{"not_picked":["Scrawl","Consecrate+1"],"picked":"ClearTheMind","floor":38.0},{"not_picked":["Halt","Blasphemy"],"picked":"MentalFortress","floor":40},{"not_picked":["CutThroughFate+1","Protect"],"picked":"EmptyMind+1","floor":42},{"not_picked":["PanicButton","Good Instincts","Bandage Up"],"picked":"Singing Bowl","floor":44},{"not_picked":["Chrysalis","Trip","HandOfGreed+1"],"picked":"Singing Bowl","floor":44},{"not_picked":["Sadistic Nature","The Bomb"],"picked":"Apotheosis","floor":44},{"not_picked":["Establishment","Consecrate+1"],"picked":"Protect+1","floor":46},{"not_picked":["Nirvana","Protect"],"picked":"Crescendo+1","floor":47},{"not_picked":["Tantrum+1","SandsOfTime+1","WreathOfFlame+1"],"picked":"Singing Bowl","floor":47},{"not_picked":["Weave+1","Conclude+1","JustLucky+1"],"picked":"Singing Bowl","floor":47},{"not_picked":["FollowUp+1","WaveOfTheHand+1"],"picked":"EmptyBody+1","floor":47},{"not_picked":["ThirdEye+1","JustLucky+1","Sanctity+1"],"picked":"Singing Bowl","floor":47},{"not_picked":["ThirdEye","Sanctity"],"picked":"Adaptation","floor":48}],"player_experience":1003698,"relics_obtained":[{"floor":7.0,"key":"Turnip"},{"floor":9.0,"key":"Singing Bowl"},{"floor":10.0,"key":"Vajra"},{"floor":12.0,"key":"Bag of Marbles"},{"floor":13.0,"key":"Lantern"},{"floor":23.0,"key":"Old Coin"},{"floor":26.0,"key":"Oddly Smooth Stone"},{"floor":27.0,"key":"Molten Egg 2"},{"floor":40,"key":"Darkstone Periapt"},{"floor":43,"key":"Strawberry"},{"floor":48,"key":"Pantograph"}],"event_choices":[{"damage_healed":0.0,"max_hp_gain":0.0,"max_hp_loss":0.0,"gold_gain":0.0,"event_name":"Scrap Ooze","player_choice":"Success","floor":2.0,"gold_loss":0.0,"damage_taken":7.0,"relics_obtained":["Sundial"]},{"damage_healed":0.0,"max_hp_gain":0.0,"max_hp_loss":0.0,"gold_gain":0.0,"event_name":"Upgrade Shrine","player_choice":"Upgraded","floor":4.0,"gold_loss":0.0,"damage_taken":0.0,"cards_upgraded":["Eruption"]},{"damage_healed":0.0,"max_hp_gain":0.0,"max_hp_loss":0.0,"gold_gain":0.0,"event_name":"Shining Light","player_choice":"Entered Light","floor":11.0,"gold_loss":0.0,"damage_taken":13.0,"cards_upgraded":["Defend_P","Vigilance"]},{"damage_healed":0.0,"max_hp_gain":0.0,"max_hp_loss":0.0,"gold_gain":0.0,"event_name":"The Woman in Blue","player_choice":"Bought 3 Potions","floor":20.0,"gold_loss":0.0,"damage_taken":0.0},{"damage_healed":0.0,"max_hp_gain":0.0,"max_hp_loss":0.0,"gold_gain":99.0,"event_name":"Nest","player_choice":"Stole From Cult","floor":29.0,"gold_loss":0.0,"damage_taken":0.0},{"damage_healed":0.0,"max_hp_gain":0.0,"max_hp_loss":0.0,"gold_gain":0.0,"event_name":"Upgrade Shrine","player_choice":"Upgraded","floor":30.0,"gold_loss":0.0,"damage_taken":0.0,"cards_upgraded":["Ragnarok"]},{"damage_healed":0.0,"max_hp_gain":0.0,"max_hp_loss":0.0,"gold_gain":0.0,"event_name":"Tomb of Lord Red Mask","player_choice":"Ignored","floor":36.0,"gold_loss":0.0,"damage_taken":0.0},{"damage_healed":0.0,"max_hp_gain":0.0,"max_hp_loss":3.0,"gold_gain":0.0,"event_name":"Winding Halls","player_choice":"Max HP","floor":39.0,"gold_loss":0.0,"damage_taken":0.0},{"damage_healed":0,"gold_gain":0,"player_choice":"Memory 3","damage_taken":10,"max_hp_gain":0,"max_hp_loss":0,"event_name":"SensoryStone","floor":44,"gold_loss":0}],"is_beta":true,"boss_relics":[{"not_picked":["SacredBark","Astrolabe"],"picked":"Fusion Hammer"},{"not_picked":["Runic Dome","Snecko Eye"],"picked":"Empty Cage"}],"items_purged_floors":[3,21,25,28,47],"is_endless":false,"potions_floor_spawned":[5,7,10,12,22,38,46],"ascension_level":1}