{"gold_per_floor":[109,126,126,137,157,157,157,177,201,201,4,14,14,33,33,136,136,146,0,17,17,29,29,43,43,66,0,12,30,30,47,47,47],"floor_reached":33,"playtime":2837,"items_purged":[],"score":268,"play_id":"6cc0eafc-98b9-4f30-b549-593b277dfe5c","local_time":"20190627131659","is_ascension_mode":false,"campfire_choices":[{"floor":6,"key":"REST"},{"floor":15,"key":"REST"},{"floor":23,"key":"REST"},{"floor":25,"key":"REST"},{"floor":30,"key":"REST"},{"floor":32,"key":"REST"}],"neow_cost":"NONE","seed_source_timestamp":606318663324000,"circlet_count":0,"master_deck":["Strike_B","Strike_B","Strike_B","Strike_B","Defend_B","Defend_B+1","Defend_B","Defend_B+1","Zap","Dualcast","Cold Snap","Chill","Leap","Biased Cognition","Beam Cell","Genetic Algorithm","Defragment","All For One","Capacitor+1","Streamline","Conserve Battery","Rebound","Undo","Rebound","Static Discharge+1"],"relics":["Cracked Core","War Paint","Boot","Ancient Tea Set","Velvet Choker","Vajra","Potion Belt"],"potions_floor_usage":[7,16,16,16,16,16,16,18,28,28],"damage_taken":[{"damage":1,"enemies":"Cultist","floor":1,"turns":3},{"damage":11,"enemies":"Jaw Worm","floor":2,"turns":4},{"damage":6,"enemies":"Small Slimes","floor":4,"turns":3},{"damage":17,"enemies":"Gremlin Gang","floor":5,"turns":9},{"damage":10,"enemies":"Exordium Thugs","floor":8,"turns":7},{"damage":0,"enemies":"Looter","floor":12,"turns":3},{"damage":0,"enemies":"Large Slime","floor":14,"turns":5},{"damage":64,"enemies":"The Guardian","floor":16,"turns":18},{"damage":17,"enemies":"Shell Parasite","floor":18,"turns":8},{"damage":23,"enemies":"3 Byrds","floor":20,"turns":5},{"damage":14,"enemies":"Centurion and Healer","floor":22,"turns":12},{"damage":16,"enemies":"Shelled Parasite and Fungi","floor":24,"turns":8},{"damage":19,"enemies":"Snake Plant","floor":28,"turns":5},{"damage":10,"enemies":"Cultist and Chosen","floor":29,"turns":9},{"damage":31,"enemies":"Shelled Parasite and Fungi","floor":31,"turns":7},{"damage":52,"enemies":"Automaton","floor":33,"turns":6}],"seed_played":"2664263298993419797","potions_obtained":[{"floor":4,"key":"EssenceOfSteel"},{"floor":5,"key":"Block Potion"},{"floor":7,"key":"EntropicBrew"},{"floor":7,"key":"Fruit Juice"},{"floor":7,"key":"GamblersBrew"},{"floor":16,"key":"Dexterity Potion"},{"floor":22,"key":"Strength Potion"},{"floor":24,"key":"Weak Potion"},{"floor":28,"key":"Strength Potion"},{"floor":29,"key":"SteroidPotion"}],"is_trial":false,"path_per_floor":["M","M","?","M","M","R","?","M","T","?","$","M","$","M","R","B",null,"M","$","M","?","M","R","M","R","T","?","M","M","R","M","R","B"],"character_chosen":"DEFECT","items_purchased":["Ancient Tea Set","Swift Potion","Vajra"],"campfire_rested":6,"item_purchase_floors":[11,11,19],"current_hp_per_floor":[81,70,67,61,44,68,73,63,63,63,63,63,63,63,87,23,87,70,70,47,30,16,43,27,54,54,54,35,25,52,21,48,0],"gold":47,"neow_bonus":"TEN_PERCENT_HP_BONUS","is_prod":false,"is_daily":false,"chose_seed":false,"campfire_upgraded":0,"win_rate":0.0,"timestamp":1561652219,"path_taken":["M","M","?","M","M","R","?","?","T","?","$","M","$","M","R","BOSS","M","$","?","?","M","R","M","R","T","?","M","M","R","M","R","BOSS"],"build_version":"2019-01-23","purchased_purges":0,"victory":false,"max_hp_per_floor":[82,82,82,82,82,82,87,87,87,87,87,87,87,87,87,87,87,87,87,87,92,92,92,92,92,92,92,92,92,92,92,92,92],"card_choices":[{"not_picked":["Streamline","Coolheaded"],"picked":"Cold Snap","floor":1},{"not_picked":["Double Energy","Streamline"],"picked":"Chill","floor":2},{"not_picked":["Stack","Redo"],"picked":"Leap","floor":4},{"not_picked":["Undo","Beam Cell"],"picked":"Biased Cognition","floor":5},{"not_picked":["Gash","Steam Power"],"picked":"Beam Cell","floor":8},{"not_picked":["Cold Snap","Coolheaded"],"picked":"Genetic Algorithm","floor":12},{"not_picked":["Force Field","Turbo"],"picked":"Defragment","floor":14},{"not_picked":["Multi-Cast","Amplify"],"picked":"All For One","floor":16},{"not_picked":["Gash","Stack"],"picked":"Capacitor+1","floor":18},{"not_picked":["Turbo","Cold Snap"],"picked":"Streamline","floor":20},{"not_picked":["Creative AI","Scrape+1"],"picked":"Conserve Battery","floor":22},{"not_picked":["Barrage","Compile Driver"],"picked":"Rebound","floor":24},{"not_picked":["Coolheaded","Conserve Battery"],"picked":"Undo","floor":28},{"not_picked":["Hologram+1","Conserve Battery"],"picked":"Rebound","floor":29},{"not_picked":["White Noise","Reinforced Body"],"picked":"Static Discharge+1","floor":31}],"player_experience":21419,"relics_obtained":[{"floor":9,"key":"War Paint"},{"floor":26,"key":"Potion Belt"}],"event_choices":[{"damage_healed":0,"gold_gain":0,"player_choice":"Fled","damage_taken":3,"max_hp_gain":0,"max_hp_loss":0,"event_name":"Scrap Ooze","floor":3,"gold_loss":0},{"damage_healed":0,"gold_gain":0,"player_choice":"Got Potions","damage_taken":0,"max_hp_gain":0,"max_hp_loss":0,"event_name":"Lab","floor":7,"gold_loss":0},{"damage_healed":0,"gold_gain":0,"player_choice":"Gave Potion","damage_taken":0,"relics_obtained":["Boot"],"max_hp_gain":0,"max_hp_loss":0,"event_name":"WeMeetAgain","floor":10,"gold_loss":0},{"damage_healed":0,"gold_gain":0,"player_choice":"Shed Blood","damage_taken":22,"max_hp_gain":5,"max_hp_loss":0,"event_name":"Forgotten Altar","floor":21,"gold_loss":0},{"damage_healed":0,"gold_gain":0,"player_choice":"Paid Fearfully","damage_taken":0,"max_hp_gain":0,"max_hp_loss":0,"event_name":"Masked Bandits","floor":27,"gold_loss":66}],"is_beta":false,"boss_relics":[{"not_picked":["Busted Crown","Empty Cage"],"picked":"Velvet Choker"}],"items_purged_floors":[],"is_endless":false,"potions_floor_spawned":[4,5,8,14,16,22,24,28,29],"killed_by":"Automaton","ascension_level":0}