{"gold_per_floor":[119,130,143,155,4,17,76,76,127,127,127,152,42,53,53,156,156,167,1,18,28,28],"floor_reached":22,"playtime":1711,"items_purged":["Normality"],"score":188,"play_id":"b3bace08-bff7-4933-8293-243b35988fd7","local_time":"20190709184607","is_ascension_mode":false,"campfire_choices":[{"floor":11,"key":"REST"},{"floor":15,"key":"REST"}],"neow_cost":"NONE","seed_source_timestamp":903936156521304,"circlet_count":0,"master_deck":["Strike_G","Strike_G","Strike_G","Strike_G","Strike_G","Defend_G+1","Defend_G","Defend_G","Defend_G","Defend_G","Survivor","Neutralize","Cloak And Dagger","Terror","PiercingWail","Blade Dance","Poisoned Stab","Eviscerate","PiercingWail+1","Storm of Steel","Underhanded Strike","Deflect","Masterful Stab","Catalyst","Endless Agony","Storm of Steel","Normality","Clumsy","Accuracy","Infinite Blades","Deadly Poison","Deadly Poison","Bullet Time"],"relics":["Ring of the Snake","Shuriken","Bronze Scales","Snake Skull","Calling Bell","Regal Pillow","Molten Egg 2","Turnip"],"potions_floor_usage":[7,7,12,14,18],"damage_taken":[{"damage":5,"enemies":"2 Louse","floor":1,"turns":4},{"damage":0,"enemies":"Jaw Worm","floor":2,"turns":7},{"damage":0,"enemies":"Cultist","floor":3,"turns":4},{"damage":6,"enemies":"2 Fungi Beasts","floor":4,"turns":4},{"damage":0,"enemies":"Blue Slaver","floor":6,"turns":3},{"damage":30,"enemies":"3 Sentries","floor":7,"turns":13},{"damage":19,"enemies":"Lagavulin","floor":12,"turns":6},{"damage":0,"enemies":"Looter","floor":14,"turns":2},{"damage":38,"enemies":"The Guardian","floor":16,"turns":8},{"damage":30,"enemies":"2 Thieves","floor":18,"turns":5},{"damage":7,"enemies":"Shell Parasite","floor":20,"turns":4},{"damage":31,"enemies":"Snecko","floor":21,"turns":6},{"damage":12,"enemies":"3 Cultists","floor":22,"turns":2}],"seed_played":"-7880756583334367727","potions_obtained":[{"floor":3,"key":"SpeedPotion"},{"floor":6,"key":"PowerPotion"},{"floor":7,"key":"AttackPotion"},{"floor":12,"key":"Block Potion"},{"floor":16,"key":"Fire Potion"}],"is_trial":false,"path_per_floor":["M","M","M","M","$","M","?","?","T","?","R","E","$","M","R","B",null,"M","$","M","M","M"],"character_chosen":"THE_SILENT","items_purchased":["Poisoned Stab","Eviscerate","PiercingWail","Masterful Stab","Catalyst","Infinite Blades","Deadly Poison"],"campfire_rested":2,"item_purchase_floors":[5,5,5,13,13,19,19],"current_hp_per_floor":[72,72,72,66,66,66,36,21,21,46,69,50,50,50,73,35,77,47,47,40,9,0],"gold":28,"neow_bonus":"TEN_PERCENT_HP_BONUS","is_prod":false,"is_daily":false,"chose_seed":false,"campfire_upgraded":0,"win_rate":0.0,"timestamp":1562708767,"path_taken":["M","M","M","M","$","M","?","?","T","?","R","E","?","M","R","BOSS","M","$","M","M","M"],"build_version":"2019-07-05","purchased_purges":1,"victory":false,"max_hp_per_floor":[77,77,77,77,77,77,77,77,77,77,77,77,77,77,77,77,77,77,77,77,77,77],"card_choices":[{"not_picked":["Slice","Prepared"],"picked":"Cloak And Dagger","floor":1},{"not_picked":["Heel Hook","Flying Knee"],"picked":"Terror","floor":2},{"not_picked":["Calculated Gamble","Catalyst"],"picked":"PiercingWail","floor":3},{"not_picked":["Catalyst","Acrobatics"],"picked":"Blade Dance","floor":4},{"not_picked":["Backflip","Sucker Punch"],"picked":"Storm of Steel","floor":6},{"not_picked":["Heel Hook","Sucker Punch"],"picked":"Underhanded Strike","floor":7},{"not_picked":["Flying Knee","Backflip"],"picked":"Deflect","floor":12},{"not_picked":["Eviscerate","Dodge and Roll"],"picked":"Endless Agony","floor":14},{"not_picked":["Doppelganger","Venomology"],"picked":"Storm of Steel","floor":16},{"not_picked":["Dodge and Roll+1","Slice+1"],"picked":"Accuracy","floor":18},{"not_picked":["Sucker Punch+1","Deflect+1"],"picked":"Deadly Poison","floor":20},{"not_picked":["Distraction","Quick Slash+1"],"picked":"Bullet Time","floor":21}],"player_experience":113204,"relics_obtained":[{"floor":7,"key":"Shuriken"},{"floor":9,"key":"Bronze Scales"},{"floor":12,"key":"Snake Skull"},{"floor":17,"key":"Regal Pillow"},{"floor":17,"key":"Molten Egg 2"},{"floor":17,"key":"Turnip"}],"event_choices":[{"damage_healed":0,"gold_gain":0,"player_choice":"Searched \u00272\u0027 times","damage_taken":0,"max_hp_gain":0,"max_hp_loss":0,"event_name":"Dead Adventurer","floor":7,"gold_loss":0},{"damage_healed":0,"gold_gain":0,"player_choice":"Entered Light","damage_taken":15,"max_hp_gain":0,"max_hp_loss":0,"event_name":"Shining Light","floor":8,"gold_loss":0,"cards_upgraded":["PiercingWail","Defend_G"]},{"damage_healed":25,"gold_gain":0,"player_choice":"Banana","damage_taken":0,"max_hp_gain":0,"max_hp_loss":0,"event_name":"Big Fish","floor":10,"gold_loss":0}],"is_beta":false,"boss_relics":[{"not_picked":["Cursed Key","HoveringKite"],"picked":"Calling Bell"}],"items_purged_floors":[19],"is_endless":false,"potions_floor_spawned":[3,6,7,12,16],"killed_by":"3 Cultists","ascension_level":0}