{"gold_per_floor":[110,129,143,168,193,205,250,262,274,318,344,356,394,156,156,256,256,256,256,256,256,256,256,256,256,256,256,256,256,256,256,256,256],"floor_reached":33,"playtime":4779,"items_purged":["Strike_R"],"score":442,"play_id":"d2a38ae8-797a-4355-9f1f-b948075b0433","local_time":"20180916023138","is_ascension_mode":true,"campfire_choices":[{"floor":6.0,"key":"REST"},{"floor":8.0,"key":"REST"},{"floor":12.0,"key":"REST"},{"floor":15.0,"key":"REST"},{"floor":23.0,"key":"REST"},{"data":"Spot Weakness","floor":27,"key":"SMITH"},{"floor":32,"key":"REST"}],"neow_cost":"NONE","seed_source_timestamp":0,"circlet_count":0,"master_deck":["Strike_R+1","Strike_R","Strike_R+1","Defend_R","Defend_R","Defend_R","Defend_R","Bash","Iron Wave","Uppercut","Sword Boomerang","Battle Trance","Cleave","Inflame","Spot Weakness+1","Headbutt","Armaments+1","Sword Boomerang","Immolate","Thunderclap+1","Entrench+1","Battle Trance+1","Dropkick","Disarm","Flex+1"],"special_seed":0,"relics":["Burning Blood","MawBank","Self Forming Clay","Whetstone","Singing Bowl","Bottled Lightning","Vajra","Ectoplasm","SsserpentHead","Strawberry","Toxic Egg 2","Bag of Marbles","Dodecahedron"],"potions_floor_usage":[25,29,33],"damage_taken":[{"damage":11.0,"enemies":"Cultist","floor":1.0,"turns":4.0},{"damage":0.0,"enemies":"Small Slimes","floor":2.0,"turns":4.0},{"damage":4.0,"enemies":"2 Louse","floor":3.0,"turns":2.0},{"damage":17.0,"enemies":"Blue Slaver","floor":5.0,"turns":3.0},{"damage":35.0,"enemies":"Lagavulin","floor":7.0,"turns":7.0},{"damage":32.0,"enemies":"3 Sentries","floor":10.0,"turns":8.0},{"damage":18.0,"enemies":"Exordium Thugs","floor":11.0,"turns":3.0},{"damage":37.0,"enemies":"Lagavulin","floor":13.0,"turns":7.0},{"damage":29.0,"enemies":"Slime Boss","floor":16.0,"turns":9.0},{"damage":9.0,"enemies":"Shell Parasite","floor":18.0,"turns":3.0},{"damage":0.0,"enemies":"Spheric Guardian","floor":19.0,"turns":3.0},{"damage":19.0,"enemies":"Snake Plant","floor":21.0,"turns":3.0},{"damage":10.0,"enemies":"Gremlin Leader","floor":24.0,"turns":4.0},{"damage":12,"enemies":"3 Cultists","floor":25,"turns":4},{"damage":25,"enemies":"Slavers","floor":29,"turns":4},{"damage":7,"enemies":"Chosen and Byrds","floor":31,"turns":2},{"damage":100,"enemies":"Collector","floor":33,"turns":7}],"seed_played":"5447862040620940751","potions_obtained":[{"floor":1.0,"key":"AttackPotion"},{"floor":2.0,"key":"Weak Potion"},{"floor":11.0,"key":"Poison Potion"},{"floor":18.0,"key":"SpeedPotion"},{"floor":19.0,"key":"Strength Potion"},{"floor":24,"key":"Strength Potion"},{"floor":29,"key":"SneckoOil"},{"floor":31,"key":"SpeedPotion"}],"is_trial":false,"path_per_floor":["M","M","M","T","M","R","E","R","T","E","M","R","E","$","R","B",null,"M","M","?","M","?","R","E","M","T","R","T","E","?","M","R"],"character_chosen":"IRONCLAD","items_purchased":["Sword Boomerang","Vajra"],"campfire_rested":6,"item_purchase_floors":[14,14],"current_hp_per_floor":[67,73,75,75,64,80,51,75,75,49,37,61,30,30,54,31,68,65,71,71,58,58,80,83,77,77,77,77,60,60,59,85,0],"gold":256,"neow_bonus":"TRANSFORM_CARD","is_prod":false,"is_daily":false,"chose_seed":false,"campfire_upgraded":1,"win_rate":0,"timestamp":1537079498,"path_taken":["M","M","?","?","M","R","E","R","T","E","M","R","E","$","R","BOSS","M","M","?","M","?","R","E","?","T","R","?","E","?","M","R","BOSS"],"build_version":"2018-08-23v2","purchased_purges":1,"victory":false,"max_hp_per_floor":[80,80,80,80,80,80,80,80,80,80,80,80,80,80,80,80,80,80,80,80,80,80,80,87,87,87,87,87,89,89,89,89,89],"card_choices":[{"not_picked":["Perfected Strike","Twin Strike"],"picked":"Uppercut","floor":1.0},{"not_picked":["Heavy Blade","Clothesline"],"picked":"Sword Boomerang","floor":2.0},{"not_picked":["Perfected Strike","Havoc"],"picked":"Battle Trance","floor":3.0},{"not_picked":["Wild Strike","Body Slam"],"picked":"Cleave","floor":5.0},{"not_picked":["Twin Strike","Metallicize"],"picked":"Inflame","floor":7.0},{"not_picked":["Entrench","Bloodletting"],"picked":"Spot Weakness","floor":10.0},{"not_picked":["Clothesline","Shrug It Off"],"picked":"Headbutt","floor":11.0},{"not_picked":["True Grit","Dark Embrace"],"picked":"Armaments","floor":13.0},{"not_picked":["Impervious","Brutality"],"picked":"Immolate","floor":16.0},{"not_picked":["Anger+1","Ghostly Armor"],"picked":"Thunderclap+1","floor":18.0},{"not_picked":["Thunderclap","Corruption"],"picked":"Entrench+1","floor":19.0},{"not_picked":["Juggernaut","Pommel Strike"],"picked":"Battle Trance+1","floor":21.0},{"not_picked":["Thunderclap","Metallicize"],"picked":"Dropkick","floor":24},{"not_picked":["Flex","Ghostly Armor"],"picked":"Disarm","floor":25},{"not_picked":["Body Slam","Havoc+1","Corruption"],"picked":"Singing Bowl","floor":29},{"not_picked":["Pommel Strike","Barricade"],"picked":"Flex+1","floor":31}],"player_experience":1716642,"relics_obtained":[{"floor":4.0,"key":"MawBank"},{"floor":7.0,"key":"Self Forming Clay"},{"floor":9.0,"key":"Whetstone"},{"floor":10.0,"key":"Singing Bowl"},{"floor":13.0,"key":"Bottled Lightning"},{"floor":24,"key":"Strawberry"},{"floor":26,"key":"Toxic Egg 2"},{"floor":28,"key":"Bag of Marbles"},{"floor":29,"key":"Dodecahedron"}],"event_choices":[{"event_name":"Accursed Blacksmith","player_choice":"Forge","floor":20.0,"damage_taken":0.0},{"event_name":"FaceTrader","player_choice":"Trade","floor":22.0,"damage_taken":0.0},{"event_name":"Vampires","player_choice":"Ignored","floor":30,"damage_taken":0}],"is_beta":false,"boss_relics":[{"not_picked":["Black Blood","Black Star"],"picked":"Ectoplasm"}],"items_purged_floors":[14],"is_endless":false,"potions_floor_spawned":[1,2,11,18,19,24,29,31],"killed_by":"Collector","ascension_level":9}