{"gold_per_floor":[119,119,130,130,146,177,177,177,201,214,228,239,77,93,93,197,197,212,231,241,83,83],"floor_reached":22,"playtime":1652,"items_purged":[],"score":190,"play_id":"238ef7ba-3889-4ab0-8533-5a0388413122","local_time":"20190726142131","is_ascension_mode":false,"campfire_choices":[{"floor":7,"key":"REST"},{"floor":15,"key":"REST"}],"neow_cost":"NONE","seed_source_timestamp":100805735948737,"circlet_count":0,"master_deck":["Strike_B","Strike_B","Strike_B","Strike_B","Defend_B+1","Defend_B","Defend_B","Defend_B","Zap","Dualcast","Coolheaded+1","Tempest","Leap+1","Machine Learning","BootSequence","Redo","Sweeping Beam","Sunder","Undo","Melter","Amplify","Defragment+1","Sweeping Beam+1","Rebound","Melter","Streamline","Loop"],"relics":["Cracked Core","Bag of Preparation","Boot","Inserter"],"potions_floor_usage":[6,6,11,12,18,20,22],"damage_taken":[{"damage":0,"enemies":"Small Slimes","floor":1,"turns":2},{"damage":8,"enemies":"2 Louse","floor":3,"turns":2},{"damage":4,"enemies":"Cultist","floor":5,"turns":3},{"damage":26,"enemies":"Lagavulin","floor":6,"turns":11},{"damage":3,"enemies":"Exordium Wildlife","floor":10,"turns":4},{"damage":6,"enemies":"Large Slime","floor":11,"turns":5},{"damage":3,"enemies":"Red Slaver","floor":12,"turns":2},{"damage":10,"enemies":"Looter","floor":14,"turns":3},{"damage":47,"enemies":"Slime Boss","floor":16,"turns":13},{"damage":31,"enemies":"3 Byrds","floor":18,"turns":6},{"damage":0,"enemies":"Chosen","floor":19,"turns":3},{"damage":25,"enemies":"Centurion and Healer","floor":20,"turns":8},{"damage":44,"enemies":"Snecko","floor":22,"turns":4}],"seed_played":"7566776685867767039","potions_obtained":[{"floor":3,"key":"Block Potion"},{"floor":5,"key":"Dexterity Potion"},{"floor":10,"key":"Poison Potion"},{"floor":11,"key":"Fire Potion"},{"floor":16,"key":"AttackPotion"},{"floor":18,"key":"SteroidPotion"},{"floor":20,"key":"Fire Potion"}],"is_trial":false,"path_per_floor":["M","?","M","?","M","E","R","?","T","M","M","M","$","M","R","B",null,"M","M","M","$","M"],"character_chosen":"DEFECT","items_purchased":["Sunder","Undo","Melter","Streamline","Loop"],"campfire_rested":2,"item_purchase_floors":[13,13,21,21,21],"current_hp_per_floor":[82,82,74,74,70,44,68,52,52,49,43,40,40,30,54,7,82,51,51,26,26,0],"gold":83,"neow_bonus":"TEN_PERCENT_HP_BONUS","is_prod":false,"is_daily":false,"chose_seed":false,"campfire_upgraded":0,"win_rate":0.0,"timestamp":1564161691,"path_taken":["M","?","M","?","M","E","R","?","T","M","M","M","$","M","R","BOSS","M","M","M","$","M"],"build_version":"2019-07-17","purchased_purges":0,"victory":false,"max_hp_per_floor":[82,82,82,82,82,82,82,82,82,82,82,82,82,82,82,82,82,82,82,82,82,82],"card_choices":[{"not_picked":["Barrage","Storm"],"picked":"Coolheaded","floor":1},{"not_picked":["Aggregate","Steam"],"picked":"Tempest","floor":3},{"not_picked":["Seek","Hologram"],"picked":"Leap","floor":5},{"not_picked":["Beam Cell","Chaos"],"picked":"Machine Learning","floor":6},{"not_picked":["Aggregate","Streamline"],"picked":"BootSequence","floor":10},{"not_picked":["Hologram","Static Discharge"],"picked":"Redo","floor":11},{"not_picked":["Heatsinks","Beam Cell"],"picked":"Sweeping Beam","floor":12},{"not_picked":["Cold Snap","Redo"],"picked":"Melter","floor":14},{"not_picked":["Biased Cognition","Fission"],"picked":"Amplify","floor":16},{"not_picked":["Streamline","Ball Lightning+1"],"picked":"Defragment+1","floor":18},{"not_picked":["Cold Snap+1","Consume"],"picked":"Sweeping Beam+1","floor":19},{"not_picked":["Steam+1","Redo"],"picked":"Rebound","floor":20}],"player_experience":231813,"relics_obtained":[{"floor":6,"key":"Bag of Preparation"},{"floor":9,"key":"Boot"}],"event_choices":[{"damage_healed":0,"gold_gain":0,"player_choice":"Grow","damage_taken":0,"max_hp_gain":0,"max_hp_loss":0,"event_name":"Living Wall","floor":2,"gold_loss":0,"cards_upgraded":["Coolheaded"]},{"damage_healed":0,"gold_gain":0,"player_choice":"Ignored","damage_taken":0,"max_hp_gain":0,"max_hp_loss":0,"event_name":"Golden Wing","floor":4,"gold_loss":0},{"damage_healed":0,"gold_gain":0,"player_choice":"Entered Light","damage_taken":16,"max_hp_gain":0,"max_hp_loss":0,"event_name":"Shining Light","floor":8,"gold_loss":0,"cards_upgraded":["Leap","Defend_B"]}],"is_beta":false,"boss_relics":[{"not_picked":["Cursed Key","Empty Cage"],"picked":"Inserter"}],"items_purged_floors":[],"is_endless":false,"potions_floor_spawned":[3,5,10,11,16,18,20],"killed_by":"Snecko","ascension_level":0}