{"gold_per_floor":[113,113,124,140,140,140,169,22,22,22,22,22,33,49,49,146,146,161,127,25,35,35,35,49,49,49,49,82,93,123,123,123,227,227,238,170,170,190,190,190,190],"floor_reached":41,"playtime":2828,"items_purged":["Strike_R"],"score":409,"play_id":"5f7987b4-c95c-458d-8104-9692d7a7d651","local_time":"20191005184636","is_ascension_mode":false,"campfire_choices":[{"data":"Metallicize","floor":6,"key":"SMITH"},{"data":"Dark Embrace","floor":10,"key":"SMITH"},{"data":"Feel No Pain","floor":12,"key":"SMITH"},{"data":"Barricade","floor":15,"key":"SMITH"},{"data":"Juggernaut","floor":23,"key":"SMITH"},{"data":"Demon Form","floor":25,"key":"SMITH"},{"data":"Pommel Strike","floor":27,"key":"SMITH"},{"floor":32,"key":"REST"},{"data":"Shrug It Off","floor":40,"key":"SMITH"}],"neow_cost":"PERCENT_DAMAGE","seed_source_timestamp":501542544583600,"circlet_count":0,"master_deck":["Strike_R+1","Strike_R+1","Strike_R+1","Strike_R+1","Defend_R+1","Defend_R+1","Defend_R+1","Defend_R+1","Bash","Demon Form+1","Metallicize+1","Feel No Pain+1","Ghostly Armor","Dark Embrace+1","Barricade+1","Perfected Strike","Juggernaut+1","Pommel Strike+1","Second Wind","Shrug It Off+1","Wild Strike","Twin Strike","Combust","Feed","Decay","Feed","Twin Strike+1","Entrench+1","Madness","Madness"],"relics":["Burning Blood","Meat on the Bone","Shuriken","Velvet Choker","Anchor","Red Mask","Dodecahedron","Runic Pyramid"],"potions_floor_usage":[16,16,28,28,30,33],"damage_taken":[{"damage":1,"enemies":"2 Louse","floor":1,"turns":3},{"damage":6,"enemies":"Jaw Worm","floor":3,"turns":5},{"damage":2,"enemies":"Cultist","floor":4,"turns":4},{"damage":34,"enemies":"Gremlin Nob","floor":7,"turns":6},{"damage":7,"enemies":"Blue Slaver","floor":13,"turns":6},{"damage":6,"enemies":"Looter","floor":14,"turns":3},{"damage":20,"enemies":"Hexaghost","floor":16,"turns":10},{"damage":19,"enemies":"3 Byrds","floor":18,"turns":7},{"damage":28,"enemies":"2 Thieves","floor":19,"turns":5},{"damage":25,"enemies":"Centurion and Healer","floor":21,"turns":7},{"damage":18,"enemies":"Snecko","floor":24,"turns":5},{"damage":37,"enemies":"Masked Bandits","floor":28,"turns":7},{"damage":21,"enemies":"Shelled Parasite and Fungi","floor":29,"turns":6},{"damage":45,"enemies":"Book of Stabbing","floor":30,"turns":7},{"damage":28,"enemies":"Automaton","floor":33,"turns":10},{"damage":39,"enemies":"3 Darklings","floor":35,"turns":6},{"damage":20,"enemies":"3 Shapes","floor":38,"turns":6},{"damage":47,"enemies":"Nemesis","floor":41,"turns":2}],"seed_played":"-7384652468180146663","potions_obtained":[{"floor":13,"key":"SpeedPotion"},{"floor":14,"key":"FearPotion"},{"floor":16,"key":"BloodPotion"},{"floor":18,"key":"EssenceOfSteel"},{"floor":24,"key":"EssenceOfSteel"},{"floor":29,"key":"FearPotion"},{"floor":33,"key":"SpeedPotion"},{"floor":38,"key":"Poison Potion"}],"is_trial":false,"path_per_floor":["M","?","M","M","?","R","E","$","T","R","$","R","M","M","R","B",null,"M","M","$","M","?","R","M","R","T","R","?","M","E","?","R","B",null,"M","$","?","M","?","R","E"],"character_chosen":"IRONCLAD","items_purchased":["Dark Embrace","Shrug It Off","Entrench"],"campfire_rested":1,"item_purchase_floors":[8,20,36],"current_hp_per_floor":[61,54,54,58,42,42,14,14,14,14,14,14,25,37,37,35,80,67,57,57,50,50,50,50,50,50,50,31,28,21,21,45,35,80,47,47,47,51,40,40,0],"gold":190,"neow_bonus":"THREE_RARE_CARDS","is_prod":false,"is_daily":false,"chose_seed":false,"campfire_upgraded":8,"win_rate":0.0,"timestamp":1570272396,"path_taken":["M","?","M","M","?","R","E","$","T","R","?","R","M","M","R","BOSS","M","M","$","?","?","R","M","R","T","R","?","M","E","?","R","BOSS","M","$","?","?","?","R","E"],"build_version":"2019-07-17","purchased_purges":1,"victory":false,"max_hp_per_floor":[80,80,80,80,80,80,80,80,80,80,80,80,80,80,80,80,80,80,80,80,80,80,80,80,80,80,80,80,80,80,80,80,80,80,80,80,80,86,86,86,86],"card_choices":[{"not_picked":["Limit Break","Feed"],"picked":"Demon Form","floor":0},{"not_picked":["Thunderclap","Wild Strike"],"picked":"True Grit","floor":1},{"not_picked":["Rage","Flex"],"picked":"Metallicize","floor":3},{"not_picked":["True Grit","Flame Barrier"],"picked":"Feel No Pain","floor":4},{"not_picked":["Sword Boomerang","Cleave"],"picked":"Ghostly Armor","floor":7},{"not_picked":["Anger","Headbutt"],"picked":"Barricade","floor":13},{"not_picked":["Pummel","Headbutt"],"picked":"Perfected Strike","floor":14},{"not_picked":["Feed","Dark Embrace"],"picked":"Juggernaut","floor":16},{"not_picked":["Rage","Thunderclap"],"picked":"Pommel Strike","floor":18},{"not_picked":["Blood for Blood","Hemokinesis+1"],"picked":"Second Wind","floor":19},{"not_picked":["Sword Boomerang","Disarm","Clothesline+1"],"picked":"SKIP","floor":21},{"not_picked":["Sword Boomerang+1","Headbutt"],"picked":"Wild Strike","floor":24},{"not_picked":["Warcry","Thunderclap+1"],"picked":"Twin Strike","floor":28},{"not_picked":["Hemokinesis","Shockwave"],"picked":"Combust","floor":29},{"not_picked":["Sword Boomerang","Anger+1"],"picked":"Feed","floor":30},{"not_picked":["Demon Form","Double Tap"],"picked":"Feed","floor":33},{"not_picked":["Heavy Blade+1","Clash"],"picked":"Twin Strike+1","floor":35},{"not_picked":["Dual Wield+1","Sword Boomerang+1","Twin Strike"],"picked":"SKIP","floor":38}],"player_experience":86421,"relics_obtained":[{"floor":7,"key":"Meat on the Bone"},{"floor":9,"key":"Shuriken"},{"floor":26,"key":"Anchor"},{"floor":28,"key":"Red Mask"},{"floor":30,"key":"Dodecahedron"}],"event_choices":[{"cards_removed":["True Grit"],"damage_healed":0,"gold_gain":0,"player_choice":"Card Removal","damage_taken":7,"max_hp_gain":0,"max_hp_loss":0,"event_name":"Golden Wing","floor":2,"gold_loss":0},{"damage_healed":0,"gold_gain":0,"player_choice":"Entered Light","damage_taken":16,"max_hp_gain":0,"max_hp_loss":0,"event_name":"Shining Light","floor":5,"gold_loss":0,"cards_upgraded":["Defend_R","Defend_R"]},{"damage_healed":0,"gold_gain":0,"player_choice":"Simplicity","damage_taken":0,"max_hp_gain":0,"max_hp_loss":0,"event_name":"Back to Basics","floor":22,"gold_loss":0,"cards_upgraded":["Strike_R","Strike_R","Strike_R","Strike_R","Defend_R","Defend_R"]},{"damage_healed":0,"gold_gain":0,"player_choice":"Fought Bandits","damage_taken":0,"max_hp_gain":0,"max_hp_loss":0,"event_name":"Masked Bandits","floor":28,"gold_loss":0},{"damage_healed":0,"gold_gain":0,"player_choice":"Smashed Altar","damage_taken":0,"max_hp_gain":0,"max_hp_loss":0,"event_name":"Forgotten Altar","floor":31,"gold_loss":0,"cards_obtained":["Decay"]},{"damage_healed":0,"gold_gain":0,"player_choice":"Upgraded","damage_taken":0,"max_hp_gain":0,"max_hp_loss":0,"event_name":"Upgrade Shrine","floor":37,"gold_loss":0,"cards_upgraded":["Entrench"]},{"damage_healed":0,"gold_gain":0,"player_choice":"Embrace Madness","damage_taken":11,"max_hp_gain":0,"max_hp_loss":0,"event_name":"Winding Halls","floor":39,"gold_loss":0,"cards_obtained":["Madness","Madness"]}],"is_beta":false,"boss_relics":[{"not_picked":["Runic Cube","Lizard Tail"],"picked":"Velvet Choker"},{"not_picked":["Busted Crown","Astrolabe"],"picked":"Runic Pyramid"}],"items_purged_floors":[20],"is_endless":false,"potions_floor_spawned":[13,14,16,18,24,29,33,38],"killed_by":"Nemesis","ascension_level":0}