{"gold_per_floor":[113,133,133,153,4,4,20,20,20,46,56,66,66,21,21,125,125,135,153,133,150,3,3,3,35,35,47,65,65,75,93,93,192,192,209,219,219,219,219,219,249,249,249,260,276,287,315,333,333,333,333,333,37,71,71],"floor_reached":55,"playtime":4874,"items_purged":[],"score":833,"play_id":"b010ac75-2c74-449f-ac05-540bc2691c86","local_time":"20181224025422","is_ascension_mode":false,"campfire_choices":[{"data":"Sword Boomerang","floor":6.0,"key":"SMITH"},{"floor":13.0,"key":"REST"},{"floor":15.0,"key":"REST"},{"floor":23,"key":"RECALL"},{"floor":32,"key":"REST"},{"floor":40,"key":"REST"},{"floor":42,"key":"REST"},{"floor":49,"key":"REST"},{"floor":52,"key":"REST"}],"neow_cost":"NONE","seed_source_timestamp":0,"circlet_count":0,"master_deck":["Strike_R","Strike_R","Strike_R+1","Strike_R","Defend_R","Defend_R","Defend_R","Defend_R+1","Bash","Spot Weakness","Whirlwind","Sword Boomerang+1","Shockwave","Rupture","Shrug It Off","Flex","Fiend Fire+1","Pommel Strike","Shrug It Off","Combust+1","Spot Weakness+1","Heavy Blade+1","Headbutt+1","Battle Trance","Power Through","Impervious","Disarm","Flex","Seeing Red","Anger+1","Dark Embrace","Offering","Thunderclap+1","Sword Boomerang","Armaments+1","Pommel Strike+1","Panacea","Dramatic Entrance","Anger","Battle Trance","Twin Strike+1","Shrug It Off+1","Shrug It Off+1","Impervious","Body Slam+1","Limit Break","Flex+1"],"special_seed":0,"relics":["Burning Blood","Pen Nib","Matryoshka","Ornamental Fan","Self Forming Clay","Prayer Wheel","Fusion Hammer","Dead Branch","Orichalcum","Red Skull","Velvet Choker","Boot","Juzu Bracelet","Whetstone","Lantern"],"potions_floor_usage":[21,33,45,47,50,55],"damage_taken":[{"damage":1.0,"enemies":"Cultist","floor":1.0,"turns":3.0},{"damage":2.0,"enemies":"2 Louse","floor":2.0,"turns":4.0},{"damage":9.0,"enemies":"Small Slimes","floor":4.0,"turns":3.0},{"damage":14.0,"enemies":"Blue Slaver","floor":7.0,"turns":4.0},{"damage":32.0,"enemies":"Lagavulin","floor":10.0,"turns":4.0},{"damage":6.0,"enemies":"Exordium Thugs","floor":11.0,"turns":4.0},{"damage":30.0,"enemies":"Large Slime","floor":12.0,"turns":6.0},{"damage":24.0,"enemies":"The Guardian","floor":16.0,"turns":11.0},{"damage":22.0,"enemies":"Spheric Guardian","floor":18.0,"turns":6.0},{"damage":2.0,"enemies":"Shell Parasite","floor":19.0,"turns":3.0},{"damage":6,"enemies":"Snecko","floor":21,"turns":5},{"damage":9,"enemies":"Slavers","floor":25,"turns":4},{"damage":6,"enemies":"Shelled Parasite and Fungi","floor":27,"turns":3},{"damage":6,"enemies":"Centurion and Healer","floor":28,"turns":4},{"damage":21,"enemies":"Snake Plant","floor":30,"turns":4},{"damage":10,"enemies":"Chosen and Byrds","floor":31,"turns":4},{"damage":41,"enemies":"Collector","floor":33,"turns":6},{"damage":10,"enemies":"Orb Walker","floor":35,"turns":4},{"damage":8,"enemies":"3 Darklings","floor":36,"turns":2},{"damage":6,"enemies":"Reptomancer","floor":41,"turns":5},{"damage":6,"enemies":"Spire Growth","floor":44,"turns":3},{"damage":48,"enemies":"Writhing Mass","floor":45,"turns":6},{"damage":21,"enemies":"Maw","floor":46,"turns":5},{"damage":8,"enemies":"Nemesis","floor":47,"turns":5},{"damage":8,"enemies":"Transient","floor":48,"turns":5},{"damage":38,"enemies":"Time Eater","floor":50,"turns":8},{"damage":67,"enemies":"Shield and Spear","floor":54,"turns":4},{"damage":56,"enemies":"The Heart","floor":55,"turns":5}],"seed_played":"1592134036205240273","potions_obtained":[{"floor":1.0,"key":"Regen Potion"},{"floor":10.0,"key":"Ancient Potion"},{"floor":12.0,"key":"EssenceOfSteel"},{"floor":16.0,"key":"Swift Potion"},{"floor":19.0,"key":"SmokeBomb"},{"floor":20.0,"key":"Dexterity Potion"},{"floor":21,"key":"Ancient Potion"},{"floor":33,"key":"SteroidPotion"},{"floor":35,"key":"Block Potion"},{"floor":46,"key":"GamblersBrew"},{"floor":48,"key":"LiquidBronze"},{"floor":54,"key":"SpeedPotion"}],"is_trial":false,"path_per_floor":["M","M","?","M","$","R","M","?","T","E","M","M","R","?","R","B",null,"M","M","?","M","$","R","$","E","T","M","M","?","M","M","R","B",null,"M","M","?","?","?","R","E","R","T","M","M","M","E","M","R","B",null,"R","$","E","B"],"character_chosen":"IRONCLAD","items_purchased":["Pen Nib","Battle Trance","Power Through","Limit Break","Whetstone"],"campfire_rested":7,"item_purchase_floors":[5,22,22,53,53],"current_hp_per_floor":[88,88,70,67,67,67,59,59,59,33,45,21,47,47,73,55,88,72,76,76,76,76,76,76,73,73,73,73,73,58,54,80,45,88,84,82,77,77,77,88,88,88,88,88,46,31,29,27,53,21,88,88,88,27,0],"gold":71,"neow_bonus":"TEN_PERCENT_HP_BONUS","is_prod":false,"is_daily":false,"chose_seed":false,"campfire_upgraded":1,"win_rate":0,"timestamp":1545638062,"path_taken":["M","M","?","M","$","R","M","?","T","E","M","M","R","?","R","BOSS","M","M","?","M","?","R","$","E","T","M","M","?","M","M","R","BOSS","M","M","?","?","?","R","E","R","T","?","M","?","E","M","R","BOSS","R","$","E","BOSS"],"build_version":"2018-12-20","purchased_purges":0,"victory":false,"max_hp_per_floor":[88,88,88,88,88,88,88,88,88,88,88,88,88,88,88,88,88,88,88,88,88,88,88,88,88,88,88,88,88,88,88,88,88,88,88,88,88,88,88,88,88,88,88,88,88,88,88,88,88,88,88,88,88,88,88],"card_choices":[{"not_picked":["Warcry","Clash"],"picked":"Spot Weakness","floor":1.0},{"not_picked":["Clothesline","Hemokinesis"],"picked":"Whirlwind","floor":2.0},{"not_picked":["Twin Strike","Infernal Blade"],"picked":"Sword Boomerang","floor":4.0},{"not_picked":["Wild Strike","Iron Wave","Dark Embrace"],"picked":"SKIP","floor":7.0},{"not_picked":["Heavy Blade","Flex"],"picked":"Shockwave","floor":10.0},{"not_picked":["Burning Pact","Perfected Strike"],"picked":"Rupture","floor":11.0},{"not_picked":["Shrug It Off","Intimidate","Clash"],"picked":"SKIP","floor":11.0},{"not_picked":["Cleave","Corruption"],"picked":"Shrug It Off","floor":12.0},{"not_picked":["Sentinel","Perfected Strike"],"picked":"Flex","floor":12.0},{"not_picked":["Feed","Exhume"],"picked":"Fiend Fire","floor":16.0},{"not_picked":["Sentinel","Battle Trance"],"picked":"Pommel Strike","floor":18.0},{"not_picked":["Corruption","Clothesline"],"picked":"Shrug It Off","floor":18.0},{"not_picked":["Anger+1","Heavy Blade"],"picked":"Combust+1","floor":19.0},{"not_picked":["Headbutt","Clash"],"picked":"Spot Weakness+1","floor":19.0},{"not_picked":["Evolve","Searing Blow+1"],"picked":"Heavy Blade+1","floor":21},{"not_picked":["Sentinel+1","True Grit"],"picked":"Headbutt+1","floor":21},{"not_picked":["Fire Breathing","Uppercut","Warcry"],"picked":"SKIP","floor":25},{"not_picked":["Intimidate","Havoc"],"picked":"Impervious","floor":27},{"not_picked":["Second Wind","Headbutt","Heavy Blade"],"picked":"SKIP","floor":27},{"not_picked":["Clash","Havoc"],"picked":"Disarm","floor":28},{"not_picked":["Carnage","Shrug It Off"],"picked":"Flex","floor":28},{"not_picked":["Flex","Entrench"],"picked":"Anger","floor":30},{"not_picked":["Perfected Strike","Reckless Charge+1"],"picked":"Dark Embrace","floor":30},{"not_picked":["Headbutt","Pommel Strike","Heavy Blade"],"picked":"SKIP","floor":31},{"not_picked":["Body Slam","Warcry","Perfected Strike"],"picked":"SKIP","floor":31},{"not_picked":["Limit Break","Fiend Fire"],"picked":"Offering","floor":33},{"not_picked":["Wild Strike","Dual Wield+1"],"picked":"Thunderclap+1","floor":35},{"not_picked":["Power Through","Iron Wave"],"picked":"Sword Boomerang","floor":35},{"not_picked":["Heavy Blade","Sever Soul+1"],"picked":"Armaments+1","floor":36},{"not_picked":["Clothesline","Carnage+1"],"picked":"Pommel Strike+1","floor":36},{"not_picked":["Jack Of All Trades","Deep Breath"],"picked":"Panacea","floor":37},{"not_picked":["Mind Blast","PanicButton"],"picked":"Dramatic Entrance","floor":37},{"not_picked":["Pummel","Clash+1"],"picked":"Anger","floor":41},{"not_picked":["Cleave+1","Feel No Pain"],"picked":"Battle Trance","floor":44},{"not_picked":["Shrug It Off","Wild Strike+1"],"picked":"Twin Strike+1","floor":44},{"not_picked":["Twin Strike","Bloodletting"],"picked":"Shrug It Off+1","floor":45},{"not_picked":["Entrench","Clash","Anger+1"],"picked":"SKIP","floor":45},{"not_picked":["Evolve","Armaments"],"picked":"Shrug It Off+1","floor":46},{"not_picked":["Pommel Strike","Pummel","Burning Pact"],"picked":"SKIP","floor":46},{"not_picked":["Thunderclap+1","Dark Embrace"],"picked":"Impervious","floor":47},{"not_picked":["Perfected Strike+1","Clash"],"picked":"Body Slam+1","floor":48},{"not_picked":["Twin Strike+1","Warcry","Sword Boomerang"],"picked":"SKIP","floor":48},{"not_picked":["Brutality","Sword Boomerang"],"picked":"Flex+1","floor":54}],"player_experience":2106523,"relics_obtained":[{"floor":9.0,"key":"Ornamental Fan"},{"floor":9.0,"key":"Self Forming Clay"},{"floor":10.0,"key":"Prayer Wheel"},{"floor":25,"key":"Dead Branch"},{"floor":26,"key":"Orichalcum"},{"floor":26,"key":"Red Skull"},{"floor":41,"key":"Boot"},{"floor":47,"key":"Juzu Bracelet"},{"floor":54,"key":"Lantern"}],"event_choices":[{"damage_healed":0.0,"max_hp_gain":0.0,"max_hp_loss":0.0,"gold_gain":0.0,"event_name":"Shining Light","player_choice":"Entered Light","floor":3.0,"gold_loss":0.0,"damage_taken":18.0,"cards_upgraded":["Defend_R","Strike_R"]},{"damage_healed":0.0,"max_hp_gain":0.0,"max_hp_loss":0.0,"gold_gain":0.0,"event_name":"Dead Adventurer","player_choice":"Searched \u00271\u0027 times","floor":8.0,"gold_loss":0.0,"damage_taken":0.0,"relics_obtained":["Matryoshka"]},{"damage_healed":0.0,"max_hp_gain":0.0,"max_hp_loss":0.0,"gold_gain":0.0,"event_name":"World of Goop","player_choice":"Left Gold","floor":14.0,"gold_loss":45.0,"damage_taken":0.0},{"damage_healed":0.0,"max_hp_gain":0.0,"max_hp_loss":0.0,"gold_gain":0.0,"event_name":"The Woman in Blue","player_choice":"Bought 1 Potion","floor":20.0,"gold_loss":0.0,"damage_taken":0.0},{"damage_healed":0,"gold_gain":0,"player_choice":"Read","damage_taken":0,"max_hp_gain":0,"max_hp_loss":0,"event_name":"The Library","floor":29,"gold_loss":0,"cards_obtained":["Seeing Red"]},{"damage_healed":0,"gold_gain":0,"player_choice":"Memory 2","damage_taken":5,"max_hp_gain":0,"max_hp_loss":0,"event_name":"SensoryStone","floor":37,"gold_loss":0},{"damage_healed":0,"gold_gain":0,"player_choice":"Ignored","damage_taken":0,"max_hp_gain":0,"max_hp_loss":0,"event_name":"Tomb of Lord Red Mask","floor":38,"gold_loss":0},{"cards_removed":["Strike_R"],"damage_healed":0,"gold_gain":0,"player_choice":"Offered Basic","damage_taken":0,"max_hp_gain":0,"max_hp_loss":0,"event_name":"Bonfire Elementals","floor":39,"gold_loss":0}],"is_beta":false,"boss_relics":[{"not_picked":["Astrolabe","Ectoplasm"],"picked":"Fusion Hammer"},{"not_picked":["Snecko Eye","Orrery"],"picked":"Velvet Choker"}],"items_purged_floors":[],"is_endless":false,"potions_floor_spawned":[1,10,12,16,19,21,31,33,35,41,46,48,54],"killed_by":"The Heart","ascension_level":0}