{"gold_per_floor":[111,131,149,159,172,172,198,216,216,43,53,53,65,77,77,77],"floor_reached":16,"playtime":1407,"items_purged":[],"score":216,"play_id":"50d5cb5f-e6c1-42cc-9d20-3f318a1596c0","local_time":"20190824010131","is_ascension_mode":true,"campfire_choices":[{"data":"Flame Barrier","floor":6.0,"key":"SMITH"},{"floor":12.0,"key":"REST"},{"data":"Power Through","floor":15.0,"key":"SMITH"}],"neow_cost":"NONE","seed_source_timestamp":738681813687144,"circlet_count":0,"master_deck":["AscendersBane","Strike_R","Strike_R","Strike_R","Strike_R","Strike_R","Defend_R","Defend_R","Defend_R","Defend_R","Bash","Shrug It Off","Flame Barrier+1","Body Slam","Disarm","Reaper","Rampage","Carnage","Headbutt","Power Through+1"],"special_seed":0,"relics":["Burning Blood","Ginger","Meat on the Bone","Pen Nib"],"potions_floor_usage":[],"damage_taken":[{"damage":6.0,"enemies":"Cultist","floor":1.0,"turns":3.0},{"damage":1.0,"enemies":"Small Slimes","floor":2.0,"turns":4.0},{"damage":4.0,"enemies":"Jaw Worm","floor":3.0,"turns":6.0},{"damage":9.0,"enemies":"2 Fungi Beasts","floor":4.0,"turns":6.0},{"damage":9.0,"enemies":"Lots of Slimes","floor":5.0,"turns":6.0},{"damage":31.0,"enemies":"3 Sentries","floor":7.0,"turns":9.0},{"damage":6.0,"enemies":"Large Slime","floor":8.0,"turns":8.0},{"damage":47.0,"enemies":"Exordium Thugs","floor":11.0,"turns":6.0},{"damage":0.0,"enemies":"2 Fungi Beasts","floor":13.0,"turns":3.0},{"damage":15.0,"enemies":"Gremlin Gang","floor":14.0,"turns":5.0},{"damage":63,"enemies":"Slime Boss","floor":16,"turns":8}],"seed_played":"2642271878334142493","potions_obtained":[{"floor":2.0,"key":"PowerPotion"},{"floor":5.0,"key":"BloodPotion"},{"floor":7.0,"key":"SkillPotion"},{"floor":11.0,"key":"SkillPotion"}],"is_trial":false,"path_per_floor":["M","M","M","M","M","R","E","M","T","$","M","R","M","M","R","B"],"character_chosen":"IRONCLAD","items_purchased":["Pen Nib"],"campfire_rested":1,"item_purchase_floors":[10],"current_hp_per_floor":[75,80,82,79,76,76,59,67,67,67,40,64,70,61,61,0],"gold":77,"neow_bonus":"TEN_PERCENT_HP_BONUS","is_prod":false,"is_daily":false,"chose_seed":false,"campfire_upgraded":2,"win_rate":0,"timestamp":1566622891,"path_taken":["M","M","M","M","M","R","E","M","T","$","M","R","M","?","R","BOSS"],"build_version":"2019-01-23","purchased_purges":0,"victory":false,"max_hp_per_floor":[82,82,82,82,82,82,82,82,82,82,82,82,82,82,82,82],"card_choices":[{"not_picked":["Reckless Charge","Twin Strike"],"picked":"Shrug It Off","floor":1.0},{"not_picked":["Rupture","Searing Blow","Dual Wield"],"picked":"SKIP","floor":2.0},{"not_picked":["True Grit","Thunderclap"],"picked":"Flame Barrier","floor":3.0},{"not_picked":["Infernal Blade","Shrug It Off"],"picked":"Body Slam","floor":4.0},{"not_picked":["Headbutt","Clash"],"picked":"Disarm","floor":5.0},{"not_picked":["True Grit","Rage"],"picked":"Reaper","floor":7.0},{"not_picked":["Anger","Clash"],"picked":"Rampage","floor":8.0},{"not_picked":["Iron Wave","Shrug It Off"],"picked":"Carnage","floor":11.0},{"not_picked":["Twin Strike","Pummel"],"picked":"Headbutt","floor":13.0},{"not_picked":["Cleave","Sword Boomerang"],"picked":"Power Through","floor":14.0}],"player_experience":2837739,"relics_obtained":[{"floor":7.0,"key":"Ginger"},{"floor":9.0,"key":"Meat on the Bone"}],"event_choices":[],"is_beta":false,"boss_relics":[],"items_purged_floors":[],"is_endless":false,"potions_floor_spawned":[2,5,7,11],"killed_by":"Slime Boss","ascension_level":20}