{"gold_per_floor":[213,231,44,62,80,114,114,145,171,154,154,182,201,219,219,291,291,306,322,339,24,24,24,58,58,58,58,58,70,120,139,139,213,213,225,245,245],"floor_reached":37,"playtime":4365,"items_purged":["Strike_R"],"score":793,"play_id":"3b7b5ca3-b209-4013-aea2-9882bb4dadaa","local_time":"20190407165735","is_ascension_mode":true,"campfire_choices":[{"floor":7,"key":"REST"},{"floor":11,"key":"REST"},{"floor":15,"key":"REST"},{"data":"Blind","floor":23,"key":"SMITH"},{"floor":25,"key":"REST"},{"data":"Disarm","floor":28,"key":"SMITH"},{"floor":32,"key":"REST"}],"neow_cost":"NONE","seed_source_timestamp":2112021541951749,"circlet_count":0,"master_deck":["AscendersBane","Defend_R","Defend_R","Defend_R+1","Defend_R","Bash","Combust","True Grit+1","Master of Strategy","Blood for Blood","Burning Pact","Anger","Thunderclap","Dual Wield","Whirlwind","Rupture","Headbutt","Bludgeon","Clothesline","Bloodletting","Disarm+1","Limit Break","Blind+1","Blood for Blood+1","Shame","Bite","Bite","Bite","Bite","Bite","Intimidate","Ghostly Armor","Reaper","Shrug It Off","Metallicize"],"special_seed":0,"relics":["Burning Blood","Juzu Bracelet","War Paint","Red Skull","Cursed Key","Centennial Puzzle","Gremlin Horn","Sozu"],"potions_floor_usage":[5,6,8,16,19,31],"damage_taken":[{"damage":10.0,"enemies":"Jaw Worm","floor":1.0,"turns":6.0},{"damage":1.0,"enemies":"Small Slimes","floor":2.0,"turns":3.0},{"damage":3.0,"enemies":"Cultist","floor":4.0,"turns":3.0},{"damage":12,"enemies":"Looter","floor":5,"turns":3},{"damage":36,"enemies":"Gremlin Nob","floor":6,"turns":4},{"damage":29,"enemies":"Lagavulin","floor":8,"turns":8},{"damage":18,"enemies":"Exordium Thugs","floor":10,"turns":4},{"damage":28,"enemies":"Gremlin Nob","floor":12,"turns":4},{"damage":11,"enemies":"Lots of Slimes","floor":13,"turns":2},{"damage":16,"enemies":"3 Louse","floor":14,"turns":2},{"damage":36,"enemies":"Slime Boss","floor":16,"turns":8},{"damage":3,"enemies":"3 Byrds","floor":18,"turns":4},{"damage":22,"enemies":"Shell Parasite","floor":19,"turns":5},{"damage":32,"enemies":"Centurion and Healer","floor":20,"turns":5},{"damage":45,"enemies":"Book of Stabbing","floor":24,"turns":6},{"damage":10,"enemies":"Snake Plant","floor":29,"turns":3},{"damage":13,"enemies":"Snecko","floor":31,"turns":4},{"damage":54,"enemies":"Champ","floor":33,"turns":10},{"damage":26,"enemies":"Orb Walker","floor":35,"turns":4},{"damage":43,"enemies":"3 Darklings","floor":36,"turns":8},{"damage":41,"enemies":"Maw","floor":37,"turns":6}],"seed_played":"-628250955288666562","potions_obtained":[{"floor":1.0,"key":"Regen Potion"},{"floor":2.0,"key":"FearPotion"},{"floor":5,"key":"Poison Potion"},{"floor":13,"key":"AttackPotion"},{"floor":16,"key":"BloodPotion"},{"floor":19,"key":"Ancient Potion"},{"floor":20,"key":"SteroidPotion"},{"floor":24,"key":"Explosive Potion"}],"is_trial":false,"path_per_floor":["M","M","$","M","M","E","R","E","T","M","R","E","M","M","R","B",null,"M","M","M","$","?","R","E","R","T","?","R","M","?","M","R","B",null,"M","M","M"],"character_chosen":"IRONCLAD","items_purchased":["Master of Strategy","Limit Break","Blind"],"campfire_rested":5,"item_purchase_floors":[3,21,21],"current_hp_per_floor":[64,69,69,72,66,36,58,49,49,37,59,37,34,26,48,20,61,66,59,35,35,50,50,13,35,35,35,35,33,33,32,54,22,62,60,31,0],"gold":245,"neow_bonus":"HUNDRED_GOLD","is_prod":false,"is_daily":false,"chose_seed":false,"campfire_upgraded":2,"win_rate":0,"timestamp":1554670655,"path_taken":["M","M","$","M","M","E","R","E","T","M","R","E","M","M","R","BOSS","M","M","M","$","?","R","E","R","T","?","R","M","?","M","R","BOSS","M","M","M"],"build_version":"2019-01-23","purchased_purges":1,"victory":false,"max_hp_per_floor":[75,75,75,75,75,75,75,75,75,75,75,75,75,75,75,75,75,75,75,75,75,75,75,75,75,75,75,75,75,75,75,75,75,75,75,75,75],"card_choices":[{"not_picked":["Power Through","Flex"],"picked":"Combust","floor":1.0},{"not_picked":["Shrug It Off","Pommel Strike"],"picked":"True Grit","floor":2.0},{"not_picked":["Wild Strike","Iron Wave"],"picked":"Blood for Blood","floor":4.0},{"not_picked":["Havoc","Warcry"],"picked":"Burning Pact","floor":5},{"not_picked":["Fire Breathing","Heavy Blade"],"picked":"Anger","floor":6},{"not_picked":["Body Slam","Cleave"],"picked":"Thunderclap","floor":8},{"not_picked":["Warcry","Wild Strike"],"picked":"Dual Wield","floor":10},{"not_picked":["Disarm","Double Tap"],"picked":"Whirlwind","floor":12},{"not_picked":["Anger","Shrug It Off"],"picked":"Rupture","floor":13},{"not_picked":["Second Wind","Sever Soul"],"picked":"Headbutt","floor":14},{"not_picked":["Berserk","Barricade"],"picked":"Bludgeon","floor":16},{"not_picked":["Havoc","Warcry"],"picked":"Clothesline","floor":18},{"not_picked":["Inflame","Twin Strike"],"picked":"Bloodletting","floor":19},{"not_picked":["Shrug It Off","Fire Breathing"],"picked":"Disarm","floor":20},{"not_picked":["Twin Strike","Thunderclap"],"picked":"Blood for Blood+1","floor":24},{"not_picked":["Twin Strike","Warcry"],"picked":"Intimidate","floor":29},{"not_picked":["Clothesline","Anger"],"picked":"Ghostly Armor","floor":31},{"not_picked":["Double Tap","Bludgeon"],"picked":"Reaper","floor":33},{"not_picked":["Entrench+1","Sword Boomerang"],"picked":"Shrug It Off","floor":35},{"not_picked":["Iron Wave","Perfected Strike"],"picked":"Metallicize","floor":36}],"player_experience":2462413,"relics_obtained":[{"floor":6,"key":"Juzu Bracelet"},{"floor":8,"key":"War Paint"},{"floor":9,"key":"Red Skull"},{"floor":12,"key":"Blood Vial"},{"floor":24,"key":"Centennial Puzzle"},{"floor":26,"key":"Gremlin Horn"}],"event_choices":[{"damage_healed":15,"gold_gain":0,"player_choice":"Heal","damage_taken":0,"max_hp_gain":0,"max_hp_loss":0,"event_name":"The Library","floor":22,"gold_loss":0},{"damage_healed":0,"gold_gain":0,"player_choice":"Became a vampire (Vial)","damage_taken":0,"max_hp_gain":0,"max_hp_loss":0,"event_name":"Vampires","floor":27,"relics_lost":["Blood Vial"],"gold_loss":0,"cards_obtained":["Bite","Bite","Bite","Bite","Bite"]},{"damage_healed":0,"gold_gain":50,"player_choice":"Stole From Cult","damage_taken":0,"max_hp_gain":0,"max_hp_loss":0,"event_name":"Nest","floor":30,"gold_loss":0}],"is_beta":false,"boss_relics":[{"not_picked":["Philosopher\u0027s Stone","Ectoplasm"],"picked":"Cursed Key"},{"not_picked":["Eternal Feather","Velvet Choker"],"picked":"Sozu"}],"items_purged_floors":[21],"is_endless":false,"potions_floor_spawned":[1,2,5,13,16,19,20,24,36],"killed_by":"Maw","ascension_level":16}