{"gold_per_floor":[367,380,67,86,161,161,178,178,223,223,223,259,259],"floor_reached":13,"playtime":905,"items_purged":[],"score":149,"play_id":"e953fb72-ac38-473a-967d-f81da5bbe226","local_time":"20190409212256","is_ascension_mode":true,"campfire_choices":[{"data":"Armaments","floor":6,"key":"SMITH"},{"data":"Clothesline","floor":10,"key":"SMITH"}],"neow_cost":"PERCENT_DAMAGE","seed_source_timestamp":2132189599863360,"circlet_count":0,"master_deck":["AscendersBane","Strike_R","Strike_R","Strike_R","Strike_R","Strike_R","Defend_R","Defend_R","Defend_R","Defend_R","Bash","Sword Boomerang","Armaments+1","Thunderclap","Spot Weakness","Clothesline+1","Ghostly Armor"],"relics":["Burning Blood","Ornamental Fan","Centennial Puzzle","Golden Idol","Juzu Bracelet"],"potions_floor_usage":[7,13,13],"damage_taken":[{"damage":3,"enemies":"2 Louse","floor":1,"turns":3},{"damage":3,"enemies":"Small Slimes","floor":2,"turns":4},{"damage":7,"enemies":"Jaw Worm","floor":4,"turns":5},{"damage":10,"enemies":"Exordium Thugs","floor":7,"turns":4},{"damage":27,"enemies":"3 Sentries","floor":12,"turns":7},{"damage":23,"enemies":"Gremlin Gang","floor":13,"turns":4}],"seed_played":"-3694325273747619367","potions_obtained":[{"floor":2,"key":"EssenceOfSteel"},{"floor":4,"key":"Block Potion"},{"floor":7,"key":"SteroidPotion"}],"is_trial":false,"path_per_floor":["M","M","$","M","?","R","M","?","T","R","?","E","M"],"character_chosen":"IRONCLAD","items_purchased":["Ornamental Fan","Thunderclap"],"campfire_rested":0,"item_purchase_floors":[3,3],"current_hp_per_floor":[53,56,56,55,44,44,40,40,40,40,40,19,0],"gold":259,"neow_bonus":"TWO_FIFTY_GOLD","is_prod":false,"is_daily":false,"chose_seed":false,"campfire_upgraded":2,"win_rate":0,"timestamp":1554859376,"path_taken":["M","M","$","M","?","R","M","?","T","R","?","E","M"],"build_version":"2019-01-23","purchased_purges":0,"victory":false,"max_hp_per_floor":[75,75,75,75,75,75,75,75,75,75,68,68,68],"card_choices":[{"not_picked":["Clash","Flex"],"picked":"Sword Boomerang","floor":1},{"not_picked":["Havoc","Power Through"],"picked":"Armaments","floor":2},{"not_picked":["Havoc","Clash"],"picked":"Spot Weakness","floor":4},{"not_picked":["Pommel Strike","Cleave"],"picked":"Clothesline","floor":7},{"not_picked":["Blood for Blood","Sever Soul"],"picked":"Ghostly Armor","floor":12}],"player_experience":2474307,"relics_obtained":[{"floor":9,"key":"Centennial Puzzle"},{"floor":12,"key":"Juzu Bracelet"}],"event_choices":[{"damage_healed":0,"gold_gain":75,"player_choice":"Gather Gold","damage_taken":11,"max_hp_gain":0,"max_hp_loss":0,"event_name":"World of Goop","floor":5,"gold_loss":0},{"damage_healed":0,"gold_gain":0,"player_choice":"Fled","damage_taken":0,"max_hp_gain":0,"max_hp_loss":0,"event_name":"Scrap Ooze","floor":8,"gold_loss":0},{"damage_healed":0,"gold_gain":0,"player_choice":"Lose Max HP","damage_taken":0,"relics_obtained":["Golden Idol"],"max_hp_gain":0,"max_hp_loss":7,"event_name":"Golden Idol","floor":11,"gold_loss":0}],"is_beta":false,"boss_relics":[],"items_purged_floors":[],"is_endless":false,"potions_floor_spawned":[2,4,7],"killed_by":"Gremlin Gang","ascension_level":16}