{"gold_per_floor":[118,137,137,152,169,201,201,47,47,12,12,27,60,70,70,141,141,152,171,96,115,30,30,56,56,137,162,162,174,174,192,192,265,265,279,298,298,5,5,32,32,47,47,74,86,139,139,154,154,154],"floor_reached":51,"playtime":4328,"items_purged":[],"score":1319,"play_id":"e7e119e0-d648-4fa7-ae16-7b7fd019d32b","local_time":"20190226231601","is_ascension_mode":true,"campfire_choices":[{"data":"Hologram","floor":7.0,"key":"SMITH"},{"data":"Go for the Eyes","floor":11.0,"key":"SMITH"},{"floor":15.0,"key":"REST"},{"floor":23.0,"key":"RECALL"},{"data":"1","floor":25.0,"key":"LIFT"},{"data":"2","floor":30.0,"key":"LIFT"},{"data":"3","floor":32.0,"key":"LIFT"},{"floor":41.0,"key":"REST"},{"floor":47,"key":"REST"},{"floor":49,"key":"REST"}],"neow_cost":"NONE","seed_source_timestamp":965643584813397,"circlet_count":0,"master_deck":["AscendersBane","Strike_B","Strike_B","Strike_B","Defend_B","Defend_B","Defend_B","Defend_B","Zap","Dualcast","Hologram+1","Gash","Gash","Rebound","Go for the Eyes+1","Buffer+1","BootSequence","Cold Snap","Biased Cognition+1","Electrodynamics+1","Self Repair+1","Conserve Battery+1","Thunder Strike","Sweeping Beam+1","Stack+1","Skim","All For One","Beam Cell","Madness","Finesse","Turbo","Trip","Echo Form+1","Steam","Hologram+1"],"special_seed":0,"relics":["Cracked Core","Incense Burner","Frozen Egg 2","Bottled Lightning","Fusion Hammer","Anchor","Girya","Tiny Chest","PreservedInsect","Eternal Feather","Letter Opener","Singing Bowl","Bottled Tornado","Pear","Prayer Wheel"],"potions_floor_usage":[45,48],"damage_taken":[{"damage":4.0,"enemies":"Small Slimes","floor":1.0,"turns":4.0},{"damage":4.0,"enemies":"2 Louse","floor":2.0,"turns":2.0},{"damage":7.0,"enemies":"Jaw Worm","floor":4.0,"turns":2.0},{"damage":13.0,"enemies":"Large Slime","floor":5.0,"turns":6.0},{"damage":37.0,"enemies":"3 Sentries","floor":6.0,"turns":8.0},{"damage":4.0,"enemies":"Red Slaver","floor":12.0,"turns":4.0},{"damage":0.0,"enemies":"Lagavulin","floor":13.0,"turns":3.0},{"damage":0.0,"enemies":"2 Fungi Beasts","floor":14.0,"turns":3.0},{"damage":9.0,"enemies":"Slime Boss","floor":16.0,"turns":9.0},{"damage":0.0,"enemies":"3 Byrds","floor":18.0,"turns":2.0},{"damage":11.0,"enemies":"Shell Parasite","floor":19.0,"turns":4.0},{"damage":0.0,"enemies":"Sentry and Sphere","floor":21.0,"turns":3.0},{"damage":18.0,"enemies":"Gremlin Leader","floor":24.0,"turns":8.0},{"damage":16.0,"enemies":"Book of Stabbing","floor":27.0,"turns":5.0},{"damage":1.0,"enemies":"Centurion and Healer","floor":29.0,"turns":4.0},{"damage":0.0,"enemies":"Shelled Parasite and Fungi","floor":31.0,"turns":4.0},{"damage":13.0,"enemies":"Champ","floor":33.0,"turns":16.0},{"damage":16.0,"enemies":"3 Darklings","floor":35.0,"turns":3.0},{"damage":2.0,"enemies":"Orb Walker","floor":36.0,"turns":4.0},{"damage":7.0,"enemies":"Reptomancer","floor":40.0,"turns":4.0},{"damage":0.0,"enemies":"Transient","floor":42.0,"turns":5.0},{"damage":18,"enemies":"Nemesis","floor":44,"turns":5},{"damage":3,"enemies":"Spire Growth","floor":45,"turns":6},{"damage":20,"enemies":"2 Orb Walkers","floor":46,"turns":3},{"damage":30,"enemies":"Jaw Worm Horde","floor":48,"turns":3},{"damage":75,"enemies":"Time Eater","floor":50,"turns":13}],"seed_played":"1542202484082429435","potions_obtained":[{"floor":1.0,"key":"Regen Potion"},{"floor":6.0,"key":"FearPotion"},{"floor":12.0,"key":"Strength Potion"},{"floor":14.0,"key":"Regen Potion"},{"floor":16.0,"key":"AttackPotion"},{"floor":21.0,"key":"Fruit Juice"},{"floor":24.0,"key":"Weak Potion"},{"floor":33.0,"key":"GamblersBrew"},{"floor":35.0,"key":"FairyPotion"},{"floor":45,"key":"Fruit Juice"},{"floor":46,"key":"PowerPotion"}],"is_trial":false,"path_per_floor":["M","M","$","M","M","E","R","$","T","?","R","M","E","M","R","B",null,"M","M","?","M","?","R","E","R","T","E","?","M","R","M","R","B",null,"M","M","?","$","T","E","R","M","T","E","M","?","R","M","R","B",null],"character_chosen":"DEFECT","items_purchased":["Buffer","Turbo","Trip","Echo Form+1"],"campfire_rested":4,"item_purchase_floors":[8,38,38,38],"current_hp_per_floor":[67,63,63,56,57,20,20,20,20,20,20,16,16,16,39,45,70,70,69,69,74,74,74,66,66,66,60,60,59,59,59,59,56,76,70,68,63,63,63,58,85,85,85,79,93,95,106,78,108,43],"gold":154,"neow_bonus":"TEN_PERCENT_HP_BONUS","is_prod":false,"is_daily":false,"chose_seed":false,"campfire_upgraded":2,"win_rate":0,"timestamp":1551240961,"path_taken":["M","M","$","M","M","E","R","$","T","?","R","M","E","M","R","BOSS","M","M","?","M","?","R","E","R","T","E","?","?","R","M","R","BOSS","M","M","?","$","?","E","R","M","T","E","M","?","R","M","R","BOSS"],"build_version":"2019-01-23","purchased_purges":0,"victory":true,"max_hp_per_floor":[78,78,78,78,78,78,78,78,78,78,78,78,78,78,78,78,78,78,78,78,83,83,83,83,83,83,83,83,83,83,83,83,83,83,83,83,83,83,83,85,85,85,85,97,104,106,106,108,108,108],"card_choices":[{"not_picked":["Recycle","Defragment"],"picked":"Hologram","floor":1.0},{"not_picked":["Scrape","Conserve Battery"],"picked":"Gash","floor":2.0},{"not_picked":["Reinforced Body","Aggregate"],"picked":"Gash","floor":4.0},{"not_picked":["Capacitor","Steam"],"picked":"Rebound","floor":5.0},{"not_picked":["Tempest","Compile Driver"],"picked":"Go for the Eyes","floor":6.0},{"not_picked":["Rebound","Rip and Tear"],"picked":"BootSequence","floor":12.0},{"not_picked":["White Noise","Go for the Eyes"],"picked":"Cold Snap","floor":13.0},{"not_picked":["Cold Snap","Rebound"],"picked":"Biased Cognition+1","floor":14.0},{"not_picked":["Thunder Strike","Hyperbeam"],"picked":"Electrodynamics+1","floor":16.0},{"not_picked":["Lockon","Go for the Eyes"],"picked":"Self Repair+1","floor":18.0},{"not_picked":["Force Field","Stack"],"picked":"Conserve Battery+1","floor":19.0},{"not_picked":["Turbo","Go for the Eyes","Leap"],"picked":"SKIP","floor":21.0},{"not_picked":["Chaos","Coolheaded"],"picked":"Thunder Strike","floor":24.0},{"not_picked":["Scrape","Blizzard"],"picked":"Sweeping Beam+1","floor":27.0},{"not_picked":["Sweeping Beam","Redo"],"picked":"Stack+1","floor":29.0},{"not_picked":["Leap","Hologram"],"picked":"Skim","floor":31.0},{"not_picked":["Amplify","Buffer+1"],"picked":"All For One","floor":33.0},{"not_picked":["Go for the Eyes","Stack"],"picked":"Beam Cell","floor":35.0},{"not_picked":["Recycle","Aggregate","Storm+1"],"picked":"SKIP","floor":36.0},{"not_picked":["Flash of Steel","Magnetism+1"],"picked":"Madness","floor":37.0},{"not_picked":["Transmutation","Swift Strike"],"picked":"Finesse","floor":37.0},{"not_picked":["Darkness","Doom and Gloom+1","Barrage"],"picked":"Singing Bowl","floor":40.0},{"not_picked":["Scrape","Force Field"],"picked":"Steam","floor":42.0},{"not_picked":["Steam","Sunder","Chill"],"picked":"Singing Bowl","floor":44},{"not_picked":["Conserve Battery","Beam Cell","Aggregate"],"picked":"Singing Bowl","floor":45},{"not_picked":["Blizzard","White Noise","Compile Driver"],"picked":"Singing Bowl","floor":46},{"not_picked":["Consume","FTL+1","Steam"],"picked":"Singing Bowl","floor":48},{"not_picked":["Scrape","Tempest"],"picked":"Hologram+1","floor":48}],"player_experience":2314981,"relics_obtained":[{"floor":6.0,"key":"Incense Burner"},{"floor":9.0,"key":"Frozen Egg 2"},{"floor":13.0,"key":"Bottled Lightning"},{"floor":24.0,"key":"Girya"},{"floor":26.0,"key":"Tiny Chest"},{"floor":27.0,"key":"PreservedInsect"},{"floor":39.0,"key":"Letter Opener"},{"floor":40.0,"key":"Singing Bowl"},{"floor":43.0,"key":"Bottled Tornado"},{"floor":44,"key":"Pear"},{"floor":46,"key":"Prayer Wheel"}],"event_choices":[{"damage_healed":0.0,"max_hp_gain":0.0,"max_hp_loss":0.0,"gold_gain":0.0,"event_name":"World of Goop","player_choice":"Left Gold","floor":10.0,"gold_loss":35.0,"damage_taken":0.0},{"cards_removed":["Strike_B"],"damage_healed":0.0,"max_hp_gain":0.0,"max_hp_loss":0.0,"gold_gain":0.0,"event_name":"Beggar","player_choice":"Gave Gold","floor":20.0,"gold_loss":75.0,"damage_taken":0.0},{"damage_healed":0.0,"max_hp_gain":0.0,"max_hp_loss":0.0,"gold_gain":0.0,"event_name":"Addict","player_choice":"Obtained Relic","floor":22.0,"gold_loss":85.0,"damage_taken":0.0,"relics_obtained":["Anchor"]},{"damage_healed":0.0,"max_hp_gain":0.0,"max_hp_loss":0.0,"gold_gain":0.0,"event_name":"Accursed Blacksmith","player_choice":"Forge","floor":28.0,"gold_loss":0.0,"damage_taken":0.0,"cards_upgraded":["Buffer"]},{"damage_healed":0.0,"max_hp_gain":0.0,"max_hp_loss":0.0,"gold_gain":0.0,"event_name":"SensoryStone","player_choice":"Memory 2","floor":37.0,"gold_loss":0.0,"damage_taken":5.0},{"damage_healed":0,"gold_gain":0,"player_choice":"Fight","damage_taken":0,"max_hp_gain":0,"max_hp_loss":0,"event_name":"Mysterious Sphere","floor":46,"gold_loss":0}],"is_beta":false,"boss_relics":[{"not_picked":["Inserter","Orrery"],"picked":"Fusion Hammer"},{"not_picked":["Snecko Eye","Cursed Key"],"picked":"Eternal Feather"}],"items_purged_floors":[],"is_endless":false,"potions_floor_spawned":[1,6,12,14,16,21,24,33,35,45,46],"ascension_level":14}