{"path_per_floor":["M","?","?","M","M","R","E","M","T","$","M","?","M","E","R","B",null,"M","$","M","?","?","R","E","R","T"],"character_chosen":"IRONCLAD","items_purchased":["Flex","Inflame","Inflame","Dropkick","Flex","Rage","Shrug It Off"],"gold_per_floor":[117,117,117,134,153,153,178,196,243,21,40,40,52,78,78,178,178,191,20,32,132,132,132,159,159,159,159],"floor_reached":27,"campfire_rested":2,"playtime":2306,"item_purchase_floors":[10,10,10,19,19,19,19],"current_hp_per_floor":[72,56,49,55,60,60,40,34,34,34,31,31,22,28,52,16,80,59,59,32,32,32,56,30,30,30,0],"items_purged":["Defend_R"],"gold":159,"score":293,"play_id":"57b21f60-e349-4c0e-9929-d41ceeb9c834","local_time":"20180528200856","is_prod":false,"is_daily":false,"chose_seed":false,"is_ascension_mode":true,"campfire_upgraded":2,"win_rate":0,"timestamp":1527552536,"campfire_choices":[{"data":"Double Tap","floor":6,"key":"SMITH"},{"floor":15,"key":"REST"},{"floor":23,"key":"REST"},{"data":"Rage","floor":25,"key":"SMITH"}],"path_taken":["M","?","?","M","M","R","E","M","T","$","M","?","?","E","R","BOSS","M","$","M","?","?","R","E","R","T","M"],"build_version":"2018-05-24","seed_source_timestamp":695580584384715,"purchased_purges":1,"victory":false,"master_deck":["Strike_R+1","Strike_R","Strike_R","Strike_R","Defend_R+1","Defend_R","Defend_R","Bash","Double Tap+1","Cleave","Havoc","Rage","Fiend Fire","Shrug It Off","Flex","Inflame","Inflame","Corruption","Bash","Brutality","Feel No Pain","Fiend Fire","Fire Breathing","Dropkick","Flex","Rage+1","Shrug It Off","Whirlwind+1","Uppercut","Pommel Strike"],"max_hp_per_floor":[80,80,80,80,80,80,80,80,80,80,80,80,80,80,80,80,80,80,80,80,80,80,80,80,80,80,80],"relics":["Burning Blood","The Courier","Happy Flower","Vajra","Omamori","Sozu","Bottled Flame","Bag of Preparation"],"card_choices":[{"not_picked":["Clash","Sword Boomerang"],"picked":"Cleave","floor":1},{"not_picked":["Shockwave","Wild Strike"],"picked":"Havoc","floor":4},{"not_picked":["Pummel","Sword Boomerang"],"picked":"Rage","floor":5},{"not_picked":["Disarm","Burning Pact"],"picked":"Fiend Fire","floor":7},{"not_picked":["Infernal Blade","Armaments"],"picked":"Shrug It Off","floor":8},{"not_picked":["Clash","True Grit"],"picked":"Corruption","floor":11},{"not_picked":["Body Slam","Anger","Clothesline"],"picked":"SKIP","floor":13},{"not_picked":["Iron Wave","Perfected Strike"],"picked":"Feel No Pain","floor":14},{"not_picked":["Impervious","Reaper"],"picked":"Fiend Fire","floor":16},{"not_picked":["Twin Strike","Clothesline"],"picked":"Fire Breathing","floor":18},{"not_picked":["Flex","Armaments"],"picked":"Whirlwind+1","floor":20},{"not_picked":["Body Slam","True Grit"],"picked":"Pommel Strike","floor":24}],"player_experience":505630,"potions_floor_usage":[14,14,16],"damage_taken":[{"damage":14,"enemies":"Jaw Worm","floor":1,"turns":3},{"damage":0,"enemies":"2 Louse","floor":4,"turns":2},{"damage":1,"enemies":"Cultist","floor":5,"turns":3},{"damage":26,"enemies":"Lagavulin","floor":7,"turns":9},{"damage":12,"enemies":"Large Slime","floor":8,"turns":6},{"damage":9,"enemies":"Red Slaver","floor":11,"turns":3},{"damage":15,"enemies":"Exordium Wildlife","floor":13,"turns":3},{"damage":0,"enemies":"Gremlin Nob","floor":14,"turns":2},{"damage":42,"enemies":"The Guardian","floor":16,"turns":8},{"damage":27,"enemies":"Shell Parasite","floor":18,"turns":4},{"damage":33,"enemies":"Spheric Guardian","floor":20,"turns":5},{"damage":32,"enemies":"Gremlin Leader","floor":24,"turns":9},{"damage":33,"enemies":"3 Cultists","floor":27,"turns":4}],"relics_obtained":[{"floor":7,"key":"Happy Flower"},{"floor":9,"key":"Vajra"},{"floor":14,"key":"Omamori"},{"floor":24,"key":"Bottled Flame"},{"floor":26,"key":"Bag of Preparation"}],"event_choices":[{"event_name":"Shining Light","player_choice":"Entered Light","floor":2,"damage_taken":0},{"event_name":"Scrap Ooze","player_choice":"success","floor":3,"damage_taken":7},{"event_name":"Match and Keep!","player_choice":"2 cards matched","floor":12,"damage_taken":0},{"event_name":"Golden Shrine","player_choice":"Pray","floor":21,"damage_taken":0},{"event_name":"Transmorgrifier","player_choice":"Transform","floor":22,"damage_taken":0}],"boss_relics":[{"not_picked":["Eternal Feather","Orrery"],"picked":"Sozu"}],"items_purged_floors":[10],"potions_floor_spawned":[4,8,13,20],"seed_played":"-8134228452375573575","killed_by":"3 Cultists","ascension_level":2,"potions_obtained":[{"floor":4,"key":"Energy Potion"},{"floor":8,"key":"SteroidPotion"},{"floor":13,"key":"Poison Potion"}],"is_trial":false}