{"gold_per_floor":[109,7,23,42,56,84,84,113,113,113,126,126,34,209,209,305,355,372,387,5,38,51,51,51,51,51,51,51,63,82,97,97,197,197,209,11,28,28,50,62,74,101,140,152,175,187,199,211],"floor_reached":48,"playtime":1785,"items_purged":[],"score":536,"play_id":"7723e84a-04a4-426a-b19f-75dad02f0c77","local_time":"20191026175240","is_ascension_mode":true,"campfire_choices":[{"floor":7.0,"key":"REST"},{"floor":15.0,"key":"REST"},{"floor":23.0,"key":"REST"},{"floor":27.0,"key":"REST"},{"floor":32,"key":"REST"},{"floor":40,"key":"REST"},{"floor":44,"key":"RECALL"},{"floor":47,"key":"REST"}],"neow_cost":"NONE","seed_source_timestamp":0,"circlet_count":0,"master_deck":["Strike_B+1","Strike_B+1","Strike_B+1","Strike_B+1","Defend_B+1","Defend_B+1","Defend_B+1","Defend_B+1","Zap","Dualcast","Conserve Battery","Static Discharge+1","Electrodynamics","Leap","Redo","Thunder Strike","Cold Snap","Doom and Gloom","Leap","Rebound","Doubt","Multi-Cast","Ball Lightning","Self Repair+1","Beam Cell+1","Loop","Defragment+1","Sweeping Beam+1","Shame","J.A.X.","Ball Lightning","Redo+1","Echo Form","Static Discharge+1","Beam Cell","Capacitor+1","Leap","Writhe","Go for the Eyes","Streamline"],"special_seed":0,"relics":["Cracked Core","Shuriken","Bronze Scales","Tiny House","White Beast Statue","StoneCalendar","Bag of Preparation","Philosopher\u0027s Stone","DataDisk","MawBank","MealTicket"],"potions_floor_usage":[31,31,33,37,42,42,45,48],"damage_taken":[{"damage":3.0,"enemies":"2 Louse","floor":1.0,"turns":3.0},{"damage":0.0,"enemies":"Cultist","floor":3.0,"turns":4.0},{"damage":0.0,"enemies":"Jaw Worm","floor":4.0,"turns":5.0},{"damage":16.0,"enemies":"2 Fungi Beasts","floor":5.0,"turns":3.0},{"damage":14.0,"enemies":"3 Sentries","floor":6.0,"turns":2.0},{"damage":37.0,"enemies":"Gremlin Nob","floor":8.0,"turns":4.0},{"damage":10.0,"enemies":"3 Louse","floor":11.0,"turns":2.0},{"damage":22.0,"enemies":"The Guardian","floor":16.0,"turns":8.0},{"damage":17.0,"enemies":"Spheric Guardian","floor":18.0,"turns":3.0},{"damage":36.0,"enemies":"2 Thieves","floor":19.0,"turns":2.0},{"damage":26.0,"enemies":"Centurion and Healer","floor":21.0,"turns":6.0},{"damage":23.0,"enemies":"Snecko","floor":22.0,"turns":6.0},{"damage":39.0,"enemies":"Snake Plant","floor":29.0,"turns":3.0},{"damage":15.0,"enemies":"Sentry and Sphere","floor":30.0,"turns":3.0},{"damage":1,"enemies":"Snecko","floor":31,"turns":3},{"damage":57,"enemies":"Collector","floor":33,"turns":7},{"damage":24,"enemies":"Orb Walker","floor":35,"turns":3},{"damage":7,"enemies":"3 Shapes","floor":37,"turns":2},{"damage":46,"enemies":"Maw","floor":39,"turns":5},{"damage":78,"enemies":"Transient","floor":42,"turns":5},{"damage":34,"enemies":"4 Shapes","floor":45,"turns":4},{"damage":57,"enemies":"Jaw Worm Horde","floor":48,"turns":2}],"seed_played":"-6156913604060102677","potions_obtained":[{"floor":5.0,"key":"SkillPotion"},{"floor":8.0,"key":"AttackPotion"},{"floor":11.0,"key":"DuplicationPotion"},{"floor":17.0,"key":"SpeedPotion"},{"floor":19.0,"key":"ColorlessPotion"},{"floor":21.0,"key":"Energy Potion"},{"floor":22.0,"key":"SteroidPotion"},{"floor":31,"key":"PowerPotion"},{"floor":33,"key":"Weak Potion"},{"floor":35,"key":"AttackPotion"},{"floor":37,"key":"FairyPotion"},{"floor":39,"key":"SteroidPotion"},{"floor":42,"key":"Ancient Potion"},{"floor":45,"key":"Block Potion"}],"is_trial":false,"path_per_floor":["M","$","M","M","M","E","R","E","T","?","M","?","$","?","R","B",null,"M","M","$","M","M","R","?","?","T","R","?","M","M","M","R","B",null,"M","$","M","?","M","R","?","M","T","R","M","?","R","M"],"character_chosen":"DEFECT","items_purchased":["Static Discharge","Coolheaded","Leap","Rebound","Loop","Regen Potion","White Beast Statue","DataDisk","Beam Cell"],"campfire_rested":7,"item_purchase_floors":[2,2,13,13,20,20,20,36,36],"current_hp_per_floor":[79,79,79,79,63,49,73,36,36,36,26,26,26,26,50,28,87,70,34,34,33,20,46,46,46,46,72,72,43,35,34,60,10,87,63,63,56,56,27,53,75,43,43,43,26,26,52,0],"gold":211,"neow_bonus":"TEN_PERCENT_HP_BONUS","is_prod":false,"is_daily":false,"chose_seed":false,"campfire_upgraded":0,"win_rate":0,"timestamp":1572123160,"path_taken":["M","$","M","M","M","E","R","E","T","?","?","?","?","?","R","BOSS","M","M","$","M","M","R","?","?","T","R","?","M","M","M","R","BOSS","M","$","M","?","?","R","?","M","T","R","M","?","R","M"],"build_version":"2019-10-25-V3","purchased_purges":0,"victory":false,"max_hp_per_floor":[82,82,82,82,82,82,82,82,82,82,82,82,82,82,82,82,87,87,87,87,87,87,87,87,87,87,87,87,87,87,87,87,87,87,87,87,87,87,87,87,87,87,87,87,87,87,87,87],"card_choices":[{"not_picked":["Leap","Sweeping Beam"],"picked":"Conserve Battery","floor":1.0},{"not_picked":["Blizzard","Barrage"],"picked":"Electrodynamics","floor":3.0},{"not_picked":["Beam Cell","Compile Driver"],"picked":"Leap","floor":4.0},{"not_picked":["Beam Cell","Force Field"],"picked":"Redo","floor":5.0},{"not_picked":["Stack","Ball Lightning"],"picked":"Thunder Strike","floor":6.0},{"not_picked":["Tempest","Rebound"],"picked":"Cold Snap","floor":8.0},{"not_picked":["Redo","Consume"],"picked":"Doom and Gloom","floor":11.0},{"not_picked":["Electrodynamics","All For One"],"picked":"Multi-Cast","floor":16.0},{"not_picked":["Beam Cell","Force Field"],"picked":"Ball Lightning","floor":17.0},{"not_picked":["Sweeping Beam+1","Cold Snap"],"picked":"Self Repair+1","floor":18.0},{"not_picked":["Sweeping Beam","Stack"],"picked":"Beam Cell+1","floor":19.0},{"not_picked":["Beam Cell","Reboot"],"picked":"Defragment+1","floor":21.0},{"not_picked":["Ball Lightning","Turbo"],"picked":"Sweeping Beam+1","floor":22.0},{"not_picked":["Leap","Double Energy"],"picked":"Self Repair","floor":29.0},{"not_picked":["Gash+1","Scrape"],"picked":"Ball Lightning","floor":30},{"not_picked":["Cold Snap+1","Scrape"],"picked":"Redo+1","floor":31},{"not_picked":["Buffer","Core Surge"],"picked":"Echo Form","floor":33},{"not_picked":["White Noise","Fusion"],"picked":"Static Discharge+1","floor":35},{"not_picked":["Hologram","Reprogram"],"picked":"Capacitor+1","floor":37},{"not_picked":["Compile Driver+1","Coolheaded"],"picked":"Leap","floor":39},{"not_picked":["Heatsinks","Steam"],"picked":"Go for the Eyes","floor":42},{"not_picked":["Stack+1","Self Repair"],"picked":"Streamline","floor":45}],"player_experience":483485,"relics_obtained":[{"floor":6.0,"key":"Shuriken"},{"floor":8.0,"key":"Bronze Scales"},{"floor":26.0,"key":"Bag of Preparation"},{"floor":43,"key":"MealTicket"}],"event_choices":[{"damage_healed":0.0,"max_hp_gain":0.0,"max_hp_loss":0.0,"gold_gain":0.0,"event_name":"Accursed Blacksmith","player_choice":"Forge","floor":10.0,"gold_loss":0.0,"damage_taken":0.0,"cards_upgraded":["Static Discharge"]},{"cards_removed":["Coolheaded"],"damage_healed":0.0,"max_hp_gain":0.0,"max_hp_loss":0.0,"gold_gain":0.0,"event_name":"Purifier","player_choice":"Purged","floor":12.0,"gold_loss":0.0,"damage_taken":0.0},{"damage_healed":0.0,"max_hp_gain":0.0,"max_hp_loss":0.0,"gold_gain":175.0,"event_name":"Liars Game","player_choice":"AGREE","floor":14.0,"gold_loss":0.0,"damage_taken":0.0,"cards_obtained":["Doubt"]},{"damage_healed":0.0,"max_hp_gain":0.0,"max_hp_loss":0.0,"gold_gain":0.0,"event_name":"Back to Basics","player_choice":"Simplicity","floor":24.0,"gold_loss":0.0,"damage_taken":0.0,"cards_upgraded":["Strike_B","Strike_B","Strike_B","Strike_B","Defend_B","Defend_B","Defend_B"]},{"damage_healed":0.0,"max_hp_gain":0.0,"max_hp_loss":0.0,"gold_gain":0.0,"event_name":"Addict","player_choice":"Stole Relic","floor":25.0,"gold_loss":0.0,"damage_taken":0.0,"relics_obtained":["StoneCalendar"],"cards_obtained":["Shame"]},{"damage_healed":0.0,"max_hp_gain":0.0,"max_hp_loss":0.0,"gold_gain":0.0,"event_name":"Drug Dealer","player_choice":"Obtain J.A.X.","floor":28.0,"gold_loss":0.0,"damage_taken":0.0,"cards_obtained":["J.A.X."]},{"damage_healed":0,"gold_gain":0,"player_choice":"Gave Potion","damage_taken":0,"relics_obtained":["MawBank"],"max_hp_gain":0,"max_hp_loss":0,"event_name":"WeMeetAgain","floor":38,"gold_loss":0},{"damage_healed":22,"gold_gain":0,"player_choice":"Writhe","damage_taken":0,"max_hp_gain":0,"max_hp_loss":0,"event_name":"Winding Halls","floor":41,"gold_loss":0,"cards_obtained":["Writhe"]},{"cards_removed":["Self Repair"],"damage_healed":0,"gold_gain":0,"player_choice":"Removed Power","damage_taken":0,"max_hp_gain":0,"max_hp_loss":0,"event_name":"Falling","floor":46,"gold_loss":0}],"is_beta":true,"boss_relics":[{"not_picked":["Empty Cage","FrozenCore"],"picked":"Tiny House"},{"not_picked":["Coffee Dripper","Black Star"],"picked":"Philosopher\u0027s Stone"}],"items_purged_floors":[],"is_endless":false,"potions_floor_spawned":[5,6,8,11,19,21,22,29,30,31,33,35,37,39,42,45],"killed_by":"Jaw Worm Horde","ascension_level":3}