{"gold_per_floor":[118,131,141,152,163,163,196,216,239,74,74,74,104,122,122,122],"floor_reached":16,"playtime":11241,"items_purged":[],"score":228,"play_id":"b6ff2983-9736-49a8-b426-aac207d24f30","local_time":"20190918093832","is_ascension_mode":true,"campfire_choices":[{"data":"Neutralize","floor":6.0,"key":"SMITH"},{"floor":11.0,"key":"REST"},{"floor":15,"key":"REST"}],"neow_cost":"NONE","seed_source_timestamp":1344989760846085,"circlet_count":0,"master_deck":["AscendersBane","Defend_G","Defend_G","Defend_G","Defend_G","Defend_G","Strike_G","Strike_G+1","Strike_G","Strike_G","Survivor","Neutralize+1","Bullet Time","Poisoned Stab","Dodge and Roll","Crippling Poison","Predator+1","Bane","Terror","Footwork","Footwork","Choke","Sucker Punch","PiercingWail"],"special_seed":0,"relics":["Ring of the Snake","Bottled Lightning","Whetstone","Thread and Needle"],"potions_floor_usage":[16],"damage_taken":[{"damage":0.0,"enemies":"Small Slimes","floor":1.0,"turns":4.0},{"damage":4.0,"enemies":"Jaw Worm","floor":2.0,"turns":4.0},{"damage":0.0,"enemies":"2 Louse","floor":3.0,"turns":6.0},{"damage":4.0,"enemies":"2 Fungi Beasts","floor":4.0,"turns":4.0},{"damage":0.0,"enemies":"3 Louse","floor":5.0,"turns":3.0},{"damage":32.0,"enemies":"Gremlin Nob","floor":7.0,"turns":4.0},{"damage":0.0,"enemies":"Gremlin Gang","floor":8.0,"turns":3.0},{"damage":6.0,"enemies":"3 Sentries","floor":13.0,"turns":10.0},{"damage":0,"enemies":"2 Fungi Beasts","floor":14,"turns":2},{"damage":62,"enemies":"Slime Boss","floor":16,"turns":11}],"seed_played":"-7951908332989145894","potions_obtained":[{"floor":2.0,"key":"EssenceOfSteel"},{"floor":4.0,"key":"Fire Potion"},{"floor":13.0,"key":"Dexterity Potion"},{"floor":14,"key":"Fire Potion"}],"is_trial":false,"path_per_floor":["M","M","M","M","M","R","E","M","T","$","R","?","E","M","R","B"],"character_chosen":"THE_SILENT","items_purchased":["Footwork","Choke"],"campfire_rested":2,"item_purchase_floors":[10,10],"current_hp_per_floor":[59,55,55,51,51,51,19,19,19,19,38,43,37,37,58,0],"gold":122,"neow_bonus":"TRANSFORM_CARD","is_prod":false,"is_daily":false,"chose_seed":false,"campfire_upgraded":1,"win_rate":0,"timestamp":1568813912,"path_taken":["M","M","M","M","M","R","E","M","T","$","R","?","E","M","R","BOSS"],"build_version":"2019-01-23","purchased_purges":0,"victory":false,"max_hp_per_floor":[66,66,66,66,66,66,66,66,66,66,66,71,71,71,71,71],"card_choices":[{"not_picked":["Dodge and Roll","Quick Slash"],"picked":"Poisoned Stab","floor":1.0},{"not_picked":["Cloak And Dagger","Slice"],"picked":"Dodge and Roll","floor":2.0},{"not_picked":["Underhanded Strike","Flying Knee"],"picked":"Crippling Poison","floor":3.0},{"not_picked":["Reflex","All Out Attack"],"picked":"Predator","floor":4.0},{"not_picked":["Acrobatics","Deflect"],"picked":"Bane","floor":5.0},{"not_picked":["Unload","Dagger Throw"],"picked":"Terror","floor":7.0},{"not_picked":["Prepared","Terror"],"picked":"Footwork","floor":8.0},{"not_picked":["Dagger Throw","Flying Knee"],"picked":"Sucker Punch","floor":13.0},{"not_picked":["Calculated Gamble","Prepared"],"picked":"PiercingWail","floor":14}],"player_experience":2952861,"relics_obtained":[{"floor":7.0,"key":"Bottled Lightning"},{"floor":9.0,"key":"Whetstone"},{"floor":13.0,"key":"Thread and Needle"}],"event_choices":[{"damage_healed":0.0,"max_hp_gain":5.0,"max_hp_loss":0.0,"gold_gain":0.0,"event_name":"Big Fish","player_choice":"Donut","floor":12.0,"gold_loss":0.0,"damage_taken":0.0}],"is_beta":false,"boss_relics":[],"items_purged_floors":[],"is_endless":false,"potions_floor_spawned":[2,4,13,14],"killed_by":"Slime Boss","ascension_level":20}