{"gold_per_floor":[111,126,139,10,10,36,36,69,69,80,93,93,103,122,122,122],"floor_reached":16,"playtime":2764,"items_purged":[],"score":228,"play_id":"3f9d5189-125d-4fce-aec5-f5cb857d7375","local_time":"20190917005615","is_ascension_mode":true,"campfire_choices":[{"floor":7.0,"key":"REST"},{"floor":12.0,"key":"REST"},{"floor":15,"key":"REST"}],"neow_cost":"NONE","seed_source_timestamp":1323061273696140,"circlet_count":0,"master_deck":["AscendersBane","Defend_G","Defend_G","Defend_G","Defend_G","Defend_G","Strike_G","Strike_G","Strike_G","Strike_G","Strike_G","Survivor","Neutralize","Choke","PiercingWail","Crippling Poison","Well Laid Plans","Skewer","Storm of Steel","Slice","Accuracy","Backflip","Leg Sweep","Sucker Punch"],"special_seed":0,"relics":["Ring of the Snake","NeowsBlessing","Unceasing Top","Torii","Gambling Chip"],"potions_floor_usage":[14,16],"damage_taken":[{"damage":0.0,"enemies":"Cultist","floor":1.0,"turns":1.0},{"damage":0.0,"enemies":"Small Slimes","floor":2.0,"turns":1.0},{"damage":0.0,"enemies":"2 Louse","floor":3.0,"turns":1.0},{"damage":35.0,"enemies":"Lagavulin","floor":6.0,"turns":8.0},{"damage":30.0,"enemies":"3 Sentries","floor":8.0,"turns":9.0},{"damage":1.0,"enemies":"Large Slime","floor":10.0,"turns":8.0},{"damage":0.0,"enemies":"Looter","floor":11.0,"turns":4.0},{"damage":1,"enemies":"2 Fungi Beasts","floor":13,"turns":3},{"damage":6,"enemies":"Large Slime","floor":14,"turns":8},{"damage":49,"enemies":"Hexaghost","floor":16,"turns":15}],"seed_played":"8206364840836517484","potions_obtained":[{"floor":1.0,"key":"PowerPotion"},{"floor":3.0,"key":"EssenceOfSteel"},{"floor":8.0,"key":"SpeedPotion"},{"floor":11.0,"key":"AttackPotion"},{"floor":14,"key":"AttackPotion"}],"is_trial":false,"path_per_floor":["M","M","M","$","?","E","R","E","T","M","M","R","M","M","R","B"],"character_chosen":"THE_SILENT","items_purchased":["Well Laid Plans","Skewer"],"campfire_rested":3,"item_purchase_floors":[4,4],"current_hp_per_floor":[59,59,59,59,59,24,43,13,13,12,12,31,30,24,43,0],"gold":122,"neow_bonus":"THREE_ENEMY_KILL","is_prod":false,"is_daily":false,"chose_seed":false,"campfire_upgraded":0,"win_rate":0,"timestamp":1568696175,"path_taken":["M","?","M","$","?","E","R","E","T","M","M","R","M","M","R","BOSS"],"build_version":"2019-01-23","purchased_purges":0,"victory":false,"max_hp_per_floor":[66,66,66,66,66,66,66,66,66,66,66,66,66,66,66,66],"card_choices":[{"not_picked":["Dagger Throw","Accuracy"],"picked":"Choke","floor":1.0},{"not_picked":["Endless Agony","Deflect"],"picked":"PiercingWail","floor":2.0},{"not_picked":["Endless Agony","Cloak And Dagger"],"picked":"Crippling Poison","floor":3.0},{"not_picked":["Prepared","PiercingWail"],"picked":"Storm of Steel","floor":6.0},{"not_picked":["Acrobatics","Riddle With Holes"],"picked":"Slice","floor":8.0},{"not_picked":["Underhanded Strike","Prepared"],"picked":"Accuracy","floor":10.0},{"not_picked":["Dagger Spray","Tactician"],"picked":"Backflip","floor":11.0},{"not_picked":["Cloak And Dagger","Endless Agony"],"picked":"Leg Sweep","floor":13},{"not_picked":["Dagger Throw","Underhanded Strike"],"picked":"Sucker Punch","floor":14}],"player_experience":2946700,"relics_obtained":[{"floor":6.0,"key":"Unceasing Top"},{"floor":8.0,"key":"Torii"},{"floor":9.0,"key":"Gambling Chip"}],"event_choices":[{"damage_healed":0.0,"max_hp_gain":0.0,"max_hp_loss":0.0,"gold_gain":0.0,"event_name":"The Cleric","player_choice":"Leave","floor":5.0,"gold_loss":0.0,"damage_taken":0.0}],"is_beta":false,"boss_relics":[],"items_purged_floors":[],"is_endless":false,"potions_floor_spawned":[1,3,8,11,14],"killed_by":"Hexaghost","ascension_level":20}