{"gold_per_floor":[213,138,138,155,165,165,192,204,267,299,14,49,62,77,77,153,153,166,166,178,194,37,71,71,99,129,129,129,149,174,184,184,184],"floor_reached":33,"playtime":1824,"items_purged":[],"score":697,"play_id":"0c793206-3ebe-4d5d-8197-05f1e779a03e","local_time":"20190920214504","is_ascension_mode":true,"campfire_choices":[{"data":"Eruption","floor":6,"key":"SMITH"},{"data":"Wallop","floor":8,"key":"SMITH"},{"data":"SashWhip","floor":15,"key":"SMITH"},{"data":"Collect","floor":24,"key":"SMITH"},{"data":"Judgement","floor":27,"key":"SMITH"},{"floor":32,"key":"REST"}],"neow_cost":"NONE","seed_source_timestamp":13359246483425,"circlet_count":0,"master_deck":["AscendersBane","Strike_P","Strike_P","Strike_P","Defend_P+1","Defend_P","Defend_P","Eruption+1","Vigilance","EmptyBody","ForeignInfluence","Wallop+1","FearNoEvil","Protect+1","CrushJoints","SashWhip+1","Collect+1","Judgement+1","EmptyFist","Wallop","InnerPeace+1","EmptyBody+1","Sanctity"],"relics":["PureWater","PreservedInsect","MawBank","Bag of Marbles","Gremlin Horn","War Paint","Black Star","InkBottle","Matryoshka","Juzu Bracelet","Sundial","Vajra","Ancient Tea Set","Tiny Chest","Enchiridion","Smiling Mask","Dodecahedron"],"potions_floor_usage":[7,23,25,33,33],"damage_taken":[{"damage":7,"enemies":"Small Slimes","floor":1,"turns":3},{"damage":11,"enemies":"2 Louse","floor":4,"turns":4},{"damage":0,"enemies":"Cultist","floor":5,"turns":3},{"damage":3,"enemies":"3 Sentries","floor":7,"turns":3},{"damage":0,"enemies":"3 Louse","floor":10,"turns":1},{"damage":7,"enemies":"Lagavulin","floor":12,"turns":4},{"damage":0,"enemies":"Red Slaver","floor":13,"turns":2},{"damage":0,"enemies":"Lots of Slimes","floor":14,"turns":1},{"damage":10,"enemies":"The Guardian","floor":16,"turns":11},{"damage":6,"enemies":"3 Byrds","floor":18,"turns":5},{"damage":0,"enemies":"Chosen","floor":20,"turns":2},{"damage":9,"enemies":"Centurion and Healer","floor":21,"turns":3},{"damage":0,"enemies":"Gremlin Leader","floor":23,"turns":5},{"damage":3,"enemies":"Slavers","floor":25,"turns":3},{"damage":0,"enemies":"Cultist and Chosen","floor":29,"turns":4},{"damage":0,"enemies":"Book of Stabbing","floor":30,"turns":4},{"damage":0,"enemies":"Shelled Parasite and Fungi","floor":31,"turns":2},{"damage":44,"enemies":"Collector","floor":33,"turns":11}],"seed_played":"-4590521350660034615","potions_obtained":[{"floor":1,"key":"SmokeBomb"},{"floor":5,"key":"Fire Potion"},{"floor":7,"key":"Fire Potion"},{"floor":16,"key":"Dexterity Potion"},{"floor":21,"key":"Regen Potion"},{"floor":25,"key":"Strength Potion"},{"floor":30,"key":"SpeedPotion"}],"is_trial":false,"path_per_floor":["M","?","?","M","M","R","E","R","T","M","$","E","M","M","R","B",null,"M","?","M","M","$","E","R","E","T","R","?","M","E","M","R","B"],"character_chosen":"WATCHER","items_purchased":["Gremlin Horn","CrushJoints","InkBottle"],"campfire_rested":1,"item_purchase_floors":[11,11,22],"current_hp_per_floor":[48,48,48,37,37,37,34,34,34,34,34,27,27,27,27,17,50,44,44,44,35,35,49,49,46,46,46,25,25,25,25,43,0],"gold":184,"neow_bonus":"HUNDRED_GOLD","is_prod":false,"is_daily":false,"chose_seed":false,"campfire_upgraded":5,"win_rate":0,"timestamp":1568972704,"path_taken":["M","?","?","?","M","R","E","R","T","M","$","E","M","M","R","BOSS","M","?","?","?","$","E","R","E","T","R","?","M","E","M","R","BOSS"],"build_version":"2019-09-19","purchased_purges":0,"victory":false,"max_hp_per_floor":[61,61,61,61,61,61,61,61,61,61,61,61,61,61,61,61,61,61,61,61,61,61,61,61,61,61,61,61,61,61,61,61,61],"card_choices":[{"not_picked":["PathToVictory","ClearTheMind"],"picked":"EmptyBody","floor":1},{"not_picked":["Swivel","WaveOfTheHand"],"picked":"ForeignInfluence","floor":4},{"not_picked":["EmptyFist","FlowState"],"picked":"Wallop","floor":5},{"not_picked":["Wallop","FollowUp"],"picked":"FearNoEvil","floor":7},{"not_picked":["EmptyBody","Establishment"],"picked":"Protect","floor":10},{"not_picked":["Evaluate","FearNoEvil","Weave"],"picked":"SKIP","floor":12},{"not_picked":["Wireheading","Halt"],"picked":"SashWhip","floor":13},{"not_picked":["Worship","Vengeance"],"picked":"Collect","floor":14},{"not_picked":["Alpha","Brilliance"],"picked":"Judgement","floor":16},{"not_picked":["FlowState","Weave"],"picked":"EmptyFist","floor":18},{"not_picked":["EmptyBody","JustLucky","StepAndStrike"],"picked":"SKIP","floor":20},{"not_picked":["StepAndStrike","Establishment","Prostrate"],"picked":"SKIP","floor":21},{"not_picked":["SashWhip","ThirdEye"],"picked":"Wallop","floor":23},{"not_picked":["FlyingSleeves","DeusExMachina","Establishment"],"picked":"SKIP","floor":25},{"not_picked":["FollowUp","EmptyFist"],"picked":"InnerPeace+1","floor":29},{"not_picked":["Brilliance","Wallop"],"picked":"EmptyBody+1","floor":30},{"not_picked":["CrushJoints","Swivel"],"picked":"Sanctity","floor":31}],"player_experience":1138991,"relics_obtained":[{"floor":7,"key":"MawBank"},{"floor":9,"key":"Bag of Marbles"},{"floor":12,"key":"War Paint"},{"floor":23,"key":"Matryoshka"},{"floor":23,"key":"Juzu Bracelet"},{"floor":25,"key":"Sundial"},{"floor":25,"key":"Vajra"},{"floor":26,"key":"Ancient Tea Set"},{"floor":26,"key":"Tiny Chest"},{"floor":28,"key":"Enchiridion"},{"floor":30,"key":"Smiling Mask"},{"floor":30,"key":"Dodecahedron"}],"event_choices":[{"cards_removed":["Defend_P"],"damage_healed":0,"gold_gain":0,"player_choice":"Card Removal","damage_taken":0,"max_hp_gain":0,"max_hp_loss":0,"event_name":"The Cleric","floor":2,"gold_loss":75},{"damage_healed":0,"gold_gain":0,"player_choice":"Gave Potion","damage_taken":0,"relics_obtained":["PreservedInsect"],"max_hp_gain":0,"max_hp_loss":0,"event_name":"WeMeetAgain","floor":3,"gold_loss":0},{"cards_removed":["Strike_P"],"damage_healed":0,"gold_gain":0,"player_choice":"Offered Basic","damage_taken":0,"max_hp_gain":0,"max_hp_loss":0,"event_name":"Bonfire Elementals","floor":19,"gold_loss":0},{"damage_healed":0,"gold_gain":0,"player_choice":"Obtained Book","damage_taken":21,"max_hp_gain":0,"max_hp_loss":0,"event_name":"Cursed Tome","floor":28,"gold_loss":0}],"is_beta":true,"boss_relics":[{"not_picked":["Cursed Key","Busted Crown"],"picked":"Black Star"}],"items_purged_floors":[],"is_endless":false,"potions_floor_spawned":[1,5,7,16,21,25,30,31],"killed_by":"Collector","ascension_level":18}