{"gold_per_floor":[119,119,394,413,116,151,151,176,176,202,222,222,247,275,275,380,380,397,430,447,457,475,475,485,485,509,536,563,575,610,153,153,153],"floor_reached":33,"playtime":2880,"items_purged":["Regret"],"score":530,"play_id":"56a20563-2057-4780-bb5d-f94e54e47670","local_time":"20180927205122","is_ascension_mode":true,"campfire_choices":[{"data":"Whirlwind","floor":7,"key":"SMITH"},{"floor":12,"key":"REST"},{"data":"Rage","floor":15,"key":"SMITH"},{"data":"Armaments","floor":23,"key":"SMITH"},{"floor":25,"key":"REST"},{"data":"Bloodletting","floor":32,"key":"SMITH"}],"neow_cost":"NONE","seed_source_timestamp":307258130903601,"circlet_count":0,"master_deck":["Bash","AscendersBane","Armaments+1","Clothesline","Whirlwind+1","Disarm","Thunderclap","Rage+1","Combust","Seeing Red","Demon Form","Metallicize","Ghostly Armor","Fire Breathing","Warcry","Thunderclap","Armaments+1","Bloodletting+1","Clash","Pommel Strike","Headbutt+1","Rage","Power Through","Seeing Red","Heavy Blade","Immolate","Exhume","Flash of Steel","Flex","Heavy Blade","Shrug It Off"],"relics":["Burning Blood","NeowsBlessing","Blood Vial","Mercury Hourglass","Bottled Flame","Red Skull","Anchor","Lantern","Odd Mushroom","Pandora\u0027s Box","Red Mask","Bronze Scales","Centennial Puzzle","Bag of Preparation","Juzu Bracelet","Paper Frog"],"potions_floor_usage":[8,21,30,30,33],"damage_taken":[{"damage":0,"enemies":"Jaw Worm","floor":1,"turns":1},{"damage":2,"enemies":"2 Louse","floor":4,"turns":2},{"damage":0,"enemies":"Lagavulin","floor":6,"turns":2},{"damage":38,"enemies":"Gremlin Nob","floor":8,"turns":5},{"damage":25,"enemies":"Lagavulin","floor":10,"turns":4},{"damage":0,"enemies":"Cultist","floor":11,"turns":2},{"damage":10,"enemies":"The Mushroom Lair","floor":14,"turns":2},{"damage":25,"enemies":"The Guardian","floor":16,"turns":11},{"damage":13,"enemies":"Chosen","floor":18,"turns":4},{"damage":4,"enemies":"Masked Bandits","floor":19,"turns":3},{"damage":15,"enemies":"Shell Parasite","floor":20,"turns":5},{"damage":6,"enemies":"Chosen and Byrds","floor":21,"turns":5},{"damage":11,"enemies":"Snake Plant","floor":22,"turns":5},{"damage":36,"enemies":"Sentry and Sphere","floor":24,"turns":6},{"damage":13,"enemies":"Slavers","floor":27,"turns":5},{"damage":3,"enemies":"3 Cultists","floor":29,"turns":2},{"damage":7,"enemies":"Book of Stabbing","floor":30,"turns":4},{"damage":70,"enemies":"Automaton","floor":33,"turns":6}],"seed_played":"5618109290272949775","potions_obtained":[{"floor":6,"key":"Block Potion"},{"floor":10,"key":"SmokeBomb"},{"floor":11,"key":"FearPotion"},{"floor":14,"key":"SneckoOil"},{"floor":18,"key":"AttackPotion"},{"floor":22,"key":"Strength Potion"},{"floor":30,"key":"Fruit Juice"}],"is_trial":false,"path_per_floor":["M","?","?","M","$","E","R","E","T","E","M","R","T","?","R","B",null,"M","?","M","M","M","R","M","R","T","E","T","M","E","$","R"],"character_chosen":"IRONCLAD","items_purchased":["Blood Vial","Whirlwind","Paper Frog","Flash of Steel","Flex","Heavy Blade","Shrug It Off"],"campfire_rested":2,"item_purchase_floors":[5,5,31,31,31,31,31],"current_hp_per_floor":[78,78,78,80,80,80,80,48,48,31,39,63,63,61,61,44,71,66,70,63,69,66,66,38,62,62,57,57,62,68,68,68,0],"gold":153,"neow_bonus":"THREE_ENEMY_KILL","is_prod":false,"is_daily":false,"chose_seed":false,"campfire_upgraded":4,"win_rate":0,"timestamp":1538095882,"path_taken":["M","?","?","M","$","E","R","E","T","E","M","R","?","?","R","BOSS","M","?","?","M","M","R","M","R","T","E","?","?","E","$","R","BOSS"],"build_version":"2018-08-23v2","purchased_purges":1,"victory":false,"max_hp_per_floor":[80,80,80,80,80,80,80,80,80,80,80,80,80,80,80,80,80,80,80,80,80,80,80,80,80,80,80,80,80,85,85,85,85],"card_choices":[{"not_picked":["Clash","Rupture"],"picked":"Armaments","floor":1},{"not_picked":["Cleave","Perfected Strike"],"picked":"Clothesline","floor":4},{"not_picked":["Reckless Charge","Flex"],"picked":"Disarm","floor":6},{"not_picked":["Sever Soul","Dual Wield"],"picked":"Thunderclap","floor":8},{"not_picked":["Armaments","Uppercut"],"picked":"Rage","floor":10},{"not_picked":["Second Wind","Metallicize"],"picked":"Combust","floor":11},{"not_picked":["Sentinel","Intimidate"],"picked":"Seeing Red","floor":14},{"not_picked":["Limit Break","Offering"],"picked":"Demon Form","floor":16},{"not_picked":["Havoc","Wild Strike"],"picked":"Headbutt+1","floor":18},{"not_picked":["Wild Strike","Feel No Pain"],"picked":"Rage","floor":19},{"not_picked":["Armaments","Body Slam+1"],"picked":"Power Through","floor":20},{"not_picked":["Armaments","Iron Wave"],"picked":"Seeing Red","floor":21},{"not_picked":["True Grit","Sentinel"],"picked":"Heavy Blade","floor":22},{"not_picked":["Feel No Pain+1","Pommel Strike","Corruption"],"picked":"SKIP","floor":24},{"not_picked":["Sever Soul+1","Infernal Blade"],"picked":"Immolate","floor":27},{"not_picked":["Wild Strike+1","Body Slam","Iron Wave"],"picked":"SKIP","floor":29},{"not_picked":["Cleave","Havoc"],"picked":"Exhume","floor":30}],"player_experience":1777674,"relics_obtained":[{"floor":6,"key":"Mercury Hourglass"},{"floor":8,"key":"Bottled Flame"},{"floor":9,"key":"Red Skull"},{"floor":10,"key":"Anchor"},{"floor":13,"key":"Lantern"},{"floor":14,"key":"Odd Mushroom"},{"floor":19,"key":"Red Mask"},{"floor":26,"key":"Bronze Scales"},{"floor":27,"key":"Centennial Puzzle"},{"floor":28,"key":"Bag of Preparation"},{"floor":30,"key":"Juzu Bracelet"}],"event_choices":[{"event_name":"Living Wall","player_choice":"Grow","floor":2,"damage_taken":0},{"event_name":"Golden Shrine","player_choice":"Desecrate","floor":3,"damage_taken":0},{"event_name":"Mushrooms","player_choice":"Fought Mushrooms","floor":14,"damage_taken":0},{"event_name":"Masked Bandits","player_choice":"Fought Bandits","floor":19,"damage_taken":0}],"is_beta":false,"boss_relics":[{"not_picked":["Calling Bell","Black Star"],"picked":"Pandora\u0027s Box"}],"items_purged_floors":[5],"is_endless":false,"potions_floor_spawned":[6,10,11,14,18,19,22,24,30],"killed_by":"Automaton","ascension_level":10}