{"gold_per_floor":[117,117,142,217,240,240,283,296,296,332,332,332,351,94,94,215,215,234,186,205,221,246,246,271,271,271,271,286,211,211],"floor_reached":30,"playtime":3047,"items_purged":["Strike_R"],"score":290,"play_id":"ef4923c2-05f9-4692-83de-0057ad4078ea","local_time":"20180727182300","is_ascension_mode":true,"campfire_choices":[{"floor":6,"key":"REST"},{"data":"Defend_R","floor":12,"key":"PURGE"},{"data":"Strike_R","floor":15,"key":"PURGE"},{"floor":23,"key":"REST"},{"floor":25,"key":"REST"}],"neow_cost":"NONE","seed_source_timestamp":2083453908671676,"circlet_count":0,"master_deck":["Defend_R","Defend_R","Bash","Shrug It Off","Fire Breathing","Anger","Clash","Warcry","Combust","Whirlwind","Spot Weakness","Battle Trance","Combust","Demon Form","Combust","Armaments","Flex+1","True Grit","Spot Weakness+1","Clash"],"relics":["Burning Blood","Red Skull","Golden Idol","Mercury Hourglass","Peace Pipe","Du-Vu Doll","Empty Cage","Bottled Tornado","Charon\u0027s Ashes"],"potions_floor_usage":[8,16,18,28,30],"damage_taken":[{"damage":14,"enemies":"Jaw Worm","floor":1,"turns":4},{"damage":5,"enemies":"Small Slimes","floor":3,"turns":3},{"damage":0,"enemies":"2 Louse","floor":5,"turns":2},{"damage":21,"enemies":"3 Sentries","floor":7,"turns":9},{"damage":0,"enemies":"Exordium Thugs","floor":8,"turns":4},{"damage":16,"enemies":"Gremlin Nob","floor":10,"turns":3},{"damage":3,"enemies":"Blue Slaver","floor":13,"turns":3},{"damage":35,"enemies":"Hexaghost","floor":16,"turns":5},{"damage":48,"enemies":"2 Thieves","floor":18,"turns":4},{"damage":3,"enemies":"3 Byrds","floor":20,"turns":2},{"damage":20,"enemies":"Centurion and Healer","floor":21,"turns":3},{"damage":23,"enemies":"Snecko","floor":22,"turns":4},{"damage":26,"enemies":"Sentry and Sphere","floor":24,"turns":4},{"damage":43,"enemies":"Slaver and Parasite","floor":28,"turns":5},{"damage":14,"enemies":"Gremlin Leader","floor":30,"turns":5}],"seed_played":"-1045389800156473229","potions_obtained":[{"floor":3,"key":"Block Potion"},{"floor":13,"key":"FearPotion"},{"floor":16,"key":"SkillPotion"},{"floor":21,"key":"Strength Potion"},{"floor":22,"key":"Dexterity Potion"},{"floor":24,"key":"BloodPotion"}],"is_trial":false,"path_per_floor":["M","?","M","?","M","R","E","M","T","E","?","R","M","$","R","B",null,"M","$","M","M","M","R","M","R","T","?","M","?"],"character_chosen":"IRONCLAD","items_purchased":["Spot Weakness","Battle Trance","Combust","Armaments"],"campfire_rested":3,"item_purchase_floors":[14,14,14,19],"current_hp_per_floor":[72,52,53,42,48,72,57,63,63,53,53,53,56,56,56,27,80,38,38,41,27,10,34,14,38,38,38,9,9,0],"gold":211,"neow_bonus":"RANDOM_COMMON_RELIC","is_prod":false,"is_daily":false,"chose_seed":false,"campfire_upgraded":0,"win_rate":0,"timestamp":1532730180,"path_taken":["M","?","M","?","M","R","E","?","T","E","?","R","M","$","R","BOSS","M","$","M","M","M","R","M","R","T","?","M","?","E"],"build_version":"2018-07-19v2","purchased_purges":1,"victory":false,"max_hp_per_floor":[80,80,80,80,80,80,80,80,80,80,80,80,80,80,80,80,80,80,80,80,80,80,80,80,80,80,80,80,80,80],"card_choices":[{"not_picked":["Cleave","Havoc"],"picked":"Shrug It Off","floor":1},{"not_picked":["Battle Trance","Perfected Strike"],"picked":"Fire Breathing","floor":3},{"not_picked":["Battle Trance","Feel No Pain"],"picked":"Anger","floor":5},{"not_picked":["Burning Pact","Dual Wield"],"picked":"Clash","floor":7},{"not_picked":["Rupture","Sever Soul"],"picked":"Warcry","floor":8},{"not_picked":["Metallicize","Sword Boomerang"],"picked":"Combust","floor":10},{"not_picked":["Dual Wield","Flex"],"picked":"Whirlwind","floor":13},{"not_picked":["Fiend Fire","Impervious"],"picked":"Demon Form","floor":16},{"not_picked":["Wild Strike","Fire Breathing"],"picked":"Combust","floor":18},{"not_picked":["Hemokinesis","Corruption+1","Whirlwind"],"picked":"SKIP","floor":20},{"not_picked":["Carnage","Clothesline"],"picked":"Flex+1","floor":21},{"not_picked":["Spot Weakness","Infernal Blade+1"],"picked":"True Grit","floor":22},{"not_picked":["Headbutt","Havoc"],"picked":"Spot Weakness+1","floor":24},{"not_picked":["Pommel Strike","Searing Blow+1"],"picked":"Clash","floor":28}],"player_experience":1358540,"relics_obtained":[{"floor":7,"key":"Mercury Hourglass"},{"floor":9,"key":"Peace Pipe"},{"floor":10,"key":"Du-Vu Doll"},{"floor":26,"key":"Bottled Tornado"}],"event_choices":[{"event_name":"Golden Idol","player_choice":"Take Damage","floor":2,"damage_taken":0},{"event_name":"World of Goop","player_choice":"Gather Gold","floor":4,"damage_taken":0},{"event_name":"Wheel of Change","player_choice":"Card Removal","floor":11,"damage_taken":0},{"event_name":"The Mausoleum","player_choice":"Yes","floor":27,"damage_taken":0},{"event_name":"Beggar","player_choice":"Gave Gold","floor":29,"damage_taken":0}],"is_beta":false,"boss_relics":[{"not_picked":["Ectoplasm","Pandora\u0027s Box"],"picked":"Empty Cage"}],"items_purged_floors":[14],"is_endless":false,"potions_floor_spawned":[3,13,16,21,22,24],"killed_by":"Gremlin Leader","ascension_level":4}