{"gold_per_floor":[118,133,7,22,37,37,47,77,101,81,81,99,116,135,135,213,213,227,142,153,78,98,98,131,131,131,131,131],"floor_reached":28,"playtime":2276,"items_purged":[],"score":484,"play_id":"437982bf-c5ae-4b26-87c2-699258cb0ea3","local_time":"20191027203943","is_ascension_mode":true,"campfire_choices":[{"data":"Neutralize","floor":6,"key":"SMITH"},{"floor":11,"key":"REST"},{"floor":15,"key":"REST"},{"floor":23,"key":"REST"},{"data":"Noxious Fumes","floor":25,"key":"SMITH"}],"neow_cost":"PERCENT_DAMAGE","seed_source_timestamp":2190061134009998,"circlet_count":0,"master_deck":["AscendersBane","Defend_G","Defend_G","Defend_G","Defend_G","Strike_G","Strike_G","Strike_G","Survivor","Neutralize+1","Outmaneuver","Sucker Punch","Dagger Spray","Deadly Poison","Footwork","Blur","Catalyst","Die Die Die","Noxious Fumes+1","Bane","Well Laid Plans","Dodge and Roll","Burst","Adrenaline","Footwork","Deflect+1","Dodge and Roll","Backstab+1","Noxious Fumes+1"],"relics":["Ring of the Snake","Gremlin Horn","Art of War","Sozu","Juzu Bracelet","Regal Pillow","Blue Candle"],"potions_floor_usage":[12,13,16,18],"damage_taken":[{"damage":1,"enemies":"Jaw Worm","floor":1,"turns":5},{"damage":0,"enemies":"Cultist","floor":2,"turns":3},{"damage":1,"enemies":"2 Louse","floor":4,"turns":2},{"damage":5,"enemies":"Looter","floor":5,"turns":4},{"damage":0,"enemies":"Lots of Slimes","floor":7,"turns":1},{"damage":19,"enemies":"3 Sentries","floor":8,"turns":6},{"damage":4,"enemies":"Exordium Thugs","floor":12,"turns":5},{"damage":8,"enemies":"Exordium Wildlife","floor":13,"turns":4},{"damage":2,"enemies":"2 Fungi Beasts","floor":14,"turns":4},{"damage":25,"enemies":"The Guardian","floor":16,"turns":12},{"damage":8,"enemies":"3 Byrds","floor":18,"turns":5},{"damage":13,"enemies":"Shell Parasite","floor":20,"turns":6},{"damage":11,"enemies":"Centurion and Healer","floor":22,"turns":7},{"damage":6,"enemies":"Gremlin Leader","floor":24,"turns":7},{"damage":38,"enemies":"Snecko","floor":28,"turns":8}],"seed_played":"1012651164534396567","potions_obtained":[{"floor":5,"key":"GhostInAJar"},{"floor":8,"key":"Poison Potion"},{"floor":14,"key":"FearPotion"},{"floor":16,"key":"SteroidPotion"}],"is_trial":false,"path_per_floor":["M","M","$","M","M","R","M","E","T","?","R","M","M","M","R","B",null,"M","?","M","?","M","R","E","R","T","?","M"],"character_chosen":"THE_SILENT","items_purchased":["Footwork","Blur"],"campfire_rested":3,"item_purchase_floors":[3,3],"current_hp_per_floor":[43,43,43,42,37,37,37,18,18,18,37,33,25,23,42,17,54,46,46,33,33,22,41,35,35,35,35,0],"gold":131,"neow_bonus":"TRANSFORM_TWO_CARDS","is_prod":false,"is_daily":false,"chose_seed":false,"campfire_upgraded":2,"win_rate":0,"timestamp":1572223183,"path_taken":["M","M","$","M","M","R","M","E","T","?","R","M","?","M","R","BOSS","M","?","M","?","M","R","E","R","T","?","M"],"build_version":"2019-01-23","purchased_purges":0,"victory":false,"max_hp_per_floor":[66,66,66,66,66,66,66,66,66,66,66,66,66,66,66,66,66,66,66,66,66,66,66,66,66,66,66,66],"card_choices":[{"not_picked":["Outmaneuver","Blade Dance"],"picked":"Dagger Spray","floor":1},{"not_picked":["Underhanded Strike","Bane"],"picked":"Deadly Poison","floor":2},{"not_picked":["Sucker Punch","Flying Knee"],"picked":"Catalyst","floor":4},{"not_picked":["Dagger Spray","Prepared"],"picked":"Die Die Die","floor":5},{"not_picked":["Dagger Spray","PiercingWail"],"picked":"Noxious Fumes","floor":7},{"not_picked":["Night Terror","Dash"],"picked":"Bane","floor":8},{"not_picked":["Skewer","Deadly Poison"],"picked":"Well Laid Plans","floor":12},{"not_picked":["Underhanded Strike","Backflip"],"picked":"Dodge and Roll","floor":13},{"not_picked":["Endless Agony","Riddle With Holes"],"picked":"Burst","floor":14},{"not_picked":["Night Terror","Burst"],"picked":"Adrenaline","floor":16},{"not_picked":["Prepared","Underhanded Strike+1"],"picked":"Footwork","floor":18},{"not_picked":["Deadly Poison","Setup+1"],"picked":"Deflect+1","floor":20},{"not_picked":["Backflip","Well Laid Plans"],"picked":"Dodge and Roll","floor":22},{"not_picked":["Quick Slash","Concentrate"],"picked":"Backstab+1","floor":24}],"player_experience":3077442,"relics_obtained":[{"floor":8,"key":"Gremlin Horn"},{"floor":9,"key":"Art of War"},{"floor":24,"key":"Regal Pillow"},{"floor":26,"key":"Blue Candle"}],"event_choices":[{"damage_healed":0,"gold_gain":0,"player_choice":"Bought 1 Potion","damage_taken":0,"max_hp_gain":0,"max_hp_loss":0,"event_name":"The Woman in Blue","floor":10,"gold_loss":0},{"damage_healed":0,"gold_gain":0,"player_choice":"Obtained Relic","damage_taken":0,"relics_obtained":["Juzu Bracelet"],"max_hp_gain":0,"max_hp_loss":0,"event_name":"Addict","floor":19,"gold_loss":85},{"cards_removed":["Strike_G"],"damage_healed":0,"gold_gain":0,"player_choice":"Gave Gold","damage_taken":0,"max_hp_gain":0,"max_hp_loss":0,"event_name":"Beggar","floor":21,"gold_loss":75},{"damage_healed":0,"gold_gain":0,"player_choice":"Copied","damage_taken":0,"max_hp_gain":0,"max_hp_loss":0,"event_name":"Duplicator","floor":27,"gold_loss":0,"cards_obtained":["Noxious Fumes"]}],"is_beta":false,"boss_relics":[{"not_picked":["Eternal Feather","Fusion Hammer"],"picked":"Sozu"}],"items_purged_floors":[],"is_endless":false,"potions_floor_spawned":[5,8,14,16,22],"killed_by":"Snecko","ascension_level":20}