{"gold_per_floor":[114,114,129,129,4,4,4,4,29,29,44,59,59,59,59,159,159,174,174,16,16,16,16,16,16,91,106,106,106,106,121,121,121],"floor_reached":33,"playtime":941,"items_purged":[],"score":229,"play_id":"8ebea0ba-7177-48df-b5b9-1ba1b41938b0","local_time":"20190912090143","daily_mods":["Allstar","Flight","Lethality"],"is_ascension_mode":false,"campfire_choices":[{"floor":6,"key":"REST"},{"data":"Steam","floor":8,"key":"SMITH"},{"data":"Capacitor","floor":10,"key":"SMITH"},{"data":"Zap","floor":13,"key":"SMITH"},{"data":"Defend_B","floor":15,"key":"SMITH"},{"floor":23,"key":"REST"},{"floor":24,"key":"REST"},{"data":"Fusion","floor":25,"key":"SMITH"},{"floor":32,"key":"REST"}],"neow_cost":"","seed_source_timestamp":150840930589991,"circlet_count":0,"master_deck":["Strike_B+1","Strike_B+1","Strike_B+1","Strike_B+1","Defend_B+1","Defend_B+1","Defend_B+1","Defend_B+1","Zap+1","Dualcast+1","Swift Strike","Swift Strike","Jack Of All Trades","Capacitor+1","Steam","Conserve Battery","Steam+1","Go for the Eyes","Darkness","Chaos","Meteor Strike","Sweeping Beam","RitualDagger","Melter","Fusion+1","Writhe","Pain","Conserve Battery+1","Mayhem","Gash"],"special_seed":18151,"relics":["Cracked Core","Ornamental Fan","Blood Vial","Runic Pyramid","White Beast Statue","WarpedTongs","Gremlin Horn"],"potions_floor_usage":[16,16,18,33,33,33],"damage_taken":[{"damage":9,"enemies":"2 Louse","floor":1,"turns":3},{"damage":7,"enemies":"Small Slimes","floor":3,"turns":3},{"damage":0,"enemies":"Cultist","floor":11,"turns":3},{"damage":4,"enemies":"Looter","floor":12,"turns":3},{"damage":11,"enemies":"The Guardian","floor":16,"turns":7},{"damage":33,"enemies":"Shell Parasite","floor":18,"turns":6},{"damage":33,"enemies":"2 Thieves","floor":27,"turns":3},{"damage":50,"enemies":"Chosen and Byrds","floor":31,"turns":5},{"damage":62,"enemies":"Champ","floor":33,"turns":9}],"seed_played":"-4731178760956062909","potions_obtained":[{"floor":1,"key":"Fire Potion"},{"floor":3,"key":"SkillPotion"},{"floor":11,"key":"LiquidBronze"},{"floor":18,"key":"Weak Potion"},{"floor":27,"key":"SkillPotion"},{"floor":31,"key":"Block Potion"}],"is_trial":false,"path_per_floor":["M","?","M","?","$","R","?","R","T","R","M","M","R","?","R","B",null,"M","?","$","?","?","R","R","R","T","M","?","?","?","M","R","B"],"character_chosen":"DEFECT","items_purchased":["Conserve Battery","Steam","Go for the Eyes","Melter","Fusion"],"campfire_rested":4,"item_purchase_floors":[5,5,5,20,20],"current_hp_per_floor":[66,48,41,41,41,63,85,85,85,85,85,81,81,81,81,72,85,52,46,46,46,46,71,85,85,85,52,80,80,80,32,57,0],"gold":121,"neow_bonus":"","is_prod":false,"is_daily":true,"chose_seed":false,"campfire_upgraded":5,"win_rate":0,"timestamp":1568289703,"path_taken":["M","?","M","?","$","R","?","R","T","R","M","?","R","?","R","BOSS","M","?","$","?","?","R","R","R","T","?","?","?","?","?","R","BOSS"],"build_version":"2019-09-11v2","purchased_purges":0,"victory":false,"max_hp_per_floor":[75,75,75,75,75,75,85,85,85,85,85,85,85,85,85,85,85,85,85,85,85,85,85,85,85,85,85,85,85,85,85,85,85],"card_choices":[{"not_picked":["Hello World","Redo"],"picked":"Capacitor","floor":1},{"not_picked":["Streamline","Hologram"],"picked":"Steam","floor":3},{"not_picked":["Static Discharge","Streamline"],"picked":"Darkness","floor":11},{"not_picked":["Heatsinks","Beam Cell"],"picked":"Chaos","floor":12},{"not_picked":["Fission","Core Surge"],"picked":"Meteor Strike","floor":16},{"not_picked":["Go for the Eyes","Reprogram+1"],"picked":"Sweeping Beam","floor":18},{"not_picked":["Reprogram","Redo+1"],"picked":"Conserve Battery+1","floor":27},{"not_picked":["Double Energy","Recycle"],"picked":"Gash","floor":31}],"player_experience":408819,"relics_obtained":[{"floor":9,"key":"Blood Vial"},{"floor":26,"key":"Gremlin Horn"}],"event_choices":[{"damage_healed":0,"gold_gain":0,"player_choice":"Success","damage_taken":18,"relics_obtained":["Ornamental Fan"],"max_hp_gain":0,"max_hp_loss":0,"event_name":"Scrap Ooze","floor":2,"gold_loss":0},{"damage_healed":0,"gold_gain":0,"player_choice":"Grow","damage_taken":0,"max_hp_gain":0,"max_hp_loss":0,"event_name":"Living Wall","floor":4,"gold_loss":0,"cards_upgraded":["Dualcast"]},{"cards_removed":["Mayhem"],"damage_healed":12,"gold_gain":0,"player_choice":"Offered Rare","damage_taken":0,"max_hp_gain":10,"max_hp_loss":0,"event_name":"Bonfire Elementals","floor":7,"gold_loss":0},{"damage_healed":0,"gold_gain":0,"player_choice":"Leave","damage_taken":0,"max_hp_gain":0,"max_hp_loss":0,"event_name":"The Cleric","floor":14,"gold_loss":0},{"damage_healed":0,"gold_gain":0,"player_choice":"Joined the Cult","damage_taken":6,"max_hp_gain":0,"max_hp_loss":0,"event_name":"Nest","floor":19,"gold_loss":0,"cards_obtained":["RitualDagger"]},{"damage_healed":0,"gold_gain":0,"player_choice":"Opened","damage_taken":0,"relics_obtained":["White Beast Statue"],"max_hp_gain":0,"max_hp_loss":0,"event_name":"The Mausoleum","floor":21,"gold_loss":0,"cards_obtained":["Writhe"]},{"damage_healed":0,"gold_gain":0,"player_choice":"Rummage","damage_taken":0,"relics_obtained":["WarpedTongs"],"max_hp_gain":0,"max_hp_loss":0,"event_name":"Accursed Blacksmith","floor":22,"gold_loss":0,"cards_obtained":["Pain"]},{"damage_healed":28,"gold_gain":0,"player_choice":"Heal","damage_taken":0,"max_hp_gain":0,"max_hp_loss":0,"event_name":"The Library","floor":28,"gold_loss":0},{"damage_healed":0,"gold_gain":0,"player_choice":"Simplicity","damage_taken":0,"max_hp_gain":0,"max_hp_loss":0,"event_name":"Back to Basics","floor":29,"gold_loss":0,"cards_upgraded":["Strike_B","Strike_B","Strike_B","Strike_B","Defend_B","Defend_B","Defend_B"]},{"damage_healed":0,"gold_gain":0,"cards_transformed":["Panache"],"player_choice":"Transformed","damage_taken":0,"max_hp_gain":0,"max_hp_loss":0,"event_name":"Transmorgrifier","floor":30,"gold_loss":0,"cards_obtained":["Mayhem"]}],"is_beta":true,"boss_relics":[{"not_picked":["Astrolabe","SlaversCollar"],"picked":"Runic Pyramid"}],"items_purged_floors":[],"is_endless":false,"potions_floor_spawned":[1,3,11,18,27,31],"killed_by":"Champ","ascension_level":0}