{"gold_per_floor":[18,36,52,68,78,78,95,113,193,193,226,226,241,274,274,274],"floor_reached":16,"playtime":1493,"items_purged":[],"score":226,"play_id":"5e5c6266-afbe-472c-9b00-0f7fa4c63ffd","local_time":"20190625184518","is_ascension_mode":true,"campfire_choices":[{"data":"Neutralize","floor":6,"key":"SMITH"},{"data":"Cloak And Dagger","floor":10,"key":"SMITH"},{"floor":12,"key":"REST"},{"floor":15,"key":"REST"}],"neow_cost":"NO_GOLD","seed_source_timestamp":702113917861018,"circlet_count":0,"master_deck":["AscendersBane","Defend_G","Defend_G","Defend_G","Defend_G","Strike_G","Strike_G","Strike_G","Strike_G","Survivor","Neutralize+1","Footwork","PiercingWail","Footwork","Cloak And Dagger+1","Cloak And Dagger","Blur","Glass Knife","Crippling Poison","Choke","Deflect"],"relics":["Ring of the Snake","Kunai","Calipers","Snake Skull"],"potions_floor_usage":[3,3,5,16],"damage_taken":[{"damage":1,"enemies":"Cultist","floor":1,"turns":5},{"damage":0,"enemies":"2 Louse","floor":2,"turns":3},{"damage":2,"enemies":"Small Slimes","floor":3,"turns":4},{"damage":14,"enemies":"Exordium Wildlife","floor":4,"turns":11},{"damage":3,"enemies":"Gremlin Gang","floor":5,"turns":5},{"damage":2,"enemies":"Lots of Slimes","floor":7,"turns":8},{"damage":3,"enemies":"3 Louse","floor":8,"turns":8},{"damage":19,"enemies":"Gremlin Nob","floor":11,"turns":6},{"damage":1,"enemies":"Blue Slaver","floor":13,"turns":5},{"damage":16,"enemies":"3 Sentries","floor":14,"turns":14},{"damage":45,"enemies":"Slime Boss","floor":16,"turns":16}],"seed_played":"-322131766483623221","potions_obtained":[{"floor":2,"key":"Explosive Potion"},{"floor":3,"key":"Fruit Juice"},{"floor":4,"key":"Explosive Potion"},{"floor":7,"key":"Dexterity Potion"}],"is_trial":false,"path_per_floor":["M","M","M","M","M","R","M","M","T","R","E","R","M","E","R","B"],"character_chosen":"THE_SILENT","items_purchased":[],"campfire_rested":2,"item_purchase_floors":[],"current_hp_per_floor":[58,58,61,47,44,44,42,39,39,39,20,41,40,24,45,0],"gold":274,"neow_bonus":"REMOVE_TWO","is_prod":false,"is_daily":false,"chose_seed":false,"campfire_upgraded":2,"win_rate":0,"timestamp":1561502718,"path_taken":["M","M","M","M","M","R","M","?","T","R","E","R","M","E","R","BOSS"],"build_version":"2019-01-23","purchased_purges":0,"victory":false,"max_hp_per_floor":[66,66,71,71,71,71,71,71,71,71,71,71,71,71,71,71],"card_choices":[{"not_picked":["Backflip","Sucker Punch"],"picked":"Footwork","floor":1},{"not_picked":["Poisoned Stab","Sucker Punch"],"picked":"PiercingWail","floor":2},{"not_picked":["Calculated Gamble","Deflect"],"picked":"Footwork","floor":3},{"not_picked":["Acrobatics","Escape Plan"],"picked":"Cloak And Dagger","floor":4},{"not_picked":["Finisher","Underhanded Strike"],"picked":"Cloak And Dagger","floor":5},{"not_picked":["Footwork","Poisoned Stab"],"picked":"Blur","floor":7},{"not_picked":["Quick Slash","Acrobatics"],"picked":"Glass Knife","floor":8},{"not_picked":["Quick Slash","Acrobatics"],"picked":"Crippling Poison","floor":11},{"not_picked":["Poisoned Stab","Bane"],"picked":"Choke","floor":13},{"not_picked":["Quick Slash","Flying Knee"],"picked":"Deflect","floor":14}],"player_experience":2635983,"relics_obtained":[{"floor":9,"key":"Kunai"},{"floor":11,"key":"Calipers"},{"floor":14,"key":"Snake Skull"}],"event_choices":[],"is_beta":false,"boss_relics":[],"items_purged_floors":[],"is_endless":false,"potions_floor_spawned":[2,3,4,7],"killed_by":"Slime Boss","ascension_level":19}