{"gold_per_floor":[110,110,110,70,82,82,112,124,204,204,24,42,57,32,32,127,127,142,154,69,86,86],"floor_reached":22,"playtime":1994,"items_purged":[],"score":279,"play_id":"3782a269-671e-49e3-ac33-1655577eeb17","local_time":"20180926212449","is_ascension_mode":true,"campfire_choices":[{"floor":6,"key":"REST"},{"floor":10,"key":"REST"},{"data":"Footwork","floor":15,"key":"SMITH"}],"neow_cost":"NONE","seed_source_timestamp":284628972840100,"circlet_count":0,"master_deck":["Defend_G","Defend_G","Defend_G+1","Defend_G","Defend_G","Strike_G","Strike_G+1","Strike_G","Strike_G","Strike_G","Survivor","Neutralize+1","AscendersBane","Flying Knee","Dodge and Roll","Noxious Fumes","Dash","Leg Sweep","Footwork+1","Sucker Punch","Wraith Form v2","Infinite Blades","Dagger Spray","Tools of the Trade","Outmaneuver+1","Backflip+1","Noxious Fumes"],"relics":["Ring of the Snake","Anchor","Centennial Puzzle","Singing Bowl","WristBlade","Toxic Egg 2"],"potions_floor_usage":[7,16,16,19,19,22],"damage_taken":[{"damage":0,"enemies":"2 Louse","floor":1,"turns":3},{"damage":0,"enemies":"Small Slimes","floor":5,"turns":4},{"damage":36,"enemies":"Lagavulin","floor":7,"turns":11},{"damage":0,"enemies":"Cultist","floor":8,"turns":4},{"damage":0,"enemies":"3 Louse","floor":12,"turns":5},{"damage":0,"enemies":"Looter","floor":13,"turns":4},{"damage":31,"enemies":"Hexaghost","floor":16,"turns":12},{"damage":1,"enemies":"3 Byrds","floor":18,"turns":7},{"damage":12,"enemies":"2 Thieves","floor":19,"turns":5},{"damage":12,"enemies":"Shelled Parasite and Fungi","floor":21,"turns":8},{"damage":39,"enemies":"3 Cultists","floor":22,"turns":5}],"seed_played":"-1456584415362260598","potions_obtained":[{"floor":4,"key":"Regen Potion"},{"floor":4,"key":"SpeedPotion"},{"floor":4,"key":"Dexterity Potion"},{"floor":7,"key":"Fire Potion"},{"floor":12,"key":"Poison Potion"},{"floor":16,"key":"SneckoOil"},{"floor":19,"key":"Weak Potion"}],"is_trial":false,"path_per_floor":["M","?","?","?","M","R","E","M","T","R","$","M","M","$","R","B",null,"M","M","?","M"],"character_chosen":"THE_SILENT","items_purchased":["Leg Sweep","Footwork","Sucker Punch","Dagger Spray"],"campfire_rested":2,"item_purchase_floors":[11,11,11,14],"current_hp_per_floor":[63,49,31,31,31,52,31,31,31,52,52,52,52,52,52,21,58,57,45,45,33,0],"gold":86,"neow_bonus":"UPGRADE_CARD","is_prod":false,"is_daily":false,"chose_seed":false,"campfire_upgraded":1,"win_rate":0,"timestamp":1538011489,"path_taken":["M","?","?","?","M","R","E","M","T","R","$","M","M","$","R","BOSS","M","M","?","?","M"],"build_version":"2018-08-23v2","purchased_purges":0,"victory":false,"max_hp_per_floor":[70,70,70,70,70,70,70,70,70,70,70,70,70,70,70,70,70,70,70,70,70,70],"card_choices":[{"not_picked":["Escape Plan","Blade Dance"],"picked":"Flying Knee","floor":1},{"not_picked":["Dagger Throw","Sucker Punch"],"picked":"Dodge and Roll","floor":5},{"not_picked":["Choke","Bane"],"picked":"Noxious Fumes","floor":7},{"not_picked":["Dagger Spray","Sucker Punch"],"picked":"Dash","floor":8},{"not_picked":["Blur","Flechettes"],"picked":"Wraith Form v2","floor":12},{"not_picked":["Deadly Poison","Prepared"],"picked":"Infinite Blades","floor":13},{"not_picked":["Night Terror","Bullet Time"],"picked":"Tools of the Trade","floor":16},{"not_picked":["Footwork","Choke"],"picked":"Outmaneuver+1","floor":18},{"not_picked":["Concentrate","Deflect"],"picked":"Backflip+1","floor":19},{"not_picked":["Slice","Dodge and Roll+1"],"picked":"Noxious Fumes","floor":21}],"player_experience":1771078,"relics_obtained":[{"floor":7,"key":"Centennial Puzzle"},{"floor":9,"key":"Singing Bowl"}],"event_choices":[{"event_name":"Shining Light","player_choice":"Entered Light","floor":2,"damage_taken":0},{"event_name":"Scrap Ooze","player_choice":"success","floor":3,"damage_taken":18},{"event_name":"The Woman in Blue","player_choice":"Bought 3 Potions","floor":4,"damage_taken":0},{"event_name":"Addict","player_choice":"Obtained Relic","floor":20,"damage_taken":0}],"is_beta":false,"boss_relics":[{"not_picked":["Runic Pyramid","Ring of the Serpent"],"picked":"WristBlade"}],"items_purged_floors":[],"is_endless":false,"potions_floor_spawned":[7,12,16,19],"killed_by":"3 Cultists","ascension_level":10}