{"gold_per_floor":[211,222,222,25,44,76,95,151,178,209,229,229,99,109,109,180,180,194,194,194,211,168,168,201,10,35,35,35,62,62,80,80,152,152,164,179,179,179,195,195,195,195,195,209,238,257,43,75,75,75],"floor_reached":50,"playtime":4280,"items_purged":["Strike_P","Defend_P"],"score":1266,"play_id":"bc1bee9c-27bb-48f0-8498-1122136d3666","local_time":"20191015212637","is_ascension_mode":true,"campfire_choices":[{"data":"Eruption","floor":12,"key":"SMITH"},{"data":"Judgement","floor":15,"key":"SMITH"},{"data":"Adaptation","floor":23,"key":"SMITH"},{"floor":27,"key":"REST"},{"data":"Wallop","floor":30,"key":"SMITH"},{"data":"LikeWater","floor":32,"key":"SMITH"},{"data":"Meditate","floor":40,"key":"SMITH"},{"floor":42,"key":"RECALL"},{"floor":49,"key":"REST"}],"neow_cost":"NONE","seed_source_timestamp":10393725052783,"circlet_count":0,"master_deck":["AscendersBane","Defend_P","Defend_P","Eruption+1","Vigilance","CrushJoints","FlyingSleeves","EmptyFist","Wallop+1","Crescendo","LikeWater+1","Judgement+1","ThirdEye","ClearTheMind","Establishment","DeusExMachina","Conclude+1","Crescendo+1","ForeignInfluence+1","Adaptation+1","CutThroughFate","ReachHeaven+1","CrushJoints+1","Ragnarok+1","ThirdEye+1","Meditate+1","ClearTheMind","Halt+1","LikeWater","Wallop+1","WindmillStrike+1"],"relics":["PureWater","Akabeko","Lizard Tail","Tiny Chest","Lantern","Centennial Puzzle","Astrolabe","Art of War","Pen Nib","Blood Vial","Molten Egg 2","Sozu","Bag of Preparation","Bottled Lightning"],"potions_floor_usage":[6],"damage_taken":[{"damage":0,"enemies":"Jaw Worm","floor":1,"turns":3},{"damage":2,"enemies":"Cultist","floor":2,"turns":3},{"damage":0,"enemies":"Small Slimes","floor":5,"turns":2},{"damage":0,"enemies":"Lagavulin","floor":6,"turns":4},{"damage":1,"enemies":"Exordium Thugs","floor":7,"turns":3},{"damage":8,"enemies":"Gremlin Nob","floor":8,"turns":3},{"damage":0,"enemies":"Lagavulin","floor":10,"turns":5},{"damage":5,"enemies":"3 Louse","floor":11,"turns":2},{"damage":9,"enemies":"Gremlin Gang","floor":14,"turns":2},{"damage":11,"enemies":"The Guardian","floor":16,"turns":13},{"damage":10,"enemies":"2 Thieves","floor":18,"turns":2},{"damage":0,"enemies":"Spheric Guardian","floor":21,"turns":1},{"damage":26,"enemies":"Gremlin Leader","floor":24,"turns":5},{"damage":20,"enemies":"Slavers","floor":29,"turns":3},{"damage":0,"enemies":"3 Cultists","floor":31,"turns":3},{"damage":61,"enemies":"Champ","floor":33,"turns":8},{"damage":0,"enemies":"Orb Walker","floor":35,"turns":1},{"damage":6,"enemies":"3 Darklings","floor":36,"turns":3},{"damage":14,"enemies":"4 Shapes","floor":39,"turns":4},{"damage":0,"enemies":"Sphere and 2 Shapes","floor":44,"turns":2},{"damage":8,"enemies":"Giant Head","floor":45,"turns":4},{"damage":0,"enemies":"Spire Growth","floor":46,"turns":3},{"damage":27,"enemies":"Reptomancer","floor":48,"turns":7},{"damage":62,"enemies":"Awakened One","floor":50,"turns":10}],"seed_played":"-4684549260538800472","potions_obtained":[{"floor":2,"key":"AttackPotion"},{"floor":3,"key":"SpeedPotion"},{"floor":3,"key":"Block Potion"},{"floor":6,"key":"LiquidBronze"},{"floor":16,"key":"LiquidBronze"},{"floor":24,"key":"DuplicationPotion"},{"floor":29,"key":"Weak Potion"},{"floor":31,"key":"SteroidPotion"}],"is_trial":false,"path_per_floor":["M","M","?","$","M","E","M","E","T","E","M","R","$","M","R","B",null,"M","?","?","M","$","R","E","$","T","R","?","E","R","M","R","B",null,"M","M","?","?","M","R","?","R","T","M","E","M","$","E","R","B"],"character_chosen":"WATCHER","items_purchased":["Akabeko","EmptyFist","ClearTheMind","Adaptation","CutThroughFate","Pen Nib","LikeWater","Wallop+1"],"campfire_rested":2,"item_purchase_floors":[4,4,13,22,25,25,47,47],"current_hp_per_floor":[61,59,59,59,59,59,58,50,50,50,45,45,45,36,36,25,57,47,47,47,47,47,47,21,21,21,41,41,23,23,25,25,34,60,62,58,58,78,64,64,64,64,64,66,60,62,62,37,59,0],"gold":75,"neow_bonus":"HUNDRED_GOLD","is_prod":false,"is_daily":false,"chose_seed":false,"campfire_upgraded":6,"win_rate":0,"timestamp":1571127997,"path_taken":["M","M","?","$","?","E","M","E","T","E","M","R","$","M","R","BOSS","M","?","?","?","?","R","E","$","T","R","?","E","R","?","R","BOSS","M","M","?","?","?","R","?","R","T","M","E","M","$","E","R","BOSS"],"build_version":"2019-10-14","purchased_purges":2,"victory":false,"max_hp_per_floor":[68,68,68,68,68,68,68,68,68,68,68,68,68,68,68,68,68,68,68,68,68,68,68,68,68,68,68,68,68,68,68,68,68,68,68,68,68,78,78,78,74,74,74,74,74,74,74,74,74,74],"card_choices":[{"not_picked":["Consecrate","Swivel"],"picked":"CrushJoints","floor":1},{"not_picked":["CrushJoints","FlyingSleeves","Vengeance"],"picked":"SKIP","floor":2},{"not_picked":["CrushJoints","FlyingSleeves","Vengeance"],"picked":"SKIP","floor":2},{"not_picked":["CrushJoints","Vengeance"],"picked":"FlyingSleeves","floor":2},{"not_picked":["SashWhip","Vault"],"picked":"Wallop","floor":5},{"not_picked":["Halt","Prostrate","ClearTheMind"],"picked":"SKIP","floor":6},{"not_picked":["Prostrate","FlyingSleeves"],"picked":"Crescendo","floor":7},{"not_picked":["FlurryOfBlows","FlyingSleeves"],"picked":"LikeWater","floor":8},{"not_picked":["Indignation","CarveReality"],"picked":"Judgement","floor":10},{"not_picked":["BowlingBash","Protect"],"picked":"ThirdEye","floor":11},{"not_picked":["Crescendo","FlyingSleeves"],"picked":"Establishment","floor":14},{"not_picked":["Brilliance","Establishment"],"picked":"DeusExMachina","floor":16},{"not_picked":["Consecrate","Vengeance"],"picked":"ForeignInfluence","floor":18},{"not_picked":["FollowUp","Weave","ReachHeaven"],"picked":"SKIP","floor":21},{"not_picked":["EmptyFist","Adaptation","ForeignInfluence"],"picked":"SKIP","floor":24},{"not_picked":["BattleHymn","CrushJoints"],"picked":"ReachHeaven+1","floor":29},{"not_picked":["FollowUp+1","FlyingSleeves+1"],"picked":"CrushJoints+1","floor":31},{"not_picked":["ConjureBlade","LessonLearned+1"],"picked":"Ragnarok+1","floor":33},{"not_picked":["CrushJoints+1","EmptyMind"],"picked":"ThirdEye+1","floor":35},{"not_picked":["Prostrate","EmptyBody"],"picked":"Meditate","floor":36},{"not_picked":["EmptyFist+1","Collect","ThirdEye"],"picked":"SKIP","floor":39},{"not_picked":["Crescendo","Consecrate+1","Brilliance"],"picked":"SKIP","floor":44},{"not_picked":["Vengeance","Consecrate+1"],"picked":"ClearTheMind","floor":45},{"not_picked":["Swivel","Evaluate"],"picked":"Halt+1","floor":46},{"not_picked":["FlyingSleeves+1","Prostrate"],"picked":"WindmillStrike+1","floor":48}],"player_experience":1565870,"relics_obtained":[{"floor":6,"key":"Lizard Tail"},{"floor":8,"key":"Tiny Chest"},{"floor":9,"key":"Lantern"},{"floor":10,"key":"Centennial Puzzle"},{"floor":24,"key":"Art of War"},{"floor":26,"key":"Blood Vial"},{"floor":29,"key":"Molten Egg 2"},{"floor":45,"key":"Bag of Preparation"},{"floor":48,"key":"Bottled Lightning"}],"event_choices":[{"damage_healed":0,"gold_gain":0,"player_choice":"Got Potions","damage_taken":0,"max_hp_gain":0,"max_hp_loss":0,"event_name":"Lab","floor":3,"gold_loss":0},{"damage_healed":0,"gold_gain":0,"player_choice":"Ignored","damage_taken":0,"max_hp_gain":0,"max_hp_loss":0,"event_name":"Ghosts","floor":19,"gold_loss":0},{"cards_removed":["Strike_P"],"damage_healed":0,"gold_gain":0,"player_choice":"Elegance","damage_taken":0,"max_hp_gain":0,"max_hp_loss":0,"event_name":"Back to Basics","floor":20,"gold_loss":0},{"damage_healed":0,"gold_gain":0,"player_choice":"Forge","damage_taken":0,"max_hp_gain":0,"max_hp_loss":0,"event_name":"Accursed Blacksmith","floor":28,"gold_loss":0,"cards_upgraded":["ForeignInfluence"]},{"damage_healed":0,"gold_gain":0,"player_choice":"Ignored","damage_taken":0,"max_hp_gain":0,"max_hp_loss":0,"event_name":"Tomb of Lord Red Mask","floor":37,"gold_loss":0},{"cards_removed":["MasterReality"],"damage_healed":10,"gold_gain":0,"player_choice":"Offered Rare","damage_taken":0,"max_hp_gain":10,"max_hp_loss":0,"event_name":"Bonfire Elementals","floor":38,"gold_loss":0},{"damage_healed":0,"gold_gain":0,"player_choice":"Max HP","damage_taken":0,"max_hp_gain":0,"max_hp_loss":4,"event_name":"Winding Halls","floor":41,"gold_loss":0}],"is_beta":true,"boss_relics":[{"not_picked":["SlaversCollar","Tiny House"],"picked":"Astrolabe"},{"not_picked":["VioletLotus","Empty Cage"],"picked":"Sozu"}],"items_purged_floors":[13,47],"is_endless":false,"potions_floor_spawned":[2,5,6,8,11,16,24,29,31,35,44,48],"killed_by":"Awakened One","ascension_level":20}