{"gold_per_floor":[113,78,7,18,18,18,18,18,42,81,111,135,166,178,190,298,310,322,9,29,49,67,67,79,110,110,110,121,147,62,62,62,62],"floor_reached":33,"playtime":3370,"items_purged":[],"score":270,"play_id":"e95fdafd-f969-4c3e-bc26-6fbea3035bc5","local_time":"20190906160734","is_ascension_mode":true,"campfire_choices":[{"data":"Well Laid Plans","floor":6,"key":"SMITH"},{"data":"Neutralize","floor":8,"key":"SMITH"},{"floor":15,"key":"REST"},{"floor":23,"key":"REST"},{"floor":27,"key":"REST"},{"floor":32,"key":"REST"}],"neow_cost":"NONE","seed_source_timestamp":4862956593856,"circlet_count":0,"master_deck":["Strike_G+1","Strike_G+1","Strike_G+1","Strike_G+1","Strike_G+1","Defend_G+1","Defend_G+1","Defend_G+1","Defend_G+1","Defend_G+1","Survivor+1","Neutralize+1","Blade Dance+1","Well Laid Plans+1","Poisoned Stab","Leg Sweep+1","Dagger Spray","Terror","Noxious Fumes","Adrenaline","PiercingWail","Dagger Throw","Slice","Sucker Punch","Accuracy","Acrobatics","All Out Attack+1","All Out Attack","Catalyst+1","Infinite Blades+1","Cloak And Dagger+1","Cloak And Dagger+1","Deadly Poison"],"relics":["Ring of the Snake","Oddly Smooth Stone","MawBank","Odd Mushroom","Orrery","Thread and Needle","WingedGreaves","Matryoshka","Red Mask","War Paint"],"potions_floor_usage":[18,21,29],"damage_taken":[{"damage":0,"enemies":"2 Louse","floor":1,"turns":3},{"damage":2,"enemies":"Small Slimes","floor":4,"turns":4},{"damage":13,"enemies":"The Mushroom Lair","floor":10,"turns":5},{"damage":0,"enemies":"Jaw Worm","floor":11,"turns":3},{"damage":1,"enemies":"Looter","floor":12,"turns":3},{"damage":0,"enemies":"3 Louse","floor":13,"turns":4},{"damage":28,"enemies":"Hexaghost","floor":16,"turns":11},{"damage":0,"enemies":"2 Thieves","floor":18,"turns":1},{"damage":0,"enemies":"Chosen","floor":20,"turns":6},{"damage":8,"enemies":"Centurion and Healer","floor":21,"turns":8},{"damage":14,"enemies":"Shelled Parasite and Fungi","floor":22,"turns":6},{"damage":11,"enemies":"Snecko","floor":24,"turns":6},{"damage":54,"enemies":"Slavers","floor":25,"turns":6},{"damage":16,"enemies":"Chosen and Byrds","floor":28,"turns":5},{"damage":24,"enemies":"Masked Bandits","floor":29,"turns":6},{"damage":47,"enemies":"Automaton","floor":33,"turns":6}],"seed_played":"-5652459004233241116","potions_obtained":[{"floor":4,"key":"EssenceOfSteel"},{"floor":12,"key":"SmokeBomb"},{"floor":16,"key":"FairyPotion"},{"floor":21,"key":"Swift Potion"},{"floor":22,"key":"Weak Potion"},{"floor":28,"key":"Explosive Potion"}],"is_trial":false,"path_per_floor":["M","?","$","M","?","R","?","R","T","?","M","M","M","?","R","B",null,"M","$","M","M","M","R","M","E","T","R","M","?","?","?","R","B"],"character_chosen":"THE_SILENT","items_purchased":["Well Laid Plans","Thread and Needle","Acrobatics"],"campfire_rested":4,"item_purchase_floors":[3,19,19],"current_hp_per_floor":[77,77,77,75,75,75,68,68,68,55,55,54,54,39,62,34,77,77,77,77,69,55,77,66,12,12,35,19,6,6,6,29,0],"gold":62,"neow_bonus":"TEN_PERCENT_HP_BONUS","is_prod":false,"is_daily":false,"chose_seed":false,"campfire_upgraded":2,"win_rate":0,"timestamp":1567796854,"path_taken":["M","?","$","M","?","R","?","R","T","?","?","M","M","?","R","BOSS","M","$","M","M","M","R","M","E","T","R","M","?","?","?","R","BOSS"],"build_version":"2019-07-17","purchased_purges":0,"victory":false,"max_hp_per_floor":[77,77,77,77,77,77,77,77,77,77,77,77,77,77,77,77,77,77,77,77,77,77,77,77,77,77,77,77,77,77,77,77,77],"card_choices":[{"not_picked":["Poisoned Stab","Caltrops"],"picked":"Blade Dance","floor":1},{"not_picked":["Predator","Masterful Stab"],"picked":"Poisoned Stab","floor":4},{"not_picked":["Skewer","Flying Knee"],"picked":"Leg Sweep","floor":10},{"not_picked":["Riddle With Holes","Cloak And Dagger"],"picked":"Dagger Spray","floor":11},{"not_picked":["Acrobatics","Calculated Gamble"],"picked":"Terror","floor":12},{"not_picked":["Dodge and Roll","Reflex"],"picked":"Noxious Fumes","floor":13},{"not_picked":["Envenom","Venomology"],"picked":"Adrenaline","floor":16},{"not_picked":["Dodge and Roll","Flying Knee"],"picked":"PiercingWail","floor":17},{"not_picked":["Caltrops","Calculated Gamble"],"picked":"Dagger Throw","floor":17},{"not_picked":["Quick Slash","Night Terror"],"picked":"Slice","floor":17},{"not_picked":["Deflect","Backflip"],"picked":"Sucker Punch","floor":17},{"not_picked":["Dagger Spray","Underhanded Strike"],"picked":"Accuracy","floor":17},{"not_picked":["Riddle With Holes","Acrobatics"],"picked":"All Out Attack+1","floor":20},{"not_picked":["Backflip","Flechettes+1"],"picked":"All Out Attack","floor":21},{"not_picked":["Acrobatics","Tools of the Trade"],"picked":"Catalyst","floor":22},{"not_picked":["Slice","Escape Plan+1"],"picked":"Infinite Blades+1","floor":24},{"not_picked":["Dodge and Roll+1","All Out Attack"],"picked":"Cloak And Dagger+1","floor":25},{"not_picked":["Concentrate","Footwork"],"picked":"Cloak And Dagger+1","floor":28},{"not_picked":["Acrobatics","Flying Knee+1"],"picked":"Deadly Poison","floor":29}],"player_experience":381244,"relics_obtained":[{"floor":9,"key":"MawBank"},{"floor":10,"key":"Odd Mushroom"},{"floor":25,"key":"WingedGreaves"},{"floor":26,"key":"Matryoshka"},{"floor":29,"key":"Red Mask"}],"event_choices":[{"damage_healed":19,"gold_gain":0,"player_choice":"Healed","damage_taken":0,"max_hp_gain":0,"max_hp_loss":0,"event_name":"The Cleric","floor":2,"gold_loss":35},{"damage_healed":0,"gold_gain":0,"player_choice":"Grow","damage_taken":0,"max_hp_gain":0,"max_hp_loss":0,"event_name":"Living Wall","floor":5,"gold_loss":0,"cards_upgraded":["Blade Dance"]},{"damage_healed":0,"gold_gain":0,"player_choice":"Success","damage_taken":7,"relics_obtained":["Oddly Smooth Stone"],"max_hp_gain":0,"max_hp_loss":0,"event_name":"Scrap Ooze","floor":7,"gold_loss":0},{"damage_healed":0,"gold_gain":0,"player_choice":"Fought Mushrooms","damage_taken":0,"max_hp_gain":0,"max_hp_loss":0,"event_name":"Mushrooms","floor":10,"gold_loss":0},{"damage_healed":0,"gold_gain":0,"player_choice":"Entered Light","damage_taken":15,"max_hp_gain":0,"max_hp_loss":0,"event_name":"Shining Light","floor":14,"gold_loss":0,"cards_upgraded":["Defend_G","Survivor"]},{"damage_healed":0,"gold_gain":0,"player_choice":"Fought Bandits","damage_taken":0,"max_hp_gain":0,"max_hp_loss":0,"event_name":"Masked Bandits","floor":29,"gold_loss":0},{"damage_healed":0,"gold_gain":0,"player_choice":"Obtained Relic","damage_taken":0,"relics_obtained":["War Paint"],"max_hp_gain":0,"max_hp_loss":0,"event_name":"Addict","floor":30,"gold_loss":85},{"damage_healed":0,"gold_gain":0,"player_choice":"Simplicity","damage_taken":0,"max_hp_gain":0,"max_hp_loss":0,"event_name":"Back to Basics","floor":31,"gold_loss":0,"cards_upgraded":["Strike_G","Strike_G","Strike_G","Strike_G","Strike_G","Defend_G","Defend_G","Defend_G","Defend_G"]}],"is_beta":false,"boss_relics":[{"not_picked":["Pandora\u0027s Box","Empty Cage"],"picked":"Orrery"}],"items_purged_floors":[],"is_endless":false,"potions_floor_spawned":[4,12,16,21,22,28],"killed_by":"Automaton","ascension_level":1}