{"gold_per_floor":[109,109,59,59,21,21,54,54,54,77,91,91,134,148,148,276,276,300,300,314,239,239,239,239],"floor_reached":24,"playtime":1670,"items_purged":[],"score":263,"play_id":"f986f215-4217-4cff-a2e9-755e86dac17b","local_time":"20180830203857","is_ascension_mode":true,"campfire_choices":[{"floor":6,"key":"REST"},{"floor":8,"key":"REST"},{"data":"Zap","floor":12,"key":"SMITH"},{"data":"Hologram","floor":15,"key":"SMITH"},{"floor":23,"key":"REST"}],"neow_cost":"","seed_source_timestamp":314716278945494,"circlet_count":0,"master_deck":["Strike_B","Defend_B","Defend_B","Zap+1","Dualcast","Auto Shields","Streamline","Steam Power","Redo","Gash","Rip and Tear","Beam Cell","Hologram+1","Seek","Tempest+1","Storm+1","Buffer+1","Tempest","Turbo"],"relics":["Cracked Core","Bloody Idol","Pantograph","Bag of Marbles","Lantern","Astrolabe"],"potions_floor_usage":[14,24,24],"damage_taken":[{"damage":2,"enemies":"Small Slimes","floor":1,"turns":3},{"damage":21,"enemies":"Gremlin Nob","floor":7,"turns":4},{"damage":0,"enemies":"2 Louse","floor":10,"turns":2},{"damage":0,"enemies":"Cultist","floor":11,"turns":3},{"damage":20,"enemies":"3 Sentries","floor":13,"turns":6},{"damage":0,"enemies":"2 Fungi Beasts","floor":14,"turns":1},{"damage":20,"enemies":"Slime Boss","floor":16,"turns":8},{"damage":12,"enemies":"Chosen","floor":18,"turns":3},{"damage":16,"enemies":"Shell Parasite","floor":20,"turns":4},{"damage":65,"enemies":"Slavers","floor":24,"turns":4}],"seed_played":"-7286138055226265374","potions_obtained":[{"floor":7,"key":"LiquidBronze"},{"floor":11,"key":"Swift Potion"},{"floor":13,"key":"AttackPotion"}],"is_trial":false,"path_per_floor":["M","?","$","?","$","R","E","R","T","M","M","R","E","M","R","B",null,"M","?","M","?","?","R"],"character_chosen":"DEFECT","items_purchased":["Streamline","Steam Power"],"campfire_rested":3,"item_purchase_floors":[3,5],"current_hp_per_floor":[66,59,59,41,41,63,42,64,64,64,64,64,44,44,44,49,69,57,57,41,41,41,63,0],"gold":239,"neow_bonus":"","is_prod":false,"is_daily":false,"chose_seed":false,"campfire_upgraded":2,"win_rate":0,"timestamp":1535675937,"path_taken":["M","?","?","?","?","R","E","R","T","?","M","R","E","M","R","BOSS","M","?","M","?","?","R","E"],"build_version":"2018-08-23v2","purchased_purges":0,"victory":false,"max_hp_per_floor":[75,75,75,75,75,75,75,75,75,75,75,75,75,75,75,75,75,75,75,75,75,75,75,75],"card_choices":[{"not_picked":["Turbo","Rebound"],"picked":"Auto Shields","floor":1},{"not_picked":["Meteor Strike","Force Field"],"picked":"Redo","floor":7},{"not_picked":["Leap","Compile Driver"],"picked":"Gash","floor":10},{"not_picked":["Steam Power","Hello World"],"picked":"Rip and Tear","floor":11},{"not_picked":["Streamline","White Noise"],"picked":"Beam Cell","floor":13},{"not_picked":["Beam Cell","Rip and Tear"],"picked":"Hologram","floor":14},{"not_picked":["Machine Learning","Creative AI"],"picked":"Seek","floor":16},{"not_picked":["Steam Power","Beam Cell"],"picked":"Tempest","floor":18},{"not_picked":["Beam Cell","Sweeping Beam"],"picked":"Turbo","floor":20}],"player_experience":1603475,"relics_obtained":[{"floor":7,"key":"Pantograph"},{"floor":9,"key":"Bag of Marbles"},{"floor":13,"key":"Lantern"}],"event_choices":[{"event_name":"Golden Wing","player_choice":"Card Removal","floor":2,"damage_taken":0},{"event_name":"Golden Idol","player_choice":"Take Damage","floor":4,"damage_taken":0},{"event_name":"Vampires","player_choice":"Ignored","floor":19,"damage_taken":0},{"event_name":"Beggar","player_choice":"Gave Gold","floor":21,"damage_taken":0},{"event_name":"Forgotten Altar","player_choice":"Gave Idol","floor":22,"damage_taken":0}],"is_beta":false,"boss_relics":[{"not_picked":["Inserter","Pandora\u0027s Box"],"picked":"Astrolabe"}],"items_purged_floors":[],"is_endless":false,"potions_floor_spawned":[7,11,13],"killed_by":"Slavers","ascension_level":6}