{"gold_per_floor":[114,114,125,138,148,173,173,192,241,258,286,304,322,351,351,454,454,468,479,479],"floor_reached":20,"playtime":2900,"items_purged":[],"score":225,"play_id":"4f0f1ea1-6f3a-4e6a-b6dd-dcd17d731c47","local_time":"20190701160856","is_ascension_mode":false,"campfire_choices":[{"floor":15,"key":"REST"}],"neow_cost":"NONE","seed_source_timestamp":704779178258144,"circlet_count":0,"master_deck":["Strike_R","Strike_R","Strike_R","Strike_R","Strike_R","Defend_R","Defend_R","Defend_R+1","Defend_R","Bash","Infernal Blade+1","Power Through","Double Tap","Sword Boomerang","Anger","Power Through","Dual Wield","Uppercut","Clothesline","Ghostly Armor","Disarm","Reaper","Impervious","Infernal Blade","Clash+1"],"relics":["Black Blood","Unceasing Top","Self Forming Clay","Blood Vial","Bag of Marbles","War Paint"],"potions_floor_usage":[6,6,16,19,19,20],"damage_taken":[{"damage":14,"enemies":"Jaw Worm","floor":1,"turns":4},{"damage":0,"enemies":"2 Louse","floor":3,"turns":2},{"damage":0,"enemies":"Cultist","floor":4,"turns":1},{"damage":9,"enemies":"Blue Slaver","floor":5,"turns":4},{"damage":0,"enemies":"Gremlin Nob","floor":6,"turns":3},{"damage":15,"enemies":"Exordium Thugs","floor":8,"turns":7},{"damage":4,"enemies":"3 Louse","floor":10,"turns":4},{"damage":29,"enemies":"3 Sentries","floor":11,"turns":9},{"damage":0,"enemies":"2 Fungi Beasts","floor":12,"turns":3},{"damage":0,"enemies":"Exordium Thugs","floor":13,"turns":6},{"damage":23,"enemies":"Lagavulin","floor":14,"turns":7},{"damage":38,"enemies":"Slime Boss","floor":16,"turns":13},{"damage":51,"enemies":"Spheric Guardian","floor":18,"turns":10},{"damage":26,"enemies":"Shell Parasite","floor":19,"turns":9},{"damage":32,"enemies":"Snake Plant","floor":20,"turns":5}],"seed_played":"5184176492334304610","potions_obtained":[{"floor":1,"key":"Block Potion"},{"floor":5,"key":"Energy Potion"},{"floor":6,"key":"Dexterity Potion"},{"floor":8,"key":"AttackPotion"},{"floor":12,"key":"Poison Potion"},{"floor":16,"key":"AttackPotion"},{"floor":19,"key":"FearPotion"}],"is_trial":false,"path_per_floor":["M","?","M","M","M","E","?","M","T","M","E","M","M","E","R","B",null,"M","M","M"],"character_chosen":"IRONCLAD","items_purchased":[],"campfire_rested":1,"item_purchase_floors":[],"current_hp_per_floor":[72,72,78,80,77,80,62,53,53,57,36,44,52,37,61,43,80,39,29,0],"gold":479,"neow_bonus":"THREE_CARDS","is_prod":false,"is_daily":false,"chose_seed":false,"campfire_upgraded":0,"win_rate":0.0,"timestamp":1562008136,"path_taken":["M","?","M","M","M","E","?","M","T","M","E","M","M","E","R","BOSS","M","M","M"],"build_version":"2019-01-23","purchased_purges":0,"victory":false,"max_hp_per_floor":[80,80,80,80,80,80,80,80,80,80,80,80,80,80,80,80,80,80,80,80],"card_choices":[{"not_picked":["Bloodletting","Twin Strike"],"picked":"Infernal Blade","floor":0},{"not_picked":["Cleave","Entrench"],"picked":"Power Through","floor":1},{"not_picked":["Twin Strike","Headbutt"],"picked":"Double Tap","floor":3},{"not_picked":["Armaments","Spot Weakness"],"picked":"Sword Boomerang","floor":4},{"not_picked":["Thunderclap","Warcry"],"picked":"Anger","floor":5},{"not_picked":["Ghostly Armor","Iron Wave"],"picked":"Power Through","floor":6},{"not_picked":["Combust","Intimidate"],"picked":"Dual Wield","floor":8},{"not_picked":["Clothesline","Whirlwind"],"picked":"Uppercut","floor":10},{"not_picked":["Combust","Pommel Strike"],"picked":"Clothesline","floor":11},{"not_picked":["Blood for Blood","Rupture"],"picked":"Ghostly Armor","floor":12},{"not_picked":["Twin Strike","Uppercut"],"picked":"Disarm","floor":13},{"not_picked":["Wild Strike","Combust"],"picked":"Reaper","floor":14},{"not_picked":["Demon Form","Double Tap"],"picked":"Impervious","floor":16},{"not_picked":["Hemokinesis","Headbutt"],"picked":"Infernal Blade","floor":18},{"not_picked":["Body Slam+1","Clothesline+1"],"picked":"Clash+1","floor":19}],"player_experience":42664,"relics_obtained":[{"floor":6,"key":"Unceasing Top"},{"floor":9,"key":"Blood Vial"},{"floor":11,"key":"Bag of Marbles"},{"floor":14,"key":"War Paint"}],"event_choices":[{"damage_healed":0,"gold_gain":0,"player_choice":"Ignored","damage_taken":0,"max_hp_gain":0,"max_hp_loss":0,"event_name":"Liars Game","floor":2,"gold_loss":0},{"damage_healed":0,"gold_gain":0,"player_choice":"Success","damage_taken":18,"relics_obtained":["Self Forming Clay"],"max_hp_gain":0,"max_hp_loss":0,"event_name":"Scrap Ooze","floor":7,"gold_loss":0}],"is_beta":false,"boss_relics":[{"not_picked":["Orrery","Calling Bell"],"picked":"Black Blood"}],"items_purged_floors":[],"is_endless":false,"potions_floor_spawned":[1,5,6,8,12,16,19],"killed_by":"Snake Plant","ascension_level":0}