{"gold_per_floor":[110,36,36,36,36,36,67,67,94,25,55,68,88,99,99,170,170,181,121,131,131,46,46,46,80,80,80,80,93,93],"floor_reached":30,"playtime":2021,"items_purged":["Strike_G"],"score":608,"play_id":"375bbdc2-9cea-471f-a14d-ad90e7c7df9e","local_time":"20191019182842","is_ascension_mode":true,"campfire_choices":[{"data":"Neutralize","floor":6,"key":"SMITH"},{"data":"Caltrops","floor":8,"key":"SMITH"},{"data":"Sucker Punch","floor":15,"key":"SMITH"},{"floor":23,"key":"REST"},{"floor":27,"key":"REST"}],"neow_cost":"NONE","seed_source_timestamp":2045970462695356,"circlet_count":0,"master_deck":["AscendersBane","Defend_G+1","Defend_G","Defend_G","Defend_G","Defend_G","Strike_G","Strike_G","Strike_G","Survivor","Neutralize+1","Caltrops+1","Terror+1","Flying Knee","Footwork","Dodge and Roll","Dagger Spray","Poisoned Stab","Sucker Punch+1","Envenom","Crippling Poison","Quick Slash+1","Footwork","Bane","PiercingWail"],"relics":["Ring of the Snake","NeowsBlessing","The Courier","War Paint","Juzu Bracelet","Ginger","Matryoshka","Blood Vial","Pantograph","SsserpentHead"],"potions_floor_usage":[1,16,25,25,29],"damage_taken":[{"damage":0,"enemies":"Jaw Worm","floor":1,"turns":1},{"damage":0,"enemies":"Gremlin Nob","floor":7,"turns":1},{"damage":0,"enemies":"Lagavulin","floor":11,"turns":1},{"damage":0,"enemies":"Cultist","floor":12,"turns":3},{"damage":0,"enemies":"Small Slimes","floor":13,"turns":3},{"damage":15,"enemies":"Red Slaver","floor":14,"turns":5},{"damage":7,"enemies":"The Guardian","floor":16,"turns":12},{"damage":12,"enemies":"Shell Parasite","floor":18,"turns":7},{"damage":0,"enemies":"3 Byrds","floor":20,"turns":1},{"damage":43,"enemies":"Gremlin Leader","floor":25,"turns":7},{"damage":26,"enemies":"Snake Plant","floor":29,"turns":3},{"damage":14,"enemies":"3 Cultists","floor":30,"turns":4}],"seed_played":"-5896883035959702874","potions_obtained":[{"floor":1,"key":"Fruit Juice"},{"floor":14,"key":"Explosive Potion"},{"floor":16,"key":"Explosive Potion"},{"floor":20,"key":"Energy Potion"},{"floor":29,"key":"Fruit Juice"}],"is_trial":false,"path_per_floor":["M","$","?","?","$","R","E","R","T","$","E","M","M","M","R","B",null,"M","$","M","?","?","R","?","E","T","R","?","M","M"],"character_chosen":"THE_SILENT","items_purchased":["Terror","Footwork"],"campfire_rested":2,"item_purchase_floors":[2,10],"current_hp_per_floor":[64,64,64,57,57,57,57,57,57,57,57,57,57,42,42,35,62,50,50,50,30,30,52,52,9,9,31,31,12,0],"gold":93,"neow_bonus":"THREE_ENEMY_KILL","is_prod":false,"is_daily":false,"chose_seed":false,"campfire_upgraded":3,"win_rate":0,"timestamp":1571524122,"path_taken":["M","$","?","?","?","R","E","R","T","$","E","M","M","M","R","BOSS","M","$","M","?","?","R","?","E","T","R","?","M","M"],"build_version":"2019-01-23","purchased_purges":1,"victory":false,"max_hp_per_floor":[71,71,71,71,71,71,71,71,71,71,71,71,71,71,71,71,71,71,71,71,76,76,76,76,76,76,76,76,81,81],"card_choices":[{"not_picked":["Expertise","Underhanded Strike"],"picked":"Caltrops","floor":1},{"not_picked":["Flechettes","Quick Slash"],"picked":"Flying Knee","floor":7},{"not_picked":["Riddle With Holes","Prepared"],"picked":"Dodge and Roll","floor":11},{"not_picked":["Eviscerate","Flying Knee"],"picked":"Dagger Spray","floor":12},{"not_picked":["Terror","Catalyst"],"picked":"Poisoned Stab","floor":13},{"not_picked":["Cloak And Dagger","Outmaneuver"],"picked":"Sucker Punch","floor":14},{"not_picked":["Unload","Grand Finale"],"picked":"Envenom","floor":16},{"not_picked":["Prepared","Flying Knee"],"picked":"Crippling Poison","floor":18},{"not_picked":["Dagger Throw","Flying Knee"],"picked":"Quick Slash+1","floor":20},{"not_picked":["Backflip","Skewer"],"picked":"Bane","floor":25},{"not_picked":["Deflect","Flying Knee"],"picked":"PiercingWail","floor":29}],"player_experience":3027590,"relics_obtained":[{"floor":7,"key":"The Courier"},{"floor":9,"key":"War Paint"},{"floor":11,"key":"Juzu Bracelet"},{"floor":25,"key":"Matryoshka"},{"floor":26,"key":"Blood Vial"},{"floor":26,"key":"Pantograph"}],"event_choices":[{"damage_healed":0,"gold_gain":0,"player_choice":"Leave","damage_taken":0,"max_hp_gain":0,"max_hp_loss":0,"event_name":"The Cleric","floor":3,"gold_loss":0},{"cards_removed":["Strike_G"],"damage_healed":0,"gold_gain":0,"player_choice":"Card Removal","damage_taken":7,"max_hp_gain":0,"max_hp_loss":0,"event_name":"Golden Wing","floor":4,"gold_loss":0},{"damage_healed":0,"gold_gain":0,"player_choice":"Shed Blood","damage_taken":25,"max_hp_gain":5,"max_hp_loss":0,"event_name":"Forgotten Altar","floor":21,"gold_loss":0},{"damage_healed":0,"gold_gain":0,"player_choice":"Obtained Relic","damage_taken":0,"relics_obtained":["Ginger"],"max_hp_gain":0,"max_hp_loss":0,"event_name":"Addict","floor":22,"gold_loss":85},{"damage_healed":0,"gold_gain":0,"player_choice":"Copied","damage_taken":0,"max_hp_gain":0,"max_hp_loss":0,"event_name":"Duplicator","floor":24,"gold_loss":0,"cards_obtained":["Footwork"]},{"damage_healed":0,"gold_gain":0,"player_choice":"Trade","damage_taken":0,"relics_obtained":["SsserpentHead"],"max_hp_gain":0,"max_hp_loss":0,"event_name":"FaceTrader","floor":28,"gold_loss":0}],"is_beta":false,"boss_relics":[{"not_picked":["Calling Bell","Coffee Dripper","Ectoplasm"]}],"items_purged_floors":[19],"is_endless":false,"potions_floor_spawned":[1,14,16,20,29],"killed_by":"3 Cultists","ascension_level":20}