{"gold_per_floor":[111,111,111,111,11,11,50,50,50,75,75,96,96,121,121,214,214,228,6,26,26,1,39,39,83,83,133,153,153,168,181,181,181],"floor_reached":33,"playtime":3513,"items_purged":["Defend_G"],"score":616,"play_id":"c68da4c9-4fde-41c7-82aa-b1d0c8cb34a3","local_time":"20190928032133","is_ascension_mode":true,"campfire_choices":[{"data":"Neutralize","floor":6.0,"key":"SMITH"},{"data":"Noxious Fumes","floor":11.0,"key":"SMITH"},{"floor":13.0,"key":"REST"},{"data":"Crippling Poison","floor":15.0,"key":"SMITH"},{"data":"Burst","floor":24.0,"key":"SMITH"},{"floor":32.0,"key":"REST"}],"neow_cost":"NONE","seed_source_timestamp":1496038233014068,"circlet_count":0,"master_deck":["AscendersBane","Defend_G+1","Defend_G+1","Defend_G+1","Defend_G+1","Strike_G+1","Strike_G+1","Survivor","Neutralize+1","Noxious Fumes+1","Dagger Spray","Dagger Throw","PiercingWail","Deadly Poison","Crippling Poison+1","Burst+1","Escape Plan","Malaise","Bane","Well Laid Plans","Poisoned Stab","Catalyst","Dodge and Roll","Blur"],"special_seed":0,"relics":["Ring of the Snake","NeowsBlessing","Golden Idol","PreservedInsect","Thread and Needle","Empty Cage","FossilizedHelix","Dodecahedron","Bottled Lightning"],"potions_floor_usage":[33],"damage_taken":[{"damage":0.0,"enemies":"Cultist","floor":1.0,"turns":1.0},{"damage":0.0,"enemies":"3 Sentries","floor":7.0,"turns":1.0},{"damage":0.0,"enemies":"Small Slimes","floor":10.0,"turns":1.0},{"damage":0.0,"enemies":"2 Louse","floor":12.0,"turns":2.0},{"damage":2.0,"enemies":"Blue Slaver","floor":14.0,"turns":4.0},{"damage":10.0,"enemies":"Slime Boss","floor":16.0,"turns":11.0},{"damage":7.0,"enemies":"2 Thieves","floor":18.0,"turns":4.0},{"damage":11.0,"enemies":"Shell Parasite","floor":20.0,"turns":7.0},{"damage":2.0,"enemies":"Gremlin Leader","floor":23.0,"turns":6.0},{"damage":37.0,"enemies":"Slavers","floor":25.0,"turns":7.0},{"damage":11.0,"enemies":"Sentry and Sphere","floor":28.0,"turns":5.0},{"damage":0.0,"enemies":"3 Cultists","floor":30.0,"turns":4.0},{"damage":0.0,"enemies":"Snake Plant","floor":31.0,"turns":6.0},{"damage":41,"enemies":"Collector","floor":33,"turns":8}],"seed_played":"-4572283201027581764","potions_obtained":[{"floor":12.0,"key":"SpeedPotion"},{"floor":14.0,"key":"Block Potion"},{"floor":16.0,"key":"Energy Potion"},{"floor":20.0,"key":"Regen Potion"},{"floor":23.0,"key":"FearPotion"},{"floor":28.0,"key":"PowerPotion"},{"floor":31.0,"key":"Ancient Potion"}],"is_trial":false,"path_per_floor":["M","?","?","?","$","R","E","?","T","M","R","M","R","M","R","B",null,"M","$","M","?","$","E","R","E","T","?","M","?","M","M","R","B"],"character_chosen":"THE_SILENT","items_purchased":["Dagger Spray","Malaise","Bane","Poisoned Stab"],"campfire_rested":2,"item_purchase_floors":[5,19,19,22],"current_hp_per_floor":[59,59,52,29,29,29,29,24,24,24,24,24,43,41,41,31,57,50,50,39,39,39,52,52,15,15,15,4,4,4,4,23,0],"gold":181,"neow_bonus":"THREE_ENEMY_KILL","is_prod":false,"is_daily":false,"chose_seed":false,"campfire_upgraded":4,"win_rate":0,"timestamp":1569655293,"path_taken":["M","?","?","?","$","R","E","?","T","?","R","M","R","M","R","BOSS","M","$","M","?","?","E","R","E","T","?","M","?","?","M","R","BOSS"],"build_version":"2019-01-23","purchased_purges":1,"victory":false,"max_hp_per_floor":[66,66,66,66,66,66,66,66,66,66,66,66,66,66,66,66,66,66,66,66,66,66,66,66,66,66,66,66,66,66,66,66,66],"card_choices":[{"not_picked":["Quick Slash","Dodge and Roll"],"picked":"Noxious Fumes","floor":1.0},{"not_picked":["Backflip","Wraith Form v2"],"picked":"Dagger Throw","floor":7.0},{"not_picked":["Predator","Acrobatics"],"picked":"PiercingWail","floor":10.0},{"not_picked":["Blur","Finisher"],"picked":"Deadly Poison","floor":12.0},{"not_picked":["Blade Dance","Bane"],"picked":"Crippling Poison","floor":14.0},{"not_picked":["Adrenaline","Bullet Time"],"picked":"Burst","floor":16.0},{"not_picked":["Prepared","Flying Knee"],"picked":"Escape Plan","floor":18.0},{"not_picked":["Escape Plan","Sucker Punch"],"picked":"Well Laid Plans","floor":20.0},{"not_picked":["Caltrops","Infinite Blades"],"picked":"Catalyst","floor":23.0},{"not_picked":["Crippling Poison","Bane"],"picked":"Dodge and Roll","floor":25.0},{"not_picked":["Reflex","Night Terror"],"picked":"Blur","floor":28.0},{"not_picked":["Deadly Poison","Calculated Gamble","Underhanded Strike"],"picked":"SKIP","floor":30.0},{"not_picked":["Underhanded Strike","Sucker Punch","Dodge and Roll"],"picked":"SKIP","floor":31.0}],"player_experience":2994239,"relics_obtained":[{"floor":7.0,"key":"PreservedInsect"},{"floor":9.0,"key":"Thread and Needle"},{"floor":23.0,"key":"FossilizedHelix"},{"floor":25.0,"key":"Dodecahedron"},{"floor":26.0,"key":"Bottled Lightning"}],"event_choices":[{"damage_healed":0.0,"max_hp_gain":0.0,"max_hp_loss":0.0,"gold_gain":0.0,"event_name":"The Cleric","player_choice":"Leave","floor":2.0,"gold_loss":0.0,"damage_taken":0.0},{"cards_removed":["Strike_G"],"damage_healed":0.0,"max_hp_gain":0.0,"max_hp_loss":0.0,"gold_gain":0.0,"event_name":"Golden Wing","player_choice":"Card Removal","floor":3.0,"gold_loss":0.0,"damage_taken":7.0},{"damage_healed":0.0,"max_hp_gain":0.0,"max_hp_loss":0.0,"gold_gain":0.0,"event_name":"Golden Idol","player_choice":"Take Damage","floor":4.0,"gold_loss":0.0,"damage_taken":23.0,"relics_obtained":["Golden Idol"]},{"damage_healed":0.0,"max_hp_gain":0.0,"max_hp_loss":0.0,"gold_gain":0.0,"event_name":"Scrap Ooze","player_choice":"Fled","floor":8.0,"gold_loss":0.0,"damage_taken":5.0},{"damage_healed":0.0,"max_hp_gain":0.0,"max_hp_loss":0.0,"gold_gain":0.0,"event_name":"Back to Basics","player_choice":"Simplicity","floor":21.0,"gold_loss":0.0,"damage_taken":0.0,"cards_upgraded":["Defend_G","Defend_G","Defend_G","Defend_G","Strike_G","Strike_G"]},{"damage_healed":0.0,"max_hp_gain":0.0,"max_hp_loss":0.0,"gold_gain":50.0,"event_name":"Nest","player_choice":"Stole From Cult","floor":27.0,"gold_loss":0.0,"damage_taken":0.0},{"damage_healed":0.0,"max_hp_gain":0.0,"max_hp_loss":0.0,"gold_gain":0.0,"event_name":"Vampires","player_choice":"Ignored","floor":29.0,"gold_loss":0.0,"damage_taken":0.0}],"is_beta":false,"boss_relics":[{"not_picked":["HoveringKite","Busted Crown"],"picked":"Empty Cage"}],"items_purged_floors":[5],"is_endless":false,"potions_floor_spawned":[12,14,16,20,23,28,31],"killed_by":"Collector","ascension_level":20}