{"gold_per_floor":[110,125,6,18,18,18,53,73,73,73,144,144,167,192,192,322,322,346,360,379,394,417,417],"floor_reached":23,"playtime":1800,"items_purged":[],"score":197,"play_id":"788391d3-ccc7-49fc-ace9-15b846ef645d","local_time":"20190626142522","is_ascension_mode":false,"campfire_choices":[{"floor":6,"key":"REST"},{"floor":12,"key":"REST"},{"data":"Infernal Blade","floor":15,"key":"SMITH"}],"neow_cost":"NONE","seed_source_timestamp":574339393985000,"circlet_count":0,"master_deck":["Strike_R","Strike_R","Strike_R","Strike_R","Strike_R+1","Defend_R","Defend_R","Defend_R","Defend_R","Bash+1","Twin Strike","Cleave","Shrug It Off","Uppercut","Infernal Blade+1","Whirlwind","Searing Blow","Whirlwind","Flame Barrier","Clothesline","Double Tap","Rage","Second Wind","Spot Weakness+1","Headbutt+1","Fiend Fire"],"relics":["Black Blood","Golden Idol","Self Forming Clay","Ginger"],"potions_floor_usage":[18,18,22,22],"damage_taken":[{"damage":15,"enemies":"Jaw Worm","floor":1,"turns":4},{"damage":5,"enemies":"Small Slimes","floor":2,"turns":2},{"damage":1,"enemies":"2 Louse","floor":4,"turns":2},{"damage":18,"enemies":"3 Sentries","floor":7,"turns":5},{"damage":8,"enemies":"Large Slime","floor":8,"turns":5},{"damage":0,"enemies":"2 Fungi Beasts","floor":13,"turns":2},{"damage":7,"enemies":"Looter","floor":14,"turns":4},{"damage":25,"enemies":"Slime Boss","floor":16,"turns":11},{"damage":16,"enemies":"Spheric Guardian","floor":18,"turns":4},{"damage":15,"enemies":"Shell Parasite","floor":19,"turns":7},{"damage":31,"enemies":"Centurion and Healer","floor":20,"turns":8},{"damage":35,"enemies":"Chosen and Byrds","floor":21,"turns":8},{"damage":14,"enemies":"Cultist and Chosen","floor":22,"turns":4},{"damage":22,"enemies":"Gremlin Leader","floor":23,"turns":2}],"seed_played":"-6994922346877151772","potions_obtained":[{"floor":1,"key":"GamblersBrew"},{"floor":7,"key":"SkillPotion"},{"floor":8,"key":"SteroidPotion"},{"floor":19,"key":"Swift Potion"},{"floor":20,"key":"SteroidPotion"}],"is_trial":false,"path_per_floor":["M","M","$","M","?","R","E","M","T","?","?","R","M","M","R","B",null,"M","M","M","M","M","E"],"character_chosen":"IRONCLAD","items_purchased":["Uppercut","Infernal Blade"],"campfire_rested":2,"item_purchase_floors":[3,3],"current_hp_per_floor":[71,72,72,77,57,80,68,66,66,50,50,74,80,79,79,60,80,74,69,48,23,19,0],"gold":417,"neow_bonus":"THREE_CARDS","is_prod":false,"is_daily":false,"chose_seed":false,"campfire_upgraded":1,"win_rate":0.0,"timestamp":1561569922,"path_taken":["M","M","$","M","?","R","E","M","T","?","?","R","M","M","R","BOSS","M","M","M","M","M","E"],"build_version":"2019-01-23","purchased_purges":0,"victory":false,"max_hp_per_floor":[80,80,80,80,80,80,80,80,80,80,80,80,80,80,80,80,80,80,80,80,80,80,80],"card_choices":[{"not_picked":["Clothesline","Body Slam"],"picked":"Twin Strike","floor":0},{"not_picked":["Fire Breathing","Sword Boomerang"],"picked":"Cleave","floor":1},{"not_picked":["Ghostly Armor","Heavy Blade"],"picked":"Shrug It Off","floor":2},{"not_picked":["Thunderclap","Intimidate"],"picked":"Whirlwind","floor":4},{"not_picked":["Infernal Blade","Twin Strike"],"picked":"Searing Blow","floor":7},{"not_picked":["Shrug It Off","Feel No Pain"],"picked":"Whirlwind","floor":8},{"not_picked":["Burning Pact","Iron Wave"],"picked":"Flame Barrier","floor":13},{"not_picked":["Burning Pact","Clash"],"picked":"Clothesline","floor":14},{"not_picked":["Dark Embrace","Barricade"],"picked":"Double Tap","floor":16},{"not_picked":["Heavy Blade","Armaments"],"picked":"Rage","floor":18},{"not_picked":["Fire Breathing","Clash+1"],"picked":"Second Wind","floor":19},{"not_picked":["True Grit","Warcry"],"picked":"Spot Weakness+1","floor":20},{"not_picked":["Battle Trance+1","Armaments"],"picked":"Headbutt+1","floor":21},{"not_picked":["Thunderclap","Perfected Strike"],"picked":"Fiend Fire","floor":22}],"player_experience":6554,"relics_obtained":[{"floor":7,"key":"Self Forming Clay"},{"floor":9,"key":"Ginger"}],"event_choices":[{"damage_healed":0,"gold_gain":0,"player_choice":"Take Damage","damage_taken":20,"relics_obtained":["Golden Idol"],"max_hp_gain":0,"max_hp_loss":0,"event_name":"Golden Idol","floor":5,"gold_loss":0},{"damage_healed":0,"gold_gain":0,"player_choice":"Entered Light","damage_taken":16,"max_hp_gain":0,"max_hp_loss":0,"event_name":"Shining Light","floor":10,"gold_loss":0,"cards_upgraded":["Bash","Strike_R"]},{"damage_healed":0,"gold_gain":71,"player_choice":"Gained Gold","damage_taken":0,"max_hp_gain":0,"max_hp_loss":0,"event_name":"Golden Wing","floor":11,"gold_loss":0}],"is_beta":false,"boss_relics":[{"not_picked":["Runic Cube","Runic Dome"],"picked":"Black Blood"}],"items_purged_floors":[],"is_endless":false,"potions_floor_spawned":[1,7,8,14,19,20],"killed_by":"Gremlin Leader","ascension_level":0}