{"gold_per_floor":[216,216,12,12,23,55,55,69,69,69,69,69,69,81,81,81],"floor_reached":16,"playtime":535,"items_purged":[],"score":113,"play_id":"8a69b99a-cb63-4e44-ae5a-9c5ea91a253d","local_time":"20190902083830","is_ascension_mode":true,"campfire_choices":[{"floor":7,"key":"REST"},{"data":"Dualcast","floor":10,"key":"SMITH"},{"data":"Genetic Algorithm","floor":13,"key":"SMITH"},{"floor":15,"key":"REST"}],"neow_cost":"NONE","seed_source_timestamp":132645659198012,"circlet_count":0,"master_deck":["Strike_B","Strike_B","Strike_B","Strike_B","Defend_B","Defend_B","Defend_B","Defend_B","Zap+1","Dualcast+1","Compile Driver","Gash","Barrage","Genetic Algorithm+1","Multi-Cast"],"relics":["Cracked Core","Runic Capacitor","Mummified Hand","Gremlin Horn","Sundial","Molten Egg 2"],"potions_floor_usage":[6,14],"damage_taken":[{"damage":7,"enemies":"Small Slimes","floor":1,"turns":3},{"damage":3,"enemies":"Jaw Worm","floor":5,"turns":4},{"damage":19,"enemies":"Gremlin Nob","floor":6,"turns":4},{"damage":1,"enemies":"Cultist","floor":8,"turns":3},{"damage":14,"enemies":"Large Slime","floor":14,"turns":4},{"damage":74,"enemies":"Hexaghost","floor":16,"turns":11}],"seed_played":"4599013821973855506","potions_obtained":[{"floor":5,"key":"Block Potion"},{"floor":6,"key":"Weak Potion"},{"floor":14,"key":"Ancient Potion"}],"is_trial":false,"path_per_floor":["M","?","$","?","M","E","R","M","T","R","?","T","R","M","R","B"],"character_chosen":"DEFECT","items_purchased":["Runic Capacitor"],"campfire_rested":2,"item_purchase_floors":[3],"current_hp_per_floor":[68,68,68,68,65,46,68,67,67,67,64,64,64,50,72,0],"gold":81,"neow_bonus":"HUNDRED_GOLD","is_prod":false,"is_daily":false,"chose_seed":false,"campfire_upgraded":2,"win_rate":0,"timestamp":1567424310,"path_taken":["M","?","$","?","?","E","R","M","T","R","?","?","R","M","R","BOSS"],"build_version":"2019-07-17","purchased_purges":0,"victory":false,"max_hp_per_floor":[75,75,75,75,75,75,75,75,75,75,75,75,75,75,75,75],"card_choices":[{"not_picked":["Go for the Eyes","Conserve Battery"],"picked":"Compile Driver","floor":1},{"not_picked":["Sweeping Beam","Hologram"],"picked":"Gash","floor":5},{"not_picked":["Sweeping Beam","Gash"],"picked":"Barrage","floor":6},{"not_picked":["Double Energy","Go for the Eyes"],"picked":"Genetic Algorithm","floor":8},{"not_picked":["Storm","BootSequence"],"picked":"Multi-Cast","floor":14}],"player_experience":363265,"relics_obtained":[{"floor":6,"key":"Mummified Hand"},{"floor":9,"key":"Gremlin Horn"},{"floor":12,"key":"Molten Egg 2"}],"event_choices":[{"damage_healed":0,"gold_gain":0,"player_choice":"Leave","damage_taken":0,"max_hp_gain":0,"max_hp_loss":0,"event_name":"The Cleric","floor":2,"gold_loss":0},{"damage_healed":0,"gold_gain":0,"player_choice":"Upgraded","damage_taken":0,"max_hp_gain":0,"max_hp_loss":0,"event_name":"Upgrade Shrine","floor":4,"gold_loss":0,"cards_upgraded":["Zap"]},{"damage_healed":0,"gold_gain":0,"player_choice":"Success","damage_taken":3,"relics_obtained":["Sundial"],"max_hp_gain":0,"max_hp_loss":0,"event_name":"Scrap Ooze","floor":11,"gold_loss":0}],"is_beta":false,"boss_relics":[],"items_purged_floors":[],"is_endless":false,"potions_floor_spawned":[5,6,14],"killed_by":"Hexaghost","ascension_level":3}