{"gold_per_floor":[111,126,201,28,39,69,69,104,104,104,136,146,158,178,178,252,252,266,282,8,22,22,22,49,49,49,79,79,79,90,102,102,102],"floor_reached":33,"playtime":2424,"items_purged":[],"score":689,"play_id":"41ead0b6-4741-46e3-8ccf-74f4ca9db775","local_time":"20190902215334","is_ascension_mode":true,"campfire_choices":[{"floor":7.0,"key":"REST"},{"floor":10.0,"key":"REST"},{"floor":15.0,"key":"REST"},{"floor":23.0,"key":"REST"},{"floor":25,"key":"REST"},{"data":"Armaments","floor":29,"key":"SMITH"},{"floor":32,"key":"REST"}],"neow_cost":"NONE","seed_source_timestamp":947502518399262,"circlet_count":0,"master_deck":["AscendersBane","Strike_R","Strike_R","Strike_R","Strike_R","Defend_R","Defend_R","Defend_R","Defend_R","Bash","Clothesline+1","Pummel","Feed","Spot Weakness","Headbutt","Armaments+1","Carnage","Heavy Blade","Immolate","Shrug It Off","Reaper","Pummel","Sword Boomerang+1","Heavy Blade+1","Demon Form","Juggernaut","Shrug It Off","Anger"],"special_seed":0,"relics":["Burning Blood","Pantograph","The Courier","Shuriken","Gremlin Horn","Velvet Choker","Thread and Needle","Potion Belt","Whetstone","Ice Cream"],"potions_floor_usage":[33,33],"damage_taken":[{"damage":14.0,"enemies":"Jaw Worm","floor":1.0,"turns":5.0},{"damage":6.0,"enemies":"2 Louse","floor":2.0,"turns":3.0},{"damage":5.0,"enemies":"Small Slimes","floor":5.0,"turns":3.0},{"damage":40.0,"enemies":"3 Sentries","floor":6.0,"turns":8.0},{"damage":29.0,"enemies":"Gremlin Nob","floor":8.0,"turns":4.0},{"damage":20.0,"enemies":"3 Sentries","floor":11.0,"turns":7.0},{"damage":5.0,"enemies":"Gremlin Gang","floor":12.0,"turns":2.0},{"damage":24.0,"enemies":"Exordium Wildlife","floor":13.0,"turns":4.0},{"damage":15.0,"enemies":"Large Slime","floor":14.0,"turns":5.0},{"damage":82.0,"enemies":"The Guardian","floor":16.0,"turns":11.0},{"damage":12.0,"enemies":"3 Byrds","floor":18.0,"turns":4.0},{"damage":30.0,"enemies":"Chosen","floor":19.0,"turns":5.0},{"damage":40.0,"enemies":"Snake Plant","floor":21.0,"turns":5.0},{"damage":65,"enemies":"Slavers","floor":24,"turns":5},{"damage":32,"enemies":"Gremlin Leader","floor":27,"turns":5},{"damage":23,"enemies":"Centurion and Healer","floor":30,"turns":5},{"damage":10,"enemies":"Sentry and Sphere","floor":31,"turns":4},{"damage":109,"enemies":"Collector","floor":33,"turns":8}],"seed_played":"1048030273675022377","potions_obtained":[{"floor":1.0,"key":"Swift Potion"},{"floor":5.0,"key":"PowerPotion"},{"floor":8.0,"key":"Explosive Potion"},{"floor":19.0,"key":"FairyPotion"},{"floor":30,"key":"Weak Potion"},{"floor":31,"key":"Energy Potion"}],"is_trial":false,"path_per_floor":["M","M","?","$","M","E","R","E","T","R","E","M","M","M","R","B",null,"M","M","$","M","?","R","E","R","T","E","?","R","M","M","R","B"],"character_chosen":"IRONCLAD","items_purchased":["Feed","Thread and Needle"],"campfire_rested":6,"item_purchase_floors":[4,20],"current_hp_per_floor":[67,67,56,56,60,29,55,32,32,58,48,53,38,29,58,7,76,73,55,55,30,30,59,25,55,55,37,37,37,20,16,46,0],"gold":102,"neow_bonus":"TEN_PERCENT_HP_BONUS","is_prod":false,"is_daily":false,"chose_seed":false,"campfire_upgraded":1,"win_rate":0,"timestamp":1567475614,"path_taken":["M","M","?","$","M","E","R","E","T","R","E","M","M","M","R","BOSS","M","M","$","M","?","R","E","R","T","E","?","R","M","?","R","BOSS"],"build_version":"2019-01-23","purchased_purges":0,"victory":false,"max_hp_per_floor":[82,82,82,82,85,88,88,88,88,88,92,96,99,99,99,99,99,99,99,99,99,99,99,102,102,102,102,102,102,102,102,102,102],"card_choices":[{"not_picked":["Cleave","Twin Strike"],"picked":"Clothesline","floor":1.0},{"not_picked":["Warcry","Feel No Pain"],"picked":"Pummel","floor":2.0},{"not_picked":["Thunderclap","Clothesline"],"picked":"Spot Weakness","floor":5.0},{"not_picked":["Anger","Second Wind"],"picked":"Headbutt","floor":6.0},{"not_picked":["Havoc","Feel No Pain"],"picked":"Armaments","floor":8.0},{"not_picked":["Flex","Warcry"],"picked":"Carnage","floor":11.0},{"not_picked":["Clothesline","Warcry"],"picked":"Heavy Blade","floor":12.0},{"not_picked":["Feel No Pain","Armaments"],"picked":"Immolate","floor":13.0},{"not_picked":["Havoc","Entrench"],"picked":"Shrug It Off","floor":14.0},{"not_picked":["Exhume","Fiend Fire"],"picked":"Reaper","floor":16.0},{"not_picked":["Perfected Strike","Heavy Blade"],"picked":"Pummel","floor":18.0},{"not_picked":["Heavy Blade","Cleave"],"picked":"Sword Boomerang","floor":19.0},{"not_picked":["True Grit","Thunderclap"],"picked":"Heavy Blade+1","floor":21.0},{"not_picked":["Hemokinesis","Perfected Strike"],"picked":"Demon Form","floor":24},{"not_picked":["Armaments","Sever Soul","Warcry"],"picked":"SKIP","floor":27},{"not_picked":["Entrench+1","Cleave"],"picked":"Shrug It Off","floor":30},{"not_picked":["Thunderclap","Heavy Blade"],"picked":"Anger","floor":31}],"player_experience":2897212,"relics_obtained":[{"floor":6.0,"key":"Pantograph"},{"floor":8.0,"key":"The Courier"},{"floor":9.0,"key":"Shuriken"},{"floor":11.0,"key":"Gremlin Horn"},{"floor":24,"key":"Potion Belt"},{"floor":26,"key":"Whetstone"},{"floor":27,"key":"Ice Cream"}],"event_choices":[{"damage_healed":0.0,"max_hp_gain":0.0,"max_hp_loss":0.0,"gold_gain":75.0,"event_name":"World of Goop","player_choice":"Gather Gold","floor":3.0,"gold_loss":0.0,"damage_taken":11.0},{"damage_healed":0.0,"max_hp_gain":0.0,"max_hp_loss":0.0,"gold_gain":0.0,"event_name":"Beggar","player_choice":"Ignored","floor":22.0,"gold_loss":0.0,"damage_taken":0.0},{"damage_healed":0,"gold_gain":0,"cards_transformed":["Strike_R"],"player_choice":"Transformed","damage_taken":0,"max_hp_gain":0,"max_hp_loss":0,"event_name":"Transmorgrifier","floor":28,"gold_loss":0,"cards_obtained":["Juggernaut"]}],"is_beta":false,"boss_relics":[{"not_picked":["Lizard Tail","Runic Cube"],"picked":"Velvet Choker"}],"items_purged_floors":[],"is_endless":false,"potions_floor_spawned":[1,5,8,11,19,30,31],"killed_by":"Collector","ascension_level":20}