{"gold_per_floor":[113,125,1,1,176,176,76,112,112,112,42,42,58,77,77,208,208,231,231,247,227,227],"floor_reached":22,"playtime":8987,"items_purged":["Strike_B","Doubt"],"score":218,"play_id":"e31b976c-ed44-4e96-a9a3-7a8a0adb2543","local_time":"20180806233712","is_ascension_mode":true,"campfire_choices":[{"data":"Zap","floor":6,"key":"SMITH"},{"floor":12,"key":"REST"},{"data":"Echo Form","floor":15,"key":"SMITH"}],"neow_cost":"NONE","seed_source_timestamp":163807689264909,"circlet_count":0,"master_deck":["Strike_B","Strike_B","Defend_B","Defend_B","Defend_B","Zap+1","Dualcast","Reboot","Skim","Echo Form+1","Hologram","Leap","Parasite","Beam Cell","Gash","Conserve Battery","Self Repair","Electrodynamics","BootSequence","RitualDagger","Genetic Algorithm"],"relics":["Cracked Core","Golden Idol","Du-Vu Doll","Letter Opener","Empty Cage"],"potions_floor_usage":[16,16,22,22],"damage_taken":[{"damage":0,"enemies":"Small Slimes","floor":1,"turns":2},{"damage":2,"enemies":"Jaw Worm","floor":2,"turns":3},{"damage":26,"enemies":"3 Sentries","floor":8,"turns":7},{"damage":0,"enemies":"2 Louse","floor":13,"turns":2},{"damage":5,"enemies":"Large Slime","floor":14,"turns":4},{"damage":34,"enemies":"The Guardian","floor":16,"turns":11},{"damage":25,"enemies":"Spheric Guardian","floor":18,"turns":4},{"damage":25,"enemies":"Chosen","floor":20,"turns":6},{"damage":33,"enemies":"Slaver and Parasite","floor":22,"turns":6}],"seed_played":"-5948721548918273827","potions_obtained":[{"floor":1,"key":"Ancient Potion"},{"floor":2,"key":"Block Potion"},{"floor":8,"key":"Strength Potion"},{"floor":16,"key":"Dexterity Potion"},{"floor":20,"key":"FearPotion"}],"is_trial":false,"path_per_floor":["M","M","$","?","?","R","$","E","T","?","$","R","M","M","R","B",null,"M","?","M","?"],"character_chosen":"DEFECT","items_purchased":["Hologram","Beam Cell","Gash"],"campfire_rested":1,"item_purchase_floors":[3,11,11],"current_hp_per_floor":[75,73,73,55,55,55,55,29,29,47,47,69,69,64,64,37,75,57,51,33,33,0],"gold":227,"neow_bonus":"ONE_RANDOM_RARE_CARD","is_prod":false,"is_daily":false,"chose_seed":false,"campfire_upgraded":2,"win_rate":0,"timestamp":1533613032,"path_taken":["M","M","$","?","?","R","$","E","T","?","$","R","M","M","R","BOSS","M","?","M","?","?"],"build_version":"2018-08-02","purchased_purges":2,"victory":false,"max_hp_per_floor":[75,75,75,75,75,75,75,75,75,75,75,75,75,75,75,75,75,75,75,75,75,75],"card_choices":[{"not_picked":["Rebound","Stack"],"picked":"Skim","floor":1},{"not_picked":["Beam Cell","Hologram"],"picked":"Echo Form","floor":2},{"not_picked":["Compile Driver","Ball Lightning"],"picked":"Leap","floor":8},{"not_picked":["Skim","Tempest"],"picked":"Conserve Battery","floor":13},{"not_picked":["Beam Cell","Compile Driver"],"picked":"Self Repair","floor":14},{"not_picked":["Machine Learning","Amplify"],"picked":"Electrodynamics","floor":16},{"not_picked":["Steam","Ball Lightning"],"picked":"BootSequence","floor":18},{"not_picked":["Sunder","Leap"],"picked":"Genetic Algorithm","floor":20}],"player_experience":1463142,"relics_obtained":[{"floor":8,"key":"Du-Vu Doll"},{"floor":9,"key":"Letter Opener"}],"event_choices":[{"event_name":"Golden Idol","player_choice":"Take Damage","floor":4,"damage_taken":0},{"event_name":"Liars Game","player_choice":"agreed","floor":5,"damage_taken":0},{"event_name":"Mushrooms","player_choice":"Healed and dodged fight","floor":10,"damage_taken":0},{"event_name":"Nest","player_choice":"Joined the Cult","floor":19,"damage_taken":0},{"event_name":"The Woman in Blue","player_choice":"Bought 1 Potion","floor":21,"damage_taken":0}],"is_beta":false,"boss_relics":[{"not_picked":["Tiny House","Lizard Tail"],"picked":"Empty Cage"}],"items_purged_floors":[3,7],"is_endless":false,"potions_floor_spawned":[1,2,8,16,20],"killed_by":"Slaver and Parasite","ascension_level":4}