{"gold_per_floor":[117,135,60,72,91,91,103,121,145,70,83,83,83,95,95,172,172,184,184,184,184,196,196],"floor_reached":23,"playtime":2029,"items_purged":["Strike_G"],"score":361,"play_id":"70e02719-6c21-451e-accc-43247b33a2aa","local_time":"20190615005958","is_ascension_mode":true,"campfire_choices":[{"data":"Neutralize","floor":6.0,"key":"SMITH"},{"data":"Caltrops","floor":13.0,"key":"SMITH"},{"floor":15.0,"key":"REST"}],"neow_cost":"NONE","seed_source_timestamp":543013333434051,"circlet_count":0,"master_deck":["AscendersBane","Defend_G","Defend_G","Defend_G","Defend_G","Strike_G","Strike_G","Strike_G","Strike_G","Survivor","Neutralize+1","Dagger Spray","PiercingWail","Die Die Die","Well Laid Plans","Terror","Quick Slash","Caltrops+1","Deadly Poison","Burst","After Image","RitualDagger"],"special_seed":0,"relics":["Ring of the Snake","Dream Catcher","Kunai","Sozu","MutagenicStrength"],"potions_floor_usage":[22,23],"damage_taken":[{"damage":0.0,"enemies":"Cultist","floor":1.0,"turns":4.0},{"damage":1.0,"enemies":"Small Slimes","floor":2.0,"turns":4.0},{"damage":0.0,"enemies":"2 Louse","floor":4.0,"turns":2.0},{"damage":0.0,"enemies":"Looter","floor":5.0,"turns":4.0},{"damage":5.0,"enemies":"Exordium Thugs","floor":7.0,"turns":3.0},{"damage":6.0,"enemies":"3 Louse","floor":8.0,"turns":2.0},{"damage":6.0,"enemies":"Looter","floor":11.0,"turns":4.0},{"damage":4.0,"enemies":"Blue Slaver","floor":14.0,"turns":4.0},{"damage":28.0,"enemies":"Hexaghost","floor":16.0,"turns":9.0},{"damage":26.0,"enemies":"3 Byrds","floor":18.0,"turns":5.0},{"damage":9,"enemies":"Shell Parasite","floor":22,"turns":6},{"damage":33,"enemies":"Chosen and Byrds","floor":23,"turns":5}],"seed_played":"-7760542344865429014","potions_obtained":[{"floor":2.0,"key":"Energy Potion"},{"floor":4.0,"key":"Strength Potion"},{"floor":7.0,"key":"Poison Potion"},{"floor":11.0,"key":"Regen Potion"}],"is_trial":false,"path_per_floor":["M","M","$","M","M","R","M","M","T","$","M","T","R","M","R","B",null,"M","?","?","?","M","M"],"character_chosen":"THE_SILENT","items_purchased":["Die Die Die"],"campfire_rested":1,"item_purchase_floors":[3],"current_hp_per_floor":[59,58,58,58,58,58,53,47,47,47,41,41,41,37,56,28,57,31,25,25,25,31,0],"gold":196,"neow_bonus":"REMOVE_CARD","is_prod":false,"is_daily":false,"chose_seed":false,"campfire_upgraded":2,"win_rate":0,"timestamp":1560574798,"path_taken":["M","M","$","?","M","R","M","M","T","$","?","?","R","M","R","BOSS","M","?","?","?","M","M"],"build_version":"2019-01-23","purchased_purges":1,"victory":false,"max_hp_per_floor":[66,66,66,66,66,66,66,66,66,66,66,66,66,66,66,66,66,66,66,66,66,66,66],"card_choices":[{"not_picked":["Flying Knee","Underhanded Strike"],"picked":"Dagger Spray","floor":1.0},{"not_picked":["Blade Dance","Escape Plan"],"picked":"PiercingWail","floor":2.0},{"not_picked":["Footwork","All Out Attack"],"picked":"Well Laid Plans","floor":4.0},{"not_picked":["Blade Dance","Quick Slash"],"picked":"Terror","floor":5.0},{"not_picked":["Sucker Punch","Concentrate","Flechettes"],"picked":"SKIP","floor":7.0},{"not_picked":["Sucker Punch","Dagger Throw"],"picked":"Quick Slash","floor":8.0},{"not_picked":["Blur","Setup"],"picked":"Caltrops","floor":11.0},{"not_picked":["Bane","Dagger Spray"],"picked":"Deadly Poison","floor":14.0},{"not_picked":["Tactician","Flying Knee"],"picked":"Burst","floor":15.0},{"not_picked":["Glass Knife","Venomology"],"picked":"After Image","floor":16.0},{"not_picked":["Slice","Prepared","Predator"],"picked":"SKIP","floor":18.0},{"not_picked":["Flying Knee","Dagger Throw","Expertise"],"picked":"SKIP","floor":22}],"player_experience":2629085,"relics_obtained":[{"floor":9.0,"key":"Dream Catcher"},{"floor":12.0,"key":"Kunai"}],"event_choices":[{"damage_healed":0,"gold_gain":0,"player_choice":"Joined the Cult","damage_taken":6,"max_hp_gain":0,"max_hp_loss":0,"event_name":"Nest","floor":19,"gold_loss":0,"cards_obtained":["RitualDagger"]},{"damage_healed":0,"gold_gain":0,"player_choice":"Ignored","damage_taken":0,"max_hp_gain":0,"max_hp_loss":0,"event_name":"Vampires","floor":20,"gold_loss":0},{"damage_healed":0,"gold_gain":0,"player_choice":"Inject Mutagens","damage_taken":0,"relics_obtained":["MutagenicStrength"],"max_hp_gain":0,"max_hp_loss":0,"event_name":"Drug Dealer","floor":21,"gold_loss":0}],"is_beta":false,"boss_relics":[{"not_picked":["Philosopher\u0027s Stone","Tiny House"],"picked":"Sozu"}],"items_purged_floors":[10],"is_endless":false,"potions_floor_spawned":[2,4,7,11,22],"killed_by":"Chosen and Byrds","ascension_level":19}