{"gold_per_floor":[213,213,223,223,34,34,65,78,78,88,101,26,39,39,39,143,143,156,79,28,28,28,28,61,61,61,78,43,68,68,84,84,181,181,195,207,9,25,25,25,50,50,50,0,0,15,15,27,27,27],"floor_reached":51,"playtime":4443,"items_purged":[],"score":885,"play_id":"03966e1b-056f-4662-8f0d-74c341f6cc85","local_time":"20180812210435","is_ascension_mode":true,"campfire_choices":[{"data":"Apotheosis","floor":6.0,"key":"SMITH"},{"floor":15.0,"key":"REST"},{"floor":23.0,"key":"REST"},{"floor":25.0,"key":"REST"},{"floor":30,"key":"REST"},{"floor":32,"key":"REST"},{"floor":40,"key":"REST"},{"floor":42,"key":"REST"},{"floor":45,"key":"REST"},{"floor":47,"key":"REST"},{"floor":49,"key":"REST"}],"neow_cost":"NONE","seed_source_timestamp":0,"circlet_count":0,"master_deck":["Defend_G+1","Defend_G","Defend_G","Defend_G","Defend_G","Strike_G","Strike_G","Strike_G","Strike_G","Survivor+1","Neutralize","Prepared","Sucker Punch","Apotheosis+1","Catalyst","Malaise+1","Prepared","Prepared","Well Laid Plans+1","Noxious Fumes+1","Bullet Time","Dash","J.A.X.","Bane","Noxious Fumes+1","Choke","Catalyst","Footwork+1","Envenom+1","Outmaneuver","Corpse Explosion","Deadly Poison+1","Crippling Poison","Noxious Fumes+1","Distraction+1","Malaise","Deflect+1"],"special_seed":0,"relics":["Ring of the Snake","Dodecahedron","Frozen Egg 2","Fusion Hammer","Meat on the Bone","The Specimen","Art of War","White Beast Statue","ClockworkSouvenir","War Paint","Ginger","Red Mask"],"potions_floor_usage":[29,36,36,41,41,48,48,50,50],"damage_taken":[{"damage":1.0,"enemies":"Small Slimes","floor":1.0,"turns":4.0},{"damage":0.0,"enemies":"Jaw Worm","floor":3.0,"turns":5.0},{"damage":1.0,"enemies":"Lagavulin","floor":7.0,"turns":9.0},{"damage":0.0,"enemies":"2 Louse","floor":8.0,"turns":3.0},{"damage":5.0,"enemies":"Looter","floor":10.0,"turns":5.0},{"damage":8.0,"enemies":"Exordium Wildlife","floor":11.0,"turns":5.0},{"damage":8.0,"enemies":"3 Louse","floor":13.0,"turns":4.0},{"damage":7.0,"enemies":"Slime Boss","floor":16.0,"turns":12.0},{"damage":2.0,"enemies":"Spheric Guardian","floor":18.0,"turns":6.0},{"damage":7.0,"enemies":"Book of Stabbing","floor":24.0,"turns":7.0},{"damage":18.0,"enemies":"2 Thieves","floor":27.0,"turns":4.0},{"damage":35,"enemies":"Slavers","floor":29,"turns":6},{"damage":10,"enemies":"Snecko","floor":31,"turns":5},{"damage":40,"enemies":"Collector","floor":33,"turns":8},{"damage":41,"enemies":"3 Darklings","floor":35,"turns":5},{"damage":11,"enemies":"Orb Walker","floor":36,"turns":4},{"damage":16,"enemies":"Maw","floor":38,"turns":7},{"damage":55,"enemies":"Nemesis","floor":41,"turns":7},{"damage":0,"enemies":"Sphere and 2 Shapes","floor":46,"turns":3},{"damage":30,"enemies":"Transient","floor":48,"turns":5},{"damage":23,"enemies":"Time Eater","floor":50,"turns":8}],"seed_played":"4028728681100262030","potions_obtained":[{"floor":3.0,"key":"Energy Potion"},{"floor":10.0,"key":"Energy Potion"},{"floor":18.0,"key":"EssenceOfSteel"},{"floor":24.0,"key":"Fire Potion"},{"floor":33,"key":"EssenceOfSteel"},{"floor":35,"key":"Poison Potion"},{"floor":36,"key":"Weak Potion"},{"floor":38,"key":"Regen Potion"},{"floor":41,"key":"Swift Potion"},{"floor":46,"key":"Regen Potion"},{"floor":48,"key":"SteroidPotion"}],"is_trial":false,"path_per_floor":["M","?","M","?","$","R","E","M","T","M","M","$","M","?","R","B",null,"M","?","$","?","?","R","E","R","T","M","$","E","R","M","R","B",null,"M","M","$","M","?","R","E","R","T","?","R","M","R","M","R","B"],"character_chosen":"THE_SILENT","items_purchased":["Apotheosis","Well Laid Plans+1","Bane","Footwork+1","ClockworkSouvenir"],"campfire_rested":10,"item_purchase_floors":[5,12,20,28,37],"current_hp_per_floor":[69,74,74,67,67,67,66,66,66,61,53,53,45,45,67,60,71,69,69,69,55,55,79,72,80,80,62,62,39,63,53,77,49,72,43,44,44,40,40,64,36,60,60,60,80,80,80,62,80,57],"gold":27,"neow_bonus":"HUNDRED_GOLD","is_prod":false,"is_daily":false,"chose_seed":false,"campfire_upgraded":1,"win_rate":0,"timestamp":1534122275,"path_taken":["M","?","M","?","?","R","E","M","T","M","M","$","M","?","R","BOSS","M","?","$","?","?","R","E","R","T","M","?","E","R","M","R","BOSS","M","?","$","M","?","R","E","R","T","?","R","M","R","M","R","BOSS"],"build_version":"2018-08-09","purchased_purges":0,"victory":true,"max_hp_per_floor":[70,75,75,75,75,75,75,75,75,75,75,75,75,75,75,75,75,75,75,75,80,80,80,80,80,80,80,80,80,80,80,80,80,80,80,80,80,80,80,80,80,80,80,80,80,80,80,80,80,80],"card_choices":[{"not_picked":["Quick Slash","Tactician"],"picked":"Prepared","floor":1.0},{"not_picked":["Blade Dance","Dodge and Roll"],"picked":"Sucker Punch","floor":3.0},{"not_picked":["Underhanded Strike","Leg Sweep"],"picked":"Catalyst","floor":7.0},{"not_picked":["Sucker Punch","Dagger Throw"],"picked":"Malaise","floor":8.0},{"not_picked":["Deflect","Underhanded Strike"],"picked":"Prepared","floor":10.0},{"not_picked":["Tactician","Accuracy+1"],"picked":"Prepared","floor":11.0},{"not_picked":["Quick Slash","Dodge and Roll"],"picked":"Noxious Fumes+1","floor":13.0},{"not_picked":["Night Terror","Storm of Steel"],"picked":"Bullet Time","floor":16.0},{"not_picked":["Dodge and Roll","Dagger Throw"],"picked":"Dash","floor":18.0},{"not_picked":["Dagger Spray+1","Bane"],"picked":"Choke","floor":24.0},{"not_picked":["Bane+1","Slice"],"picked":"Catalyst","floor":27.0},{"not_picked":["Deflect","Quick Slash"],"picked":"Envenom+1","floor":29},{"not_picked":["Backstab","All Out Attack"],"picked":"Outmaneuver","floor":31},{"not_picked":["Unload","Burst"],"picked":"Corpse Explosion","floor":33},{"not_picked":["Sucker Punch+1","Caltrops+1"],"picked":"Deadly Poison+1","floor":35},{"not_picked":["Blur+1","Poisoned Stab+1"],"picked":"Crippling Poison","floor":36},{"not_picked":["Setup","Poisoned Stab"],"picked":"Noxious Fumes+1","floor":38},{"not_picked":["Bane+1","PiercingWail"],"picked":"Distraction+1","floor":41},{"not_picked":["Dagger Throw","Cloak And Dagger"],"picked":"Malaise","floor":46},{"not_picked":["Well Laid Plans+1","Backflip"],"picked":"Deflect+1","floor":48}],"player_experience":1514128,"relics_obtained":[{"floor":7.0,"key":"Dodecahedron"},{"floor":9.0,"key":"Frozen Egg 2"},{"floor":24.0,"key":"Meat on the Bone"},{"floor":26.0,"key":"The Specimen"},{"floor":29,"key":"Art of War"},{"floor":41,"key":"War Paint"},{"floor":43,"key":"Ginger"}],"event_choices":[{"event_name":"Big Fish","player_choice":"Donut","floor":2.0,"damage_taken":0.0},{"event_name":"Golden Wing","player_choice":"Card Removal","floor":4.0,"damage_taken":0.0},{"event_name":"FaceTrader","player_choice":"Leave","floor":14.0,"damage_taken":0.0},{"event_name":"Drug Dealer","player_choice":"Got JAXXED","floor":19.0,"damage_taken":0.0},{"event_name":"Forgotten Altar","player_choice":"Shed Blood","floor":21.0,"damage_taken":0.0},{"event_name":"The Library","player_choice":"Read","floor":22.0,"damage_taken":0.0},{"event_name":"Upgrade Shrine","player_choice":"Upgraded","floor":39,"damage_taken":0},{"event_name":"Tomb of Lord Red Mask","player_choice":"Paid","floor":44,"damage_taken":0}],"is_beta":false,"boss_relics":[{"not_picked":["Busted Crown","Astrolabe"],"picked":"Fusion Hammer"},{"not_picked":["Velvet Choker","Tiny House"],"picked":"White Beast Statue"}],"items_purged_floors":[],"is_endless":false,"potions_floor_spawned":[3,10,18,24,33,35,36,38,41,46,48],"ascension_level":5}