{"gold_per_floor":[18,18,34,48,48,76,92,67,142,142,142,142,172,198,198,277,277,293,293,309,319,369,369,397,397,397,62,82,93,93,93,93,167,167,184,199,199,215,215],"floor_reached":39,"playtime":5852,"items_purged":[],"score":818,"play_id":"64c33c26-72c6-4239-bb8d-f3908e77e196","local_time":"20190727015636","is_ascension_mode":true,"campfire_choices":[{"data":"Perfected Strike","floor":10.0,"key":"SMITH"},{"floor":12.0,"key":"REST"},{"data":"Uppercut","floor":15.0,"key":"SMITH"},{"data":"Pommel Strike","floor":23,"key":"SMITH"},{"floor":25,"key":"REST"},{"floor":30,"key":"REST"},{"floor":32,"key":"REST"}],"neow_cost":"NO_GOLD","seed_source_timestamp":398757863166325,"circlet_count":0,"master_deck":["AscendersBane","Strike_R","Strike_R","Strike_R","Strike_R","Strike_R","Defend_R","Defend_R","Defend_R","Bash","Shrug It Off+1","Perfected Strike+1","Uppercut+1","Twin Strike","Twin Strike","Shrug It Off","Shockwave","Pommel Strike+1","Immolate","Armaments+1","Rampage","Corruption+1","Inflame+1","Combust+1","Blood for Blood","True Grit","Headbutt+1","Shockwave","Juggernaut+1","Warcry+1","Metallicize+1","Disarm+1"],"special_seed":0,"relics":["Burning Blood","FossilizedHelix","Frozen Egg 2","Odd Mushroom","Pen Nib","Mark of Pain","Bottled Lightning","Nunchaku","Happy Flower","White Beast Statue"],"potions_floor_usage":[28,33,36,36,38],"damage_taken":[{"damage":2.0,"enemies":"2 Louse","floor":1.0,"turns":3.0},{"damage":1.0,"enemies":"Cultist","floor":3.0,"turns":4.0},{"damage":14.0,"enemies":"Jaw Worm","floor":4.0,"turns":4.0},{"damage":52.0,"enemies":"Lagavulin","floor":6.0,"turns":7.0},{"damage":0.0,"enemies":"Large Slime","floor":7.0,"turns":6.0},{"damage":0.0,"enemies":"The Mushroom Lair","floor":13.0,"turns":4.0},{"damage":21.0,"enemies":"3 Sentries","floor":14.0,"turns":8.0},{"damage":20.0,"enemies":"The Guardian","floor":16.0,"turns":15.0},{"damage":7.0,"enemies":"2 Thieves","floor":18.0,"turns":4.0},{"damage":10.0,"enemies":"Colosseum Slavers","floor":19.0,"turns":3.0},{"damage":0.0,"enemies":"Chosen","floor":20.0,"turns":3.0},{"damage":0,"enemies":"Snecko","floor":21,"turns":3},{"damage":51,"enemies":"Book of Stabbing","floor":24,"turns":5},{"damage":15,"enemies":"Snake Plant","floor":28,"turns":4},{"damage":27,"enemies":"Chosen and Byrds","floor":29,"turns":5},{"damage":48,"enemies":"Champ","floor":33,"turns":8},{"damage":0,"enemies":"Orb Walker","floor":35,"turns":2},{"damage":22,"enemies":"3 Darklings","floor":36,"turns":4},{"damage":21,"enemies":"Jaw Worm Horde","floor":38,"turns":3},{"damage":60,"enemies":"2 Orb Walkers","floor":39,"turns":3}],"seed_played":"2594325754108529019","potions_obtained":[{"floor":1.0,"key":"PowerPotion"},{"floor":14.0,"key":"SteroidPotion"},{"floor":16.0,"key":"Block Potion"},{"floor":21,"key":"GamblersBrew"},{"floor":29,"key":"SteroidPotion"},{"floor":33,"key":"Fire Potion"},{"floor":35,"key":"Energy Potion"},{"floor":36,"key":"Fire Potion"},{"floor":38,"key":"Ancient Potion"}],"is_trial":false,"path_per_floor":["M","?","M","M","$","E","M","$","T","R","?","R","?","E","R","B",null,"M","?","M","M","?","R","E","R","T","$","M","M","R","?","R","B",null,"M","M","?","M","?"],"character_chosen":"IRONCLAD","items_purchased":["Shrug It Off","Combust+1","Happy Flower","Blood for Blood","True Grit"],"campfire_rested":4,"item_purchase_floors":[8,27,27,27,27],"current_hp_per_floor":[86,86,89,81,81,35,41,41,41,41,41,67,73,58,58,44,78,77,73,79,85,77,77,32,58,58,58,49,28,54,54,80,38,76,82,66,66,51,0],"gold":215,"neow_bonus":"TWENTY_PERCENT_HP_BONUS","is_prod":false,"is_daily":false,"chose_seed":false,"campfire_upgraded":3,"win_rate":0,"timestamp":1564206996,"path_taken":["M","?","M","?","$","E","M","$","T","R","?","R","?","E","R","BOSS","M","?","M","M","?","R","E","R","T","$","?","M","R","?","R","BOSS","M","M","?","?","?"],"build_version":"2019-01-23","purchased_purges":0,"victory":false,"max_hp_per_floor":[89,89,89,89,89,89,89,89,89,89,89,89,89,89,89,89,89,89,89,89,89,89,89,89,89,89,89,89,89,89,89,89,89,89,89,89,89,89,89],"card_choices":[{"not_picked":["Dual Wield","Headbutt"],"picked":"Shrug It Off","floor":1.0},{"not_picked":["Clash","Pommel Strike"],"picked":"Perfected Strike","floor":3.0},{"not_picked":["Pommel Strike","Battle Trance"],"picked":"Uppercut","floor":4.0},{"not_picked":["Shrug It Off","Warcry"],"picked":"Twin Strike","floor":6.0},{"not_picked":["Havoc","Dark Embrace"],"picked":"Twin Strike","floor":7.0},{"not_picked":["Infernal Blade","Seeing Red"],"picked":"Shockwave","floor":13.0},{"not_picked":["Headbutt","Twin Strike"],"picked":"Pommel Strike","floor":14.0},{"not_picked":["Limit Break","Juggernaut+1"],"picked":"Immolate","floor":16.0},{"not_picked":["Cleave+1","Wild Strike+1"],"picked":"Armaments+1","floor":18.0},{"not_picked":["Heavy Blade","Body Slam"],"picked":"Rampage","floor":20.0},{"not_picked":["Pummel+1","Iron Wave"],"picked":"Corruption+1","floor":21},{"not_picked":["Shockwave","Dark Embrace+1"],"picked":"Inflame+1","floor":24},{"not_picked":["Cleave","Carnage"],"picked":"Headbutt+1","floor":28},{"not_picked":["Sword Boomerang","Bloodletting"],"picked":"Shockwave","floor":29},{"not_picked":["Limit Break","Barricade+1"],"picked":"Juggernaut+1","floor":33},{"not_picked":["Twin Strike","Havoc"],"picked":"Warcry+1","floor":35},{"not_picked":["Feel No Pain+1","Clothesline+1"],"picked":"Metallicize+1","floor":36},{"not_picked":["Sword Boomerang+1","Heavy Blade"],"picked":"Disarm+1","floor":38}],"player_experience":2736821,"relics_obtained":[{"floor":6.0,"key":"FossilizedHelix"},{"floor":9.0,"key":"Frozen Egg 2"},{"floor":13.0,"key":"Odd Mushroom"},{"floor":14.0,"key":"Pen Nib"},{"floor":24,"key":"Bottled Lightning"},{"floor":26,"key":"Nunchaku"}],"event_choices":[{"damage_healed":0.0,"max_hp_gain":0.0,"max_hp_loss":0.0,"gold_gain":0.0,"event_name":"Upgrade Shrine","player_choice":"Upgraded","floor":2.0,"gold_loss":0.0,"damage_taken":0.0,"cards_upgraded":["Shrug It Off"]},{"damage_healed":0.0,"max_hp_gain":0.0,"max_hp_loss":0.0,"gold_gain":0.0,"event_name":"Liars Game","player_choice":"Ignored","floor":11.0,"gold_loss":0.0,"damage_taken":0.0},{"damage_healed":0.0,"max_hp_gain":0.0,"max_hp_loss":0.0,"gold_gain":0.0,"event_name":"Mushrooms","player_choice":"Fought Mushrooms","floor":13.0,"gold_loss":0.0,"damage_taken":0.0},{"damage_healed":0.0,"max_hp_gain":0.0,"max_hp_loss":0.0,"gold_gain":0.0,"event_name":"Colosseum","player_choice":"Fight","floor":19.0,"gold_loss":0.0,"damage_taken":0.0},{"damage_healed":0.0,"max_hp_gain":0.0,"max_hp_loss":0.0,"gold_gain":0.0,"event_name":"Colosseum","player_choice":"Fled From Nobs","floor":19.0,"gold_loss":0.0,"damage_taken":0.0},{"damage_healed":0,"gold_gain":50,"player_choice":"Touch","damage_taken":8,"max_hp_gain":0,"max_hp_loss":0,"event_name":"FaceTrader","floor":22,"gold_loss":0},{"damage_healed":0,"gold_gain":0,"player_choice":"Ignored","damage_taken":0,"max_hp_gain":0,"max_hp_loss":0,"event_name":"Ghosts","floor":31,"gold_loss":0},{"cards_removed":["Defend_R"],"damage_healed":0,"gold_gain":0,"player_choice":"Purged","damage_taken":0,"max_hp_gain":0,"max_hp_loss":0,"event_name":"Purifier","floor":37,"gold_loss":0},{"damage_healed":0,"gold_gain":0,"player_choice":"Fight","damage_taken":0,"max_hp_gain":0,"max_hp_loss":0,"event_name":"Mysterious Sphere","floor":39,"gold_loss":0}],"is_beta":false,"boss_relics":[{"not_picked":["Tiny House","Runic Pyramid"],"picked":"Mark of Pain"},{"not_picked":["Philosopher\u0027s Stone","Runic Dome"],"picked":"White Beast Statue"}],"items_purged_floors":[],"is_endless":false,"potions_floor_spawned":[1,14,16,19,21,29,33,35,36,38],"killed_by":"2 Orb Walkers","ascension_level":20}