{"gold_per_floor":[111,111,132,146,171,171,196,196,266,216,216],"floor_reached":11,"playtime":731,"items_purged":[],"score":127,"play_id":"27120367-88fc-4f90-8ebd-c45da2472887","local_time":"20190713205106","is_ascension_mode":true,"campfire_choices":[{"floor":6.0,"key":"REST"},{"data":"Wraith Form v2","floor":8.0,"key":"SMITH"}],"neow_cost":"NONE","seed_source_timestamp":263766484715545,"circlet_count":0,"master_deck":["AscendersBane","Defend_G","Defend_G","Defend_G","Defend_G","Defend_G","Strike_G","Strike_G","Strike_G","Strike_G","Strike_G","Survivor","Neutralize+1","Dagger Throw","Footwork","Quick Slash","Wraith Form v2+1","Footwork"],"special_seed":0,"relics":["Ring of the Snake","Golden Idol","Dodecahedron","Bird Faced Urn"],"potions_floor_usage":[11],"damage_taken":[{"damage":1.0,"enemies":"2 Louse","floor":1.0,"turns":2.0},{"damage":0.0,"enemies":"Jaw Worm","floor":3.0,"turns":5.0},{"damage":1.0,"enemies":"Cultist","floor":4.0,"turns":5.0},{"damage":9.0,"enemies":"Large Slime","floor":5.0,"turns":7.0},{"damage":9.0,"enemies":"Red Slaver","floor":7.0,"turns":4.0},{"damage":54,"enemies":"Lagavulin","floor":11,"turns":16}],"seed_played":"-1017537430622954158","potions_obtained":[{"floor":4.0,"key":"SkillPotion"},{"floor":7.0,"key":"SteroidPotion"}],"is_trial":false,"path_per_floor":["M","?","M","M","M","R","M","R","T","?","E"],"character_chosen":"THE_SILENT","items_purchased":[],"campfire_rested":1,"item_purchase_floors":[],"current_hp_per_floor":[58,35,35,34,25,44,35,35,35,35,0],"gold":216,"neow_bonus":"UPGRADE_CARD","is_prod":false,"is_daily":false,"chose_seed":false,"campfire_upgraded":1,"win_rate":0,"timestamp":1563065466,"path_taken":["M","?","M","M","M","R","M","R","T","?","E"],"build_version":"2019-01-23","purchased_purges":0,"victory":false,"max_hp_per_floor":[66,66,66,66,66,66,66,66,66,66,66],"card_choices":[{"not_picked":["Outmaneuver","Riddle With Holes"],"picked":"Dagger Throw","floor":1.0},{"not_picked":["Setup","Quick Slash"],"picked":"Footwork","floor":3.0},{"not_picked":["Eviscerate","Flying Knee"],"picked":"Quick Slash","floor":4.0},{"not_picked":["Heel Hook","Dodge and Roll"],"picked":"Wraith Form v2","floor":5.0},{"not_picked":["Calculated Gamble","Flying Knee"],"picked":"Footwork","floor":7.0}],"player_experience":2691462,"relics_obtained":[{"floor":9.0,"key":"Dodecahedron"}],"event_choices":[{"damage_healed":0.0,"max_hp_gain":0.0,"max_hp_loss":0.0,"gold_gain":0.0,"event_name":"Golden Idol","player_choice":"Take Damage","floor":2.0,"gold_loss":0.0,"damage_taken":23.0,"relics_obtained":["Golden Idol"]},{"damage_healed":0.0,"max_hp_gain":0.0,"max_hp_loss":0.0,"gold_gain":0.0,"event_name":"WeMeetAgain","player_choice":"Paid Gold","floor":10.0,"gold_loss":50.0,"damage_taken":0.0,"relics_obtained":["Bird Faced Urn"]}],"is_beta":false,"boss_relics":[],"items_purged_floors":[],"is_endless":false,"potions_floor_spawned":[4,7],"killed_by":"Lagavulin","ascension_level":19}