{"gold_per_floor":[111,126,126,144,144,144,172,172,172,22,22,0,11,37,37,133,133,144,159,84,84,95,95,112,112,112,9,23,35,35,10,10,10],"floor_reached":33,"playtime":2684,"items_purged":["Defend_B"],"score":331,"play_id":"a0f2b830-8bce-4d73-85c9-888ada3a38d5","local_time":"20180815230105","is_ascension_mode":true,"campfire_choices":[{"data":"Beam Cell","floor":6,"key":"SMITH"},{"floor":8,"key":"REST"},{"data":"Genetic Algorithm","floor":11,"key":"SMITH"},{"data":"Hologram","floor":15,"key":"SMITH"},{"floor":23,"key":"REST"},{"floor":32,"key":"REST"}],"neow_cost":"NONE","seed_source_timestamp":132600120112969,"circlet_count":0,"master_deck":["Strike_B","Strike_B","Defend_B","Defend_B","Zap","Dualcast","Genetic Algorithm+1","Beam Cell+1","Conserve Battery","Zap","Swift Strike","Ball Lightning","Gash","Leap","Hologram+1","Reboot","Gash","Gash","Leap","Rebound","Beam Cell","Go for the Eyes","Gash","Self Repair","Panacea","Leap+1","Steam","Go for the Eyes"],"relics":["Cracked Core","Bird Faced Urn","Thread and Needle","Dream Catcher","Orrery","Blue Candle","Turnip"],"potions_floor_usage":[7],"damage_taken":[{"damage":7,"enemies":"Jaw Worm","floor":1,"turns":3},{"damage":0,"enemies":"2 Louse","floor":2,"turns":2},{"damage":0,"enemies":"Small Slimes","floor":4,"turns":2},{"damage":22,"enemies":"Lagavulin","floor":7,"turns":6},{"damage":0,"enemies":"Looter","floor":13,"turns":2},{"damage":39,"enemies":"The Guardian","floor":16,"turns":10},{"damage":12,"enemies":"Shell Parasite","floor":18,"turns":5},{"damage":2,"enemies":"Spheric Guardian","floor":19,"turns":4},{"damage":14,"enemies":"Snake Plant","floor":22,"turns":3},{"damage":1,"enemies":"3 Cultists","floor":24,"turns":4},{"damage":11,"enemies":"Cultist and Chosen","floor":28,"turns":6},{"damage":25,"enemies":"Snake Plant","floor":29,"turns":4},{"damage":67,"enemies":"Champ","floor":33,"turns":7}],"seed_played":"-3227240475739049212","potions_obtained":[{"floor":2,"key":"SkillPotion"},{"floor":7,"key":"Energy Potion"},{"floor":22,"key":"LiquidBronze"},{"floor":28,"key":"Explosive Potion"}],"is_trial":false,"path_per_floor":["M","M","?","M","?","R","E","R","T","$","R","?","M","T","R","B",null,"M","M","?","T","M","R","M","?","T","$","M","M","$","$","R"],"character_chosen":"DEFECT","items_purchased":["Gash","Leap","Panacea","Steam"],"campfire_rested":3,"item_purchase_floors":[10,10,27,31],"current_hp_per_floor":[68,68,61,61,61,61,39,61,61,61,61,61,61,61,61,22,62,50,48,48,48,34,56,55,41,41,41,39,23,23,23,47,0],"gold":10,"neow_bonus":"REMOVE_CARD","is_prod":false,"is_daily":false,"chose_seed":false,"campfire_upgraded":3,"win_rate":0,"timestamp":1534388465,"path_taken":["M","M","?","M","?","R","E","R","T","$","R","?","?","?","R","BOSS","M","M","?","?","M","R","M","?","T","$","M","M","?","$","R","BOSS"],"build_version":"2018-08-09","purchased_purges":1,"victory":false,"max_hp_per_floor":[75,75,75,75,75,75,75,75,75,75,75,75,75,75,75,75,75,75,75,75,75,75,75,75,80,80,80,80,80,80,80,80,80],"card_choices":[{"not_picked":["Conserve Battery","Steam"],"picked":"Genetic Algorithm","floor":1},{"not_picked":["Sweeping Beam","Turbo"],"picked":"Beam Cell","floor":2},{"not_picked":["Leap","Coolheaded"],"picked":"Conserve Battery","floor":4},{"not_picked":["Fission","Tempest"],"picked":"Ball Lightning","floor":7},{"not_picked":["Capacitor","Leap"],"picked":"Hologram","floor":13},{"not_picked":["Multi-Cast","Amplify"],"picked":"Reboot","floor":16},{"not_picked":["Streamline","Consume"],"picked":"Gash","floor":17},{"not_picked":["Undo","Auto Shields"],"picked":"Gash","floor":17},{"not_picked":["Hello World","Glacier"],"picked":"Leap","floor":17},{"not_picked":["Coolheaded","Cold Snap"],"picked":"Rebound","floor":17},{"not_picked":["Defragment","Steam","Capacitor"],"picked":"SKIP","floor":18},{"not_picked":["Compile Driver","Melter"],"picked":"Beam Cell","floor":19},{"not_picked":["Heatsinks","Ball Lightning"],"picked":"Go for the Eyes","floor":22},{"not_picked":["Steam+1","Conserve Battery"],"picked":"Gash","floor":23},{"not_picked":["Leap","Redo"],"picked":"Self Repair","floor":24},{"not_picked":["Hello World","Leap","Darkness"],"picked":"SKIP","floor":28},{"not_picked":["Sweeping Beam","Heatsinks"],"picked":"Leap+1","floor":29},{"not_picked":["Tempest","Scrape"],"picked":"Go for the Eyes","floor":32}],"player_experience":1539529,"relics_obtained":[{"floor":7,"key":"Bird Faced Urn"},{"floor":9,"key":"Thread and Needle"},{"floor":14,"key":"Dream Catcher"},{"floor":21,"key":"Blue Candle"},{"floor":26,"key":"Turnip"}],"event_choices":[{"event_name":"Golden Wing","player_choice":"Card Removal","floor":3,"damage_taken":0},{"event_name":"Match and Keep!","player_choice":"2 cards matched","floor":5,"damage_taken":0},{"event_name":"World of Goop","player_choice":"Left","floor":12,"damage_taken":0},{"event_name":"Beggar","player_choice":"Gave Gold","floor":20,"damage_taken":0},{"event_name":"Forgotten Altar","player_choice":"Shed Blood","floor":25,"damage_taken":0}],"is_beta":false,"boss_relics":[{"not_picked":["Coffee Dripper","Black Star"],"picked":"Orrery"}],"items_purged_floors":[10],"is_endless":false,"potions_floor_spawned":[2,7,22,28],"killed_by":"Champ","ascension_level":5}