{"gold_per_floor":[118,18,38,58,58,58,93,93,93,93,128,146,166,166,166,166],"floor_reached":16,"playtime":3290,"items_purged":[],"score":220,"play_id":"523836ae-9dc9-41a9-a3bd-5a39a030aa31","local_time":"20190723201600","is_ascension_mode":true,"campfire_choices":[{"data":"Bouncing Flask","floor":6.0,"key":"SMITH"},{"data":"Footwork","floor":8.0,"key":"SMITH"},{"data":"Sucker Punch","floor":10.0,"key":"SMITH"},{"floor":15,"key":"REST"}],"neow_cost":"NONE","seed_source_timestamp":358756847800502,"circlet_count":0,"master_deck":["AscendersBane","Defend_G","Defend_G","Defend_G","Defend_G","Defend_G","Strike_G","Strike_G","Strike_G","Strike_G","Strike_G","Survivor","Neutralize+1","Riddle With Holes","Footwork+1","PiercingWail","Sucker Punch+1","Bouncing Flask+1","Terror","Slice","Quick Slash"],"special_seed":0,"relics":["Ring of the Snake","NeowsBlessing","Gremlin Horn","Smiling Mask","Snake Skull"],"potions_floor_usage":[11,13,16],"damage_taken":[{"damage":0.0,"enemies":"Cultist","floor":1.0,"turns":1.0},{"damage":0.0,"enemies":"Small Slimes","floor":3.0,"turns":1.0},{"damage":0.0,"enemies":"2 Louse","floor":4.0,"turns":1.0},{"damage":11.0,"enemies":"Lagavulin","floor":7.0,"turns":7.0},{"damage":11,"enemies":"3 Sentries","floor":11,"turns":11},{"damage":2,"enemies":"Blue Slaver","floor":12,"turns":3},{"damage":0,"enemies":"Lots of Slimes","floor":13,"turns":1},{"damage":65,"enemies":"Slime Boss","floor":16,"turns":14}],"seed_played":"-2418646115209947583","potions_obtained":[{"floor":7.0,"key":"GamblersBrew"},{"floor":12,"key":"AttackPotion"},{"floor":13,"key":"AttackPotion"}],"is_trial":false,"path_per_floor":["M","$","M","M","?","R","E","R","T","R","E","M","M","?","R","B"],"character_chosen":"THE_SILENT","items_purchased":["Footwork","PiercingWail"],"campfire_rested":1,"item_purchase_floors":[2,2],"current_hp_per_floor":[59,59,59,59,59,59,48,48,48,48,37,35,35,35,54,0],"gold":166,"neow_bonus":"THREE_ENEMY_KILL","is_prod":false,"is_daily":false,"chose_seed":false,"campfire_upgraded":3,"win_rate":0,"timestamp":1563927360,"path_taken":["M","$","?","M","?","R","E","R","T","R","E","M","M","?","R","BOSS"],"build_version":"2019-01-23","purchased_purges":0,"victory":false,"max_hp_per_floor":[66,66,66,66,66,66,66,66,66,66,66,66,66,66,66,66],"card_choices":[{"not_picked":["Deadly Poison","Dodge and Roll"],"picked":"Riddle With Holes","floor":1.0},{"not_picked":["Caltrops","Flying Knee"],"picked":"Sucker Punch","floor":3.0},{"not_picked":["Riddle With Holes","Backflip"],"picked":"Bouncing Flask","floor":4.0},{"not_picked":["Accuracy","Concentrate","Blade Dance"],"picked":"SKIP","floor":7.0},{"not_picked":["Caltrops","Underhanded Strike"],"picked":"Terror","floor":11},{"not_picked":["Outmaneuver","Infinite Blades"],"picked":"Slice","floor":12},{"not_picked":["Deadly Poison","Caltrops"],"picked":"Quick Slash","floor":13}],"player_experience":2723944,"relics_obtained":[{"floor":7.0,"key":"Gremlin Horn"},{"floor":9.0,"key":"Smiling Mask"},{"floor":11,"key":"Snake Skull"}],"event_choices":[{"damage_healed":0.0,"max_hp_gain":0.0,"max_hp_loss":0.0,"gold_gain":0.0,"event_name":"Living Wall","player_choice":"Grow","floor":5.0,"gold_loss":0.0,"damage_taken":0.0,"cards_upgraded":["Neutralize"]},{"damage_healed":0,"gold_gain":0,"player_choice":"Ignored","damage_taken":0,"max_hp_gain":0,"max_hp_loss":0,"event_name":"Liars Game","floor":14,"gold_loss":0}],"is_beta":false,"boss_relics":[],"items_purged_floors":[],"is_endless":false,"potions_floor_spawned":[7,12,13],"killed_by":"Slime Boss","ascension_level":20}