{"gold_per_floor":[111,124,136,7,182,182,211,227,298,298,310,385,405,405],"floor_reached":14,"playtime":566,"items_purged":[],"score":97,"play_id":"417fc8a2-48bf-4cfe-b273-ab1be5a1c01c","local_time":"20190906150714","is_ascension_mode":true,"campfire_choices":[{"data":"Accuracy","floor":6,"key":"SMITH"}],"neow_cost":"NONE","seed_source_timestamp":4202226484535,"circlet_count":0,"master_deck":["Strike_G","Strike_G","Strike_G","Strike_G","Strike_G","Defend_G","Defend_G","Defend_G","Defend_G","Defend_G","Survivor","Neutralize","Finisher","Deadly Poison","Choke","Accuracy+1","Cloak And Dagger","Dagger Spray","Doubt","Wraith Form v2","Blur","Pain","Dagger Spray","Cloak And Dagger"],"relics":["Ring of the Snake","Pen Nib","Torii","Letter Opener","WarpedTongs"],"potions_floor_usage":[11],"damage_taken":[{"damage":0,"enemies":"Cultist","floor":1,"turns":5},{"damage":6,"enemies":"2 Louse","floor":2,"turns":3},{"damage":3,"enemies":"Small Slimes","floor":3,"turns":3},{"damage":39,"enemies":"Gremlin Nob","floor":7,"turns":5},{"damage":7,"enemies":"Gremlin Gang","floor":8,"turns":3},{"damage":3,"enemies":"Red Slaver","floor":11,"turns":4},{"damage":4,"enemies":"Lots of Slimes","floor":13,"turns":3},{"damage":1,"enemies":"Exordium Thugs","floor":14,"turns":1}],"seed_played":"2795018851891772318","potions_obtained":[{"floor":1,"key":"AttackPotion"},{"floor":7,"key":"GamblersBrew"},{"floor":8,"key":"FearPotion"},{"floor":11,"key":"Fire Potion"}],"is_trial":false,"path_per_floor":["M","M","M","$","?","R","E","M","T","?","M","?","M","M"],"character_chosen":"THE_SILENT","items_purchased":["Accuracy","Cloak And Dagger","Dagger Spray"],"campfire_rested":0,"item_purchase_floors":[4,4,4],"current_hp_per_floor":[70,64,61,61,61,61,22,15,15,15,12,5,1,0],"gold":405,"neow_bonus":"RANDOM_COMMON_RELIC","is_prod":false,"is_daily":false,"chose_seed":false,"campfire_upgraded":1,"win_rate":0,"timestamp":1567793234,"path_taken":["M","M","M","$","?","R","E","M","T","?","?","?","M","?"],"build_version":"2019-07-17","purchased_purges":0,"victory":false,"max_hp_per_floor":[70,70,70,70,70,70,70,70,70,70,70,70,70,70],"card_choices":[{"not_picked":["Dodge and Roll","Slice"],"picked":"Finisher","floor":1},{"not_picked":["Bane","Finisher"],"picked":"Deadly Poison","floor":2},{"not_picked":["Flying Knee","Dodge and Roll"],"picked":"Choke","floor":3},{"not_picked":["Reflex","Acrobatics"],"picked":"Wraith Form v2","floor":7},{"not_picked":["Flying Knee","Dodge and Roll"],"picked":"Blur","floor":8},{"not_picked":["Backflip","Outmaneuver"],"picked":"Dagger Spray","floor":11},{"not_picked":["Sucker Punch","Acrobatics"],"picked":"Cloak And Dagger","floor":13}],"player_experience":380678,"relics_obtained":[{"floor":7,"key":"Torii"},{"floor":9,"key":"Letter Opener"}],"event_choices":[{"damage_healed":0,"gold_gain":175,"player_choice":"AGREE","damage_taken":0,"max_hp_gain":0,"max_hp_loss":0,"event_name":"Liars Game","floor":5,"gold_loss":0,"cards_obtained":["Doubt"]},{"damage_healed":0,"gold_gain":0,"player_choice":"Rummage","damage_taken":0,"relics_obtained":["WarpedTongs"],"max_hp_gain":0,"max_hp_loss":0,"event_name":"Accursed Blacksmith","floor":10,"gold_loss":0,"cards_obtained":["Pain"]},{"damage_healed":0,"gold_gain":75,"player_choice":"Touch","damage_taken":7,"max_hp_gain":0,"max_hp_loss":0,"event_name":"FaceTrader","floor":12,"gold_loss":0}],"is_beta":false,"boss_relics":[],"items_purged_floors":[],"is_endless":false,"potions_floor_spawned":[1,7,8,11],"killed_by":"Exordium Thugs","ascension_level":1}