{"gold_per_floor":[111,186,186,204,224,224,255,255,255,269,283,283,301,114,114,187,187,205,205,182,65,65,65],"floor_reached":23,"playtime":1283,"items_purged":[],"score":372,"play_id":"58d625cf-4c8e-4967-bd90-e36ef9d6ecc3","local_time":"20190624002400","is_ascension_mode":true,"campfire_choices":[{"data":"Neutralize","floor":6.0,"key":"SMITH"},{"floor":8.0,"key":"REST"},{"floor":15,"key":"REST"}],"neow_cost":"NONE","seed_source_timestamp":660259106127683,"circlet_count":0,"master_deck":["AscendersBane","Defend_G+1","Defend_G+1","Defend_G+1","Defend_G+1","Defend_G+1","Strike_G+1","Strike_G+1","Strike_G+1","Strike_G+1","Strike_G+1","Survivor","Neutralize+1","Quick Slash","Dagger Spray","Terror","Poisoned Stab","Dagger Spray","Dodge and Roll","Masterful Stab","PiercingWail","Noxious Fumes","Dodge and Roll","Die Die Die","PiercingWail","Catalyst","Noxious Fumes","Leg Sweep","Envenom","Cloak And Dagger","Neutralize"],"special_seed":0,"relics":["Ring of the Snake","NeowsBlessing","Tough Bandages","Velvet Choker"],"potions_floor_usage":[11],"damage_taken":[{"damage":0.0,"enemies":"Cultist","floor":1.0,"turns":1.0},{"damage":0.0,"enemies":"2 Louse","floor":4.0,"turns":1.0},{"damage":0.0,"enemies":"Jaw Worm","floor":5.0,"turns":1.0},{"damage":27.0,"enemies":"Lagavulin","floor":7.0,"turns":8.0},{"damage":4.0,"enemies":"3 Louse","floor":10.0,"turns":2.0},{"damage":23,"enemies":"Exordium Thugs","floor":11,"turns":5},{"damage":1,"enemies":"Blue Slaver","floor":13,"turns":4},{"damage":24,"enemies":"The Guardian","floor":16,"turns":14},{"damage":27,"enemies":"Shell Parasite","floor":18,"turns":7},{"damage":0,"enemies":"2 Thieves","floor":20,"turns":4},{"damage":35,"enemies":"Gremlin Leader","floor":23,"turns":6}],"seed_played":"-1578087611433812534","potions_obtained":[{"floor":4.0,"key":"Dexterity Potion"},{"floor":5.0,"key":"LiquidBronze"}],"is_trial":false,"path_per_floor":["M","?","?","M","M","R","E","R","T","M","M","?","M","$","R","B",null,"M","?","M","$","?","E"],"character_chosen":"THE_SILENT","items_purchased":["PiercingWail","Noxious Fumes","Dodge and Roll","Noxious Fumes","Leg Sweep"],"campfire_rested":2,"item_purchase_floors":[14,14,14,21,21],"current_hp_per_floor":[59,48,53,53,53,53,26,47,47,43,20,20,19,19,40,16,57,30,30,30,30,30,0],"gold":65,"neow_bonus":"THREE_ENEMY_KILL","is_prod":false,"is_daily":false,"chose_seed":false,"campfire_upgraded":1,"win_rate":0,"timestamp":1561350240,"path_taken":["M","?","?","M","?","R","E","R","T","M","M","?","M","?","R","BOSS","M","?","M","$","?","E"],"build_version":"2019-01-23","purchased_purges":0,"victory":false,"max_hp_per_floor":[66,66,71,71,71,71,71,71,71,71,71,71,71,71,71,71,71,71,71,71,71,71,71],"card_choices":[{"not_picked":["Heel Hook","Accuracy"],"picked":"Quick Slash","floor":1.0},{"not_picked":["Slice","All Out Attack"],"picked":"Dagger Spray","floor":4.0},{"not_picked":["Blade Dance","Prepared"],"picked":"Terror","floor":5.0},{"not_picked":["Prepared","Dodge and Roll"],"picked":"Poisoned Stab","floor":7.0},{"not_picked":["Blade Dance","Quick Slash"],"picked":"Dagger Spray","floor":10.0},{"not_picked":["Dagger Throw","Tactician"],"picked":"Dodge and Roll","floor":11},{"not_picked":["Slice","Finisher"],"picked":"Masterful Stab","floor":13},{"not_picked":["A Thousand Cuts","Bullet Time"],"picked":"Die Die Die","floor":16},{"not_picked":["Dagger Throw","Escape Plan+1"],"picked":"PiercingWail","floor":18},{"not_picked":["Endless Agony","Dash"],"picked":"Catalyst","floor":20}],"player_experience":2631596,"relics_obtained":[{"floor":7.0,"key":"Tough Bandages"}],"event_choices":[{"damage_healed":0.0,"max_hp_gain":0.0,"max_hp_loss":0.0,"gold_gain":75.0,"event_name":"World of Goop","player_choice":"Gather Gold","floor":2.0,"gold_loss":0.0,"damage_taken":11.0},{"damage_healed":0.0,"max_hp_gain":5.0,"max_hp_loss":0.0,"gold_gain":0.0,"event_name":"Big Fish","player_choice":"Donut","floor":3.0,"gold_loss":0.0,"damage_taken":0.0},{"damage_healed":0,"gold_gain":0,"player_choice":"Fled","damage_taken":0,"max_hp_gain":0,"max_hp_loss":0,"event_name":"Scrap Ooze","floor":12,"gold_loss":0},{"damage_healed":0,"gold_gain":0,"player_choice":"Simplicity","damage_taken":0,"max_hp_gain":0,"max_hp_loss":0,"event_name":"Back to Basics","floor":19,"gold_loss":0,"cards_upgraded":["Defend_G","Defend_G","Defend_G","Defend_G","Defend_G","Strike_G","Strike_G","Strike_G","Strike_G","Strike_G"]},{"damage_healed":0,"gold_gain":0,"player_choice":"3 cards matched","damage_taken":0,"max_hp_gain":0,"max_hp_loss":0,"event_name":"Match and Keep!","floor":22,"gold_loss":0,"cards_obtained":["Envenom","Cloak And Dagger","Neutralize"]}],"is_beta":false,"boss_relics":[{"not_picked":["White Beast Statue","Pandora\u0027s Box"],"picked":"Velvet Choker"}],"items_purged_floors":[],"is_endless":false,"potions_floor_spawned":[4,5],"killed_by":"Gremlin Leader","ascension_level":19}