{"gold_per_floor":[114,114,189,44,55,55,87,101,124,155,155,188,204,222,222,326,376,395,1,11,11,26,26,60,60,60,60],"floor_reached":27,"playtime":1293,"items_purged":[],"score":331,"play_id":"79478eea-5977-4ae2-b5d7-5eb93dfd2543","local_time":"20190807140246","is_ascension_mode":true,"campfire_choices":[{"floor":6,"key":"REST"},{"floor":11,"key":"REST"},{"floor":15,"key":"REST"},{"floor":23,"key":"REST"},{"floor":25,"key":"REST"}],"neow_cost":"NONE","seed_source_timestamp":18957912259865,"circlet_count":0,"master_deck":["Strike_R","Strike_R","Strike_R","Strike_R","Strike_R","Defend_R","Defend_R+1","Defend_R+1","Defend_R","Bash","Perfected Strike","Shrug It Off+1","Flex","Anger","Cleave","Perfected Strike","Shockwave","Heavy Blade","Combust","Cleave","Combust","Double Tap","Rupture","Sword Boomerang+1","Shrug It Off","Evolve","Clothesline","Thunderclap","Inflame","Rampage+1"],"relics":["Black Star","War Paint","Charon\u0027s Ashes","Strawberry","Happy Flower","Sundial","Mummified Hand","Paper Frog","Vajra","Tiny House","Gremlin Horn","Nilry\u0027s Codex","Question Card","Mercury Hourglass","Bottled Flame"],"potions_floor_usage":[7,10,16,24,27,27],"damage_taken":[{"damage":8,"enemies":"Jaw Worm","floor":1,"turns":4},{"damage":0,"enemies":"Small Slimes","floor":5,"turns":3},{"damage":22,"enemies":"3 Sentries","floor":7,"turns":6},{"damage":0,"enemies":"Cultist","floor":8,"turns":3},{"damage":10,"enemies":"Lagavulin","floor":10,"turns":5},{"damage":6,"enemies":"Gremlin Nob","floor":12,"turns":3},{"damage":1,"enemies":"Exordium Wildlife","floor":13,"turns":2},{"damage":5,"enemies":"Blue Slaver","floor":14,"turns":3},{"damage":1,"enemies":"Slime Boss","floor":16,"turns":4},{"damage":12,"enemies":"Chosen","floor":18,"turns":4},{"damage":12,"enemies":"3 Byrds","floor":20,"turns":3},{"damage":21,"enemies":"Snake Plant","floor":22,"turns":3},{"damage":42,"enemies":"Slavers","floor":24,"turns":3},{"damage":49,"enemies":"Shelled Parasite and Fungi","floor":27,"turns":4}],"seed_played":"-8039673474128387329","potions_obtained":[{"floor":5,"key":"PowerPotion"},{"floor":7,"key":"Weak Potion"},{"floor":13,"key":"Explosive Potion"},{"floor":17,"key":"Dexterity Potion"},{"floor":18,"key":"PowerPotion"},{"floor":24,"key":"Poison Potion"}],"is_trial":false,"path_per_floor":["M","?","?","$","M","R","E","M","T","E","R","E","M","M","R","B",null,"M","$","M","?","M","R","E","R","T","M"],"character_chosen":"IRONCLAD","items_purchased":["Shrug It Off","Flex","Anger","Gremlin Horn","Shrug It Off","Evolve","Clothesline"],"campfire_rested":5,"item_purchase_floors":[4,4,4,19,19,19,19],"current_hp_per_floor":[72,69,58,58,58,80,65,65,65,55,81,75,74,69,87,86,92,80,80,68,52,31,58,16,43,43,0],"gold":60,"neow_bonus":"BOSS_RELIC","is_prod":false,"is_daily":false,"chose_seed":false,"campfire_upgraded":0,"win_rate":0,"timestamp":1565197366,"path_taken":["M","?","?","?","M","R","E","M","T","E","R","E","?","M","R","BOSS","M","$","M","?","M","R","E","R","T","M"],"build_version":"2019-07-17","purchased_purges":0,"victory":false,"max_hp_per_floor":[80,80,80,80,80,80,87,87,87,87,87,87,87,87,87,87,92,92,92,92,92,92,92,92,92,92,92],"card_choices":[{"not_picked":["Clash","Second Wind"],"picked":"Perfected Strike","floor":1},{"not_picked":["Shrug It Off","Armaments"],"picked":"Cleave","floor":5},{"not_picked":["Warcry","Dark Embrace"],"picked":"Perfected Strike","floor":7},{"not_picked":["Headbutt","Power Through"],"picked":"Shockwave","floor":8},{"not_picked":["Power Through","Anger"],"picked":"Heavy Blade","floor":10},{"not_picked":["Barricade","True Grit"],"picked":"Combust","floor":12},{"not_picked":["Clothesline","Shockwave"],"picked":"Cleave","floor":13},{"not_picked":["Warcry","Uppercut"],"picked":"Combust","floor":14},{"not_picked":["Juggernaut","Exhume"],"picked":"Double Tap","floor":16},{"not_picked":["Sentinel","Anger"],"picked":"Rupture","floor":17},{"not_picked":["Intimidate","Ghostly Armor"],"picked":"Sword Boomerang+1","floor":18},{"not_picked":["Twin Strike","Seeing Red+1"],"picked":"Thunderclap","floor":20},{"not_picked":["Shrug It Off","Anger"],"picked":"Inflame","floor":22},{"not_picked":["Sentinel","Intimidate"],"picked":"Rampage+1","floor":24}],"player_experience":280723,"relics_obtained":[{"floor":7,"key":"Charon\u0027s Ashes"},{"floor":7,"key":"Strawberry"},{"floor":9,"key":"Happy Flower"},{"floor":10,"key":"Sundial"},{"floor":10,"key":"Mummified Hand"},{"floor":12,"key":"Paper Frog"},{"floor":12,"key":"Vajra"},{"floor":21,"key":"Nilry\u0027s Codex"},{"floor":24,"key":"Question Card"},{"floor":24,"key":"Mercury Hourglass"},{"floor":26,"key":"Bottled Flame"}],"event_choices":[{"damage_healed":0,"gold_gain":0,"player_choice":"Success","damage_taken":3,"relics_obtained":["War Paint"],"max_hp_gain":0,"max_hp_loss":0,"event_name":"Scrap Ooze","floor":2,"gold_loss":0},{"damage_healed":0,"gold_gain":75,"player_choice":"Gather Gold","damage_taken":11,"max_hp_gain":0,"max_hp_loss":0,"event_name":"World of Goop","floor":3,"gold_loss":0},{"damage_healed":0,"gold_gain":0,"player_choice":"Obtained Book","damage_taken":16,"max_hp_gain":0,"max_hp_loss":0,"event_name":"Cursed Tome","floor":21,"gold_loss":0}],"is_beta":false,"boss_relics":[{"not_picked":["Sozu","Cursed Key"],"picked":"Tiny House"}],"items_purged_floors":[],"is_endless":false,"potions_floor_spawned":[5,7,13,18,24],"killed_by":"Shelled Parasite and Fungi","ascension_level":2}