{"gold_per_floor":[117,67,118,118,129,158,175,175,222,234,234,234,234,244,244,342,342,359,373,373,24,38,38,52,52,106,117,135,135,9,9,9,112,112,123,123,21,71,71,71,84,84,137,167,0,12,24,1,1,1],"floor_reached":51,"playtime":1888,"items_purged":[],"score":724,"play_id":"0a61de65-9539-4af3-ac7b-c36436bc64b0","local_time":"20190731192912","is_ascension_mode":true,"campfire_choices":[{"data":"Flex","floor":8,"key":"SMITH"},{"data":"Thunderclap","floor":11,"key":"SMITH"},{"data":"Cleave","floor":15,"key":"SMITH"},{"floor":23,"key":"REST"},{"data":"Demon Form","floor":25,"key":"SMITH"},{"data":"True Grit","floor":29,"key":"SMITH"},{"data":"Enlightenment","floor":32,"key":"SMITH"},{"floor":40,"key":"REST"},{"floor":42,"key":"REST"},{"floor":49,"key":"REST"}],"neow_cost":"NONE","seed_source_timestamp":241893240662533,"circlet_count":0,"master_deck":["Strike_R+1","Strike_R+1","Strike_R+1","Strike_R+1","Defend_R+1","Defend_R+1","Defend_R+1","Defend_R+1","Bash+1","Flex+1","Cleave+1","Blood for Blood+1","Perfected Strike+1","Clothesline+1","Thunderclap+1","Shrug It Off+1","Demon Form+1","Iron Wave+1","Entrench+1","Cleave+1","Carnage+1","Thunderclap+1","Rampage+1","True Grit+1","Enlightenment+1","Blood for Blood+1","Bludgeon+1","Rage+1","Iron Wave+1","True Grit+1","Inflame+1","Blood for Blood+1","Normality","Heavy Blade+1","Normality","Bloodletting"],"relics":["Burning Blood","Omamori","Art of War","Juzu Bracelet","Cursed Key","Enchiridion","Regal Pillow","Pen Nib","Orichalcum","Fusion Hammer","Red Skull","Pocketwatch","MawBank","Red Mask","Mark of the Bloom","Bag of Marbles"],"potions_floor_usage":[6,16,22,22,35,38,38],"damage_taken":[{"damage":2,"enemies":"2 Louse","floor":1,"turns":5},{"damage":1,"enemies":"Jaw Worm","floor":5,"turns":3},{"damage":28,"enemies":"Gremlin Nob","floor":6,"turns":4},{"damage":1,"enemies":"Cultist","floor":7,"turns":3},{"damage":16,"enemies":"Red Slaver","floor":10,"turns":4},{"damage":0,"enemies":"Large Slime","floor":14,"turns":3},{"damage":69,"enemies":"Hexaghost","floor":16,"turns":9},{"damage":28,"enemies":"Spheric Guardian","floor":18,"turns":5},{"damage":8,"enemies":"Chosen","floor":19,"turns":5},{"damage":25,"enemies":"Shelled Parasite and Fungi","floor":22,"turns":5},{"damage":12,"enemies":"Cultist and Chosen","floor":24,"turns":5},{"damage":2,"enemies":"Snecko","floor":27,"turns":3},{"damage":10,"enemies":"Centurion and Healer","floor":28,"turns":5},{"damage":45,"enemies":"Collector","floor":33,"turns":7},{"damage":8,"enemies":"Orb Walker","floor":35,"turns":3},{"damage":53,"enemies":"2 Orb Walkers","floor":38,"turns":4},{"damage":12,"enemies":"3 Darklings","floor":41,"turns":3},{"damage":11,"enemies":"Jaw Worm Horde","floor":44,"turns":4},{"damage":53,"enemies":"Donu and Deca","floor":50,"turns":6}],"seed_played":"1600947637498284391","potions_obtained":[{"floor":5,"key":"BloodPotion"},{"floor":6,"key":"Regen Potion"},{"floor":16,"key":"BloodPotion"},{"floor":18,"key":"Explosive Potion"},{"floor":22,"key":"Regen Potion"},{"floor":33,"key":"Weak Potion"},{"floor":35,"key":"Dexterity Potion"},{"floor":38,"key":"Fruit Juice"}],"is_trial":false,"path_per_floor":["M","$","?","$","M","E","M","R","T","M","R","?","T","M","R","B",null,"M","M","?","$","M","R","M","R","T","M","M","R","$","?","R","B",null,"M","?","$","?","?","R","M","R","T","M","?","?","T","$","R","B",null],"character_chosen":"IRONCLAD","items_purchased":["Cleave","Regal Pillow","Pen Nib","Cleave","Enlightenment","Blood for Blood","Iron Wave","True Grit","Bloodletting"],"campfire_rested":4,"item_purchase_floors":[2,21,21,21,30,30,37,37,48],"current_hp_per_floor":[80,80,80,80,80,78,80,80,80,70,70,70,70,76,76,28,80,58,56,40,40,41,80,74,74,74,78,74,74,74,74,74,35,80,78,78,78,41,62,85,79,85,85,80,80,80,80,80,80,27],"gold":1,"neow_bonus":"UPGRADE_CARD","is_prod":false,"is_daily":false,"chose_seed":false,"campfire_upgraded":6,"win_rate":0,"timestamp":1564612152,"path_taken":["M","$","?","$","M","E","M","R","T","M","R","?","?","M","R","BOSS","M","M","?","$","M","R","M","R","T","M","M","R","$","?","R","BOSS","M","?","$","?","?","R","M","R","T","M","?","?","?","?","R","BOSS"],"build_version":"2019-07-17","purchased_purges":0,"victory":true,"max_hp_per_floor":[80,80,80,80,80,80,80,80,80,80,80,80,80,80,80,80,80,80,80,80,80,80,80,80,80,80,80,80,80,80,80,80,80,80,80,80,80,85,85,85,85,85,85,85,85,85,85,85,85,85],"card_choices":[{"not_picked":["Wild Strike","Twin Strike"],"picked":"Flex","floor":1},{"not_picked":["Anger","Wild Strike"],"picked":"Blood for Blood","floor":5},{"not_picked":["Rupture","Sever Soul"],"picked":"Perfected Strike","floor":6},{"not_picked":["Sever Soul","Havoc"],"picked":"Clothesline","floor":7},{"not_picked":["Cleave","Warcry"],"picked":"Thunderclap","floor":10},{"not_picked":["Reckless Charge","Burning Pact"],"picked":"Shrug It Off","floor":14},{"not_picked":["Exhume","Bludgeon"],"picked":"Demon Form","floor":16},{"not_picked":["Headbutt","Warcry"],"picked":"Iron Wave+1","floor":18},{"not_picked":["Sever Soul","Heavy Blade"],"picked":"Entrench","floor":19},{"not_picked":["Perfected Strike","Feel No Pain"],"picked":"Carnage+1","floor":22},{"not_picked":["Evolve+1","Hemokinesis+1"],"picked":"Thunderclap","floor":24},{"not_picked":["Disarm","Warcry"],"picked":"Rampage","floor":27},{"not_picked":["Clash+1","Heavy Blade"],"picked":"True Grit","floor":28},{"not_picked":["Berserk","Brutality"],"picked":"Bludgeon","floor":33},{"not_picked":["Bloodletting+1","Spot Weakness"],"picked":"Rage","floor":35},{"not_picked":["Wild Strike+1","Rupture"],"picked":"Inflame","floor":38},{"not_picked":["Pommel Strike","Shrug It Off"],"picked":"Blood for Blood+1","floor":41},{"not_picked":["Body Slam+1","Havoc+1"],"picked":"Heavy Blade+1","floor":44}],"player_experience":264571,"relics_obtained":[{"floor":6,"key":"Omamori"},{"floor":9,"key":"Art of War"},{"floor":13,"key":"Juzu Bracelet"},{"floor":20,"key":"Enchiridion"},{"floor":26,"key":"Orichalcum"},{"floor":38,"key":"Pocketwatch"},{"floor":43,"key":"MawBank"},{"floor":47,"key":"Bag of Marbles"}],"event_choices":[{"damage_healed":0,"gold_gain":51,"player_choice":"Gained Gold","damage_taken":0,"max_hp_gain":0,"max_hp_loss":0,"event_name":"Golden Wing","floor":3,"gold_loss":0},{"damage_healed":0,"gold_gain":0,"player_choice":"Grow","damage_taken":0,"max_hp_gain":0,"max_hp_loss":0,"event_name":"Living Wall","floor":12,"gold_loss":0,"cards_upgraded":["Perfected Strike"]},{"damage_healed":0,"gold_gain":0,"player_choice":"Obtained Book","damage_taken":16,"max_hp_gain":0,"max_hp_loss":0,"event_name":"Cursed Tome","floor":20,"gold_loss":0},{"cards_removed":["Strike_R"],"damage_healed":0,"gold_gain":0,"player_choice":"Purged","damage_taken":0,"max_hp_gain":0,"max_hp_loss":0,"event_name":"Purifier","floor":31,"gold_loss":0},{"damage_healed":0,"gold_gain":0,"player_choice":"Gave Potion","damage_taken":0,"relics_obtained":["Red Skull"],"max_hp_gain":0,"max_hp_loss":0,"event_name":"WeMeetAgain","floor":36,"gold_loss":0},{"damage_healed":0,"gold_gain":0,"player_choice":"Fight","damage_taken":0,"max_hp_gain":0,"max_hp_loss":0,"event_name":"Mysterious Sphere","floor":38,"gold_loss":0},{"damage_healed":21,"gold_gain":0,"player_choice":"Writhe","damage_taken":0,"max_hp_gain":0,"max_hp_loss":0,"event_name":"Winding Halls","floor":39,"gold_loss":0,"cards_obtained":["Writhe"]},{"damage_healed":0,"gold_gain":0,"player_choice":"Paid","damage_taken":0,"relics_obtained":["Red Mask"],"max_hp_gain":0,"max_hp_loss":0,"event_name":"Tomb of Lord Red Mask","floor":45,"gold_loss":179},{"damage_healed":0,"gold_gain":0,"player_choice":"Upgrade","damage_taken":0,"relics_obtained":["Mark of the Bloom"],"max_hp_gain":0,"max_hp_loss":0,"event_name":"MindBloom","floor":46,"gold_loss":0,"cards_upgraded":["Strike_R","Strike_R","Strike_R","Strike_R","Defend_R","Defend_R","Defend_R","Defend_R","Blood for Blood","Clothesline","Shrug It Off","Entrench","Cleave","Thunderclap","Rampage","Blood for Blood","Bludgeon","Rage","Iron Wave","True Grit","Inflame"]}],"is_beta":false,"boss_relics":[{"not_picked":["Ectoplasm","Velvet Choker"],"picked":"Cursed Key"},{"not_picked":["Eternal Feather","Philosopher\u0027s Stone"],"picked":"Fusion Hammer"}],"items_purged_floors":[],"is_endless":false,"potions_floor_spawned":[5,6,16,18,22,33,35,38],"ascension_level":1}