{"gold_per_floor":[213,213,224,224,55,89,89,64,115,115,65,79,102,102,102,231,231,254,18,18,31,131,172,172,195,244,244,56,138,67,86,86,212,212,233,233,15,15,15,48,72,85,110,125,149,183,308,308,308,308],"floor_reached":50,"playtime":6320,"items_purged":[],"score":591,"play_id":"b15b3293-09a3-4c79-8aca-6658799117b4","local_time":"20190910221058","is_ascension_mode":false,"campfire_choices":[{"floor":7,"key":"REST"},{"floor":10,"key":"REST"},{"data":"Metallicize","floor":15,"key":"SMITH"},{"floor":24,"key":"REST"},{"floor":27,"key":"REST"},{"data":"Apotheosis","floor":32,"key":"SMITH"},{"floor":49,"key":"REST"}],"neow_cost":"NONE","seed_source_timestamp":13559147029000,"circlet_count":0,"master_deck":["Strike_R","Strike_R+1","Strike_R","Defend_R","Defend_R","Defend_R","Defend_R","Bash","Sever Soul+1","Infernal Blade","Metallicize+1","Finesse","Cleave","Warcry","Dropkick","Clash","Feed","Shrug It Off","Apotheosis+1","Rage","Whirlwind+1","Clothesline+1","Flex","Blood for Blood+1","Shrug It Off","The Bomb","Shrug It Off","Heavy Blade","Armaments","Juggernaut","Armaments","Dark Embrace","Iron Wave","Heavy Blade+1","Blood for Blood","Pommel Strike+1","Armaments","Body Slam","Twin Strike+1"],"relics":["Burning Blood","Golden Idol","WingedGreaves","Bronze Scales","Busted Crown","Charon\u0027s Ashes","Blood Vial","Bottled Flame","Sozu","Vajra","Torii","Centennial Puzzle","Pen Nib","Unceasing Top","Regal Pillow"],"potions_floor_usage":[16,33,50,50],"damage_taken":[{"damage":8,"enemies":"Jaw Worm","floor":1,"turns":5},{"damage":0,"enemies":"Small Slimes","floor":3,"turns":3},{"damage":34,"enemies":"3 Sentries","floor":6,"turns":7},{"damage":12,"enemies":"2 Louse","floor":12,"turns":3},{"damage":0,"enemies":"Large Slime","floor":13,"turns":4},{"damage":52,"enemies":"The Guardian","floor":16,"turns":8},{"damage":8,"enemies":"Shell Parasite","floor":18,"turns":4},{"damage":5,"enemies":"3 Byrds","floor":21,"turns":3},{"damage":61,"enemies":"Slavers","floor":23,"turns":6},{"damage":9,"enemies":"Cultist and Chosen","floor":25,"turns":5},{"damage":2,"enemies":"Chosen and Byrds","floor":31,"turns":4},{"damage":43,"enemies":"Collector","floor":33,"turns":10},{"damage":7,"enemies":"3 Darklings","floor":35,"turns":3},{"damage":24,"enemies":"Reptomancer","floor":40,"turns":7},{"damage":6,"enemies":"Orb Walker","floor":41,"turns":2},{"damage":15,"enemies":"Sphere and 2 Shapes","floor":42,"turns":2},{"damage":15,"enemies":"4 Shapes","floor":44,"turns":1},{"damage":0,"enemies":"Transient","floor":45,"turns":5},{"damage":31,"enemies":"Giant Head","floor":46,"turns":8},{"damage":1,"enemies":"Mind Bloom Boss Battle","floor":47,"turns":5},{"damage":114,"enemies":"Donu and Deca","floor":50,"turns":10}],"seed_played":"-291759174766950561","potions_obtained":[{"floor":6,"key":"Swift Potion"},{"floor":13,"key":"SpeedPotion"},{"floor":21,"key":"SkillPotion"},{"floor":25,"key":"Strength Potion"}],"is_trial":false,"path_per_floor":["M","?","M","?","$","E","R","$","T","R","?","M","M","?","R","B",null,"M","$","?","M","?","E","R","M","T","R","$","T","$","M","R","B",null,"M","?","$","?","?","E","M","M","T","M","M","E","?","T","R","B"],"character_chosen":"IRONCLAD","items_purchased":["Metallicize","Finesse","Warcry","Apotheosis","Rage","Shrug It Off","The Bomb","Shrug It Off","Heavy Blade","Vajra","Dark Embrace"],"campfire_rested":5,"item_purchase_floors":[5,5,8,19,19,28,28,30,30,37,37],"current_hp_per_floor":[78,78,80,60,60,32,56,56,56,80,80,74,80,64,64,18,80,78,78,78,82,82,27,51,48,48,72,72,72,72,82,82,47,87,86,86,86,86,86,69,71,67,67,60,68,45,56,56,94,0],"gold":308,"neow_bonus":"HUNDRED_GOLD","is_prod":false,"is_daily":false,"chose_seed":false,"campfire_upgraded":2,"win_rate":0.0,"timestamp":1568146258,"path_taken":["M","?","M","?","$","E","R","?","T","R","?","M","M","?","R","BOSS","M","$","?","M","?","E","R","?","T","R","$","?","$","M","R","BOSS","M","?","$","?","?","E","M","M","T","?","M","E","?","?","R","BOSS"],"build_version":"2019-07-17","purchased_purges":0,"victory":false,"max_hp_per_floor":[80,80,80,80,80,80,80,80,80,80,80,80,80,80,80,80,80,80,80,80,83,83,83,83,83,83,83,83,83,83,87,87,87,87,87,87,87,87,87,87,87,90,90,90,90,90,94,94,94,94],"card_choices":[{"not_picked":["Heavy Blade","Dropkick"],"picked":"Sever Soul","floor":1},{"not_picked":["Armaments","Shockwave"],"picked":"Infernal Blade","floor":3},{"not_picked":["Combust","Sword Boomerang"],"picked":"Cleave","floor":6},{"not_picked":["Flex","Clash"],"picked":"Dropkick","floor":12},{"not_picked":["Body Slam","Clothesline"],"picked":"Clash","floor":13},{"not_picked":["Impervious","Dark Embrace"],"picked":"Feed","floor":16},{"not_picked":[],"picked":"Shrug It Off","floor":18},{"not_picked":[],"picked":"Clothesline+1","floor":21},{"not_picked":[],"picked":"Flex","floor":23},{"not_picked":[],"picked":"Blood for Blood+1","floor":25},{"not_picked":[],"picked":"Armaments","floor":31},{"not_picked":[],"picked":"Juggernaut","floor":33},{"not_picked":[],"picked":"Armaments","floor":35},{"not_picked":[],"picked":"Iron Wave","floor":40},{"not_picked":[],"picked":"Heavy Blade+1","floor":41},{"not_picked":[],"picked":"Blood for Blood","floor":42},{"not_picked":[],"picked":"Pommel Strike+1","floor":44},{"not_picked":[],"picked":"Armaments","floor":45},{"not_picked":[],"picked":"Body Slam","floor":46},{"not_picked":[],"picked":"Twin Strike+1","floor":47}],"player_experience":7171,"relics_obtained":[{"floor":6,"key":"WingedGreaves"},{"floor":9,"key":"Bronze Scales"},{"floor":23,"key":"Charon\u0027s Ashes"},{"floor":26,"key":"Blood Vial"},{"floor":29,"key":"Bottled Flame"},{"floor":40,"key":"Torii"},{"floor":43,"key":"Centennial Puzzle"},{"floor":46,"key":"Pen Nib"},{"floor":47,"key":"Unceasing Top"},{"floor":48,"key":"Regal Pillow"}],"event_choices":[{"damage_healed":0,"gold_gain":0,"player_choice":"Ignored","damage_taken":0,"max_hp_gain":0,"max_hp_loss":0,"event_name":"Liars Game","floor":2,"gold_loss":0},{"damage_healed":0,"gold_gain":0,"player_choice":"Take Damage","damage_taken":20,"relics_obtained":["Golden Idol"],"max_hp_gain":0,"max_hp_loss":0,"event_name":"Golden Idol","floor":4,"gold_loss":0},{"cards_removed":["Strike_R"],"damage_healed":0,"gold_gain":0,"player_choice":"Card Removal","damage_taken":0,"max_hp_gain":0,"max_hp_loss":0,"event_name":"The Cleric","floor":11,"gold_loss":50},{"damage_healed":0,"gold_gain":0,"player_choice":"Entered Light","damage_taken":16,"max_hp_gain":0,"max_hp_loss":0,"event_name":"Shining Light","floor":14,"gold_loss":0,"cards_upgraded":["Sever Soul","Strike_R"]},{"damage_healed":0,"gold_gain":0,"player_choice":"Read","damage_taken":0,"max_hp_gain":0,"max_hp_loss":0,"event_name":"The Library","floor":20,"gold_loss":0,"cards_obtained":["Whirlwind"]},{"damage_healed":0,"gold_gain":100,"player_choice":"Pray","damage_taken":0,"max_hp_gain":0,"max_hp_loss":0,"event_name":"Golden Shrine","floor":22,"gold_loss":0},{"cards_removed":["Strike_R"],"damage_healed":0,"gold_gain":0,"player_choice":"Removed Attack","damage_taken":0,"max_hp_gain":0,"max_hp_loss":0,"event_name":"Falling","floor":36,"gold_loss":0},{"damage_healed":0,"gold_gain":0,"player_choice":"Ignored","damage_taken":0,"max_hp_gain":0,"max_hp_loss":0,"event_name":"The Moai Head","floor":38,"gold_loss":0},{"damage_healed":0,"gold_gain":0,"player_choice":"Forge","damage_taken":0,"max_hp_gain":0,"max_hp_loss":0,"event_name":"Accursed Blacksmith","floor":39,"gold_loss":0,"cards_upgraded":["Whirlwind"]},{"damage_healed":0,"gold_gain":0,"player_choice":"Fight","damage_taken":0,"max_hp_gain":0,"max_hp_loss":0,"event_name":"MindBloom","floor":47,"gold_loss":0}],"is_beta":false,"boss_relics":[{"not_picked":["Empty Cage","Eternal Feather"],"picked":"Busted Crown"},{"not_picked":["Tiny House","Runic Dome"],"picked":"Sozu"}],"items_purged_floors":[],"is_endless":false,"potions_floor_spawned":[6,13,21,25,40,42,44,45,46],"killed_by":"Donu and Deca","ascension_level":0}