{"gold_per_floor":[115,134,134,144,30,30,62,62,112,140,151,169,186,217,217,217],"floor_reached":16,"playtime":1737,"items_purged":["Defend_G"],"score":232,"play_id":"7a8dfe37-794b-4348-bd30-3317685c15a4","local_time":"20190426193526","is_ascension_mode":true,"campfire_choices":[{"floor":6.0,"key":"REST"},{"floor":8.0,"key":"REST"},{"floor":15,"key":"REST"}],"neow_cost":"NONE","seed_source_timestamp":403640992404612,"circlet_count":0,"master_deck":["AscendersBane","Defend_G+1","Defend_G","Defend_G","Defend_G","Strike_G","Strike_G","Strike_G","Strike_G","Strike_G","Survivor","Neutralize","Blade Dance","Backflip+1","Accuracy","Dash","Corpse Explosion","Dodge and Roll","PiercingWail","PiercingWail","Leg Sweep","Dagger Spray"],"special_seed":0,"relics":["Ring of the Snake","Regal Pillow","Ninja Scroll","War Paint","Pear","Potion Belt"],"potions_floor_usage":[14,16,16],"damage_taken":[{"damage":9.0,"enemies":"Cultist","floor":1.0,"turns":5.0},{"damage":7.0,"enemies":"Jaw Worm","floor":2.0,"turns":6.0},{"damage":1.0,"enemies":"Small Slimes","floor":4.0,"turns":4.0},{"damage":40.0,"enemies":"3 Sentries","floor":7.0,"turns":12.0},{"damage":26.0,"enemies":"Gremlin Nob","floor":10.0,"turns":5.0},{"damage":5.0,"enemies":"Looter","floor":11.0,"turns":4.0},{"damage":6,"enemies":"Lots of Slimes","floor":12,"turns":4},{"damage":1,"enemies":"Blue Slaver","floor":13,"turns":4},{"damage":27,"enemies":"Lagavulin","floor":14,"turns":9},{"damage":63,"enemies":"Slime Boss","floor":16,"turns":15}],"seed_played":"7980434063513966086","potions_obtained":[{"floor":2.0,"key":"GhostInAJar"},{"floor":10.0,"key":"SpeedPotion"},{"floor":11.0,"key":"SpeedPotion"},{"floor":13,"key":"Energy Potion"},{"floor":14,"key":"GhostInAJar"}],"is_trial":false,"path_per_floor":["M","M","?","M","$","R","E","R","T","E","M","M","M","E","R","B"],"character_chosen":"THE_SILENT","items_purchased":["Dash"],"campfire_rested":3,"item_purchase_floors":[5],"current_hp_per_floor":[56,49,38,37,37,72,32,68,68,52,47,41,40,13,52,0],"gold":217,"neow_bonus":"TEN_PERCENT_HP_BONUS","is_prod":false,"is_daily":false,"chose_seed":false,"campfire_upgraded":0,"win_rate":0,"timestamp":1556321726,"path_taken":["M","M","?","M","$","R","E","R","T","E","M","M","M","E","R","BOSS"],"build_version":"2019-01-23","purchased_purges":1,"victory":false,"max_hp_per_floor":[72,72,72,72,72,72,72,72,72,82,82,82,82,82,82,82],"card_choices":[{"not_picked":["Sucker Punch","Acrobatics"],"picked":"Blade Dance","floor":1.0},{"not_picked":["Bane","Dagger Throw"],"picked":"Backflip","floor":2.0},{"not_picked":["Bane","Backflip"],"picked":"Accuracy","floor":4.0},{"not_picked":["Eviscerate","Acrobatics"],"picked":"Corpse Explosion","floor":7.0},{"not_picked":["Flying Knee","Catalyst"],"picked":"Dodge and Roll","floor":10.0},{"not_picked":["Riddle With Holes","Backstab"],"picked":"PiercingWail","floor":11.0},{"not_picked":["Dagger Throw","Blade Dance"],"picked":"PiercingWail","floor":12},{"not_picked":["Dodge and Roll","Deadly Poison"],"picked":"Leg Sweep","floor":13},{"not_picked":["Endless Agony","Prepared"],"picked":"Dagger Spray","floor":14}],"player_experience":2529765,"relics_obtained":[{"floor":7.0,"key":"Ninja Scroll"},{"floor":9.0,"key":"War Paint"},{"floor":10.0,"key":"Pear"},{"floor":14,"key":"Potion Belt"}],"event_choices":[{"damage_healed":0.0,"max_hp_gain":0.0,"max_hp_loss":0.0,"gold_gain":0.0,"event_name":"Scrap Ooze","player_choice":"Success","floor":3.0,"gold_loss":0.0,"damage_taken":11.0,"relics_obtained":["Regal Pillow"]}],"is_beta":false,"boss_relics":[],"items_purged_floors":[5],"is_endless":false,"potions_floor_spawned":[2,10,11,13,14],"killed_by":"Slime Boss","ascension_level":18}