{"gold_per_floor":[119,18,18,168,218,218,231,249,301,321,371,433,26,42,42,146,146,164,214,99,116,3,3,53,78,78,128,178,30,30,61,61,157,157,167,178,3,53,103,103,120,81,81,100,100,150,183,210,222,234],"floor_reached":50,"playtime":5344,"items_purged":["Defend_G"],"score":769,"play_id":"cadbbec7-1a71-4f40-9254-bf6d50d8d55c","local_time":"20180909233323","is_ascension_mode":true,"campfire_choices":[{"data":"Sucker Punch","floor":6,"key":"SMITH"},{"data":"Neutralize","floor":15,"key":"SMITH"},{"floor":23,"key":"REST"},{"floor":30,"key":"REST"},{"floor":32,"key":"REST"},{"floor":40,"key":"REST"},{"floor":45,"key":"REST"},{"floor":49,"key":"REST"}],"neow_cost":"","seed_source_timestamp":56103399518831,"circlet_count":0,"master_deck":["Survivor","Neutralize+1","Sucker Punch+1","Infinite Blades","All Out Attack","Endless Agony","Poisoned Stab","Blade Dance","Backflip","Noxious Fumes","Deep Breath","Die Die Die","Flying Knee","Skewer","Distraction","Cloak And Dagger","Backstab","Blur","Finisher","Accuracy","Noxious Fumes","Catalyst","Caltrops","Leg Sweep","Flash of Steel","Well Laid Plans","Glass Knife","A Thousand Cuts","Accuracy","Corpse Explosion","Catalyst","Blade Dance+1","Terror","Infinite Blades","Quick Slash","Finesse","Escape Plan+1","Backstab+1","Blind","Backflip+1","Distraction+1"],"relics":["Ring of the Snake","SsserpentHead","Regal Pillow","Paper Crane","Pandora\u0027s Box","Juzu Bracelet","Bronze Scales","Shuriken","Anchor","Oddly Smooth Stone","White Beast Statue","Mango","Mummified Hand","Matryoshka","MawBank"],"potions_floor_usage":[25,33,33,39,44,47,48],"damage_taken":[{"damage":1,"enemies":"2 Louse","floor":1,"turns":3},{"damage":0,"enemies":"Cultist","floor":7,"turns":4},{"damage":0,"enemies":"Small Slimes","floor":8,"turns":3},{"damage":5,"enemies":"Red Slaver","floor":10,"turns":3},{"damage":0,"enemies":"Large Slime","floor":12,"turns":4},{"damage":1,"enemies":"2 Fungi Beasts","floor":14,"turns":3},{"damage":28,"enemies":"Hexaghost","floor":16,"turns":10},{"damage":19,"enemies":"Shell Parasite","floor":18,"turns":8},{"damage":13,"enemies":"2 Thieves","floor":21,"turns":4},{"damage":41,"enemies":"Gremlin Leader","floor":25,"turns":7},{"damage":31,"enemies":"Slavers","floor":31,"turns":4},{"damage":58,"enemies":"Collector","floor":33,"turns":8},{"damage":11,"enemies":"3 Shapes","floor":35,"turns":7},{"damage":13,"enemies":"Orb Walker","floor":36,"turns":4},{"damage":6,"enemies":"Mind Bloom Boss Battle","floor":39,"turns":6},{"damage":68,"enemies":"Spire Growth","floor":41,"turns":6},{"damage":17,"enemies":"Maw","floor":44,"turns":6},{"damage":41,"enemies":"Giant Head","floor":47,"turns":6},{"damage":9,"enemies":"Sphere and 2 Shapes","floor":48,"turns":4},{"damage":54,"enemies":"Time Eater","floor":50,"turns":3}],"seed_played":"-556838583502141919","potions_obtained":[{"floor":7,"key":"Weak Potion"},{"floor":8,"key":"SneckoOil"},{"floor":10,"key":"Swift Potion"},{"floor":25,"key":"Ancient Potion"},{"floor":31,"key":"Poison Potion"},{"floor":33,"key":"Explosive Potion"},{"floor":35,"key":"Block Potion"},{"floor":39,"key":"Energy Potion"},{"floor":41,"key":"Regen Potion"},{"floor":44,"key":"Regen Potion"},{"floor":47,"key":"Weak Potion"},{"floor":48,"key":"Weak Potion"}],"is_trial":false,"path_per_floor":["M","$","?","?","?","R","M","M","T","M","?","M","$","M","R","B",null,"M","?","$","M","$","R","?","E","T","?","?","$","R","E","R","B",null,"M","M","$","?","?","R","M","$","T","M","R","T","E","M","R"],"character_chosen":"THE_SILENT","items_purchased":["Infinite Blades","All Out Attack","Noxious Fumes","Paper Crane","Deep Breath","Catalyst","Caltrops","Flash of Steel","Well Laid Plans","Anchor","Terror","Infinite Blades","Quick Slash","Blind"],"campfire_rested":6,"item_purchase_floors":[2,2,13,13,13,20,20,22,22,29,37,37,37,42],"current_hp_per_floor":[62,62,62,62,55,55,55,55,55,50,50,50,50,49,49,21,58,39,39,39,26,26,62,62,21,21,21,21,21,57,26,62,4,54,43,30,30,30,38,78,10,10,10,8,48,48,16,7,47,0],"gold":234,"neow_bonus":"","is_prod":false,"is_daily":false,"chose_seed":false,"campfire_upgraded":2,"win_rate":0,"timestamp":1536550403,"path_taken":["M","$","?","?","?","R","M","M","T","M","?","?","?","M","R","BOSS","M","?","$","M","?","R","?","E","T","?","?","$","R","E","R","BOSS","M","M","$","?","?","R","M","?","T","M","R","?","E","M","R","BOSS"],"build_version":"2018-08-23v2","purchased_purges":1,"victory":false,"max_hp_per_floor":[70,70,70,70,70,70,70,70,70,70,70,70,70,70,70,70,70,70,70,70,70,70,70,70,70,70,70,70,70,70,70,70,70,70,70,70,70,70,84,84,84,84,84,84,84,84,84,84,84,84],"card_choices":[{"not_picked":["Dagger Throw","Backstab"],"picked":"Sucker Punch","floor":1},{"not_picked":["Quick Slash","Acrobatics"],"picked":"Endless Agony","floor":7},{"not_picked":["Blur","Prepared"],"picked":"Poisoned Stab","floor":8},{"not_picked":["Poisoned Stab","Dagger Throw"],"picked":"Blade Dance","floor":10},{"not_picked":["Slice","Dagger Spray"],"picked":"Backflip","floor":12},{"not_picked":["Deflect","Dagger Spray"],"picked":"Outmaneuver","floor":14},{"not_picked":["Storm of Steel","Wraith Form v2"],"picked":"Die Die Die","floor":16},{"not_picked":["Reflex+1","Slice"],"picked":"Noxious Fumes","floor":18},{"not_picked":["Outmaneuver+1","Flying Knee"],"picked":"Leg Sweep","floor":21},{"not_picked":["Setup+1","Prepared"],"picked":"Glass Knife","floor":25},{"not_picked":["Bane","Sucker Punch"],"picked":"Accuracy","floor":31},{"not_picked":["Wraith Form v2","Burst"],"picked":"Corpse Explosion","floor":33},{"not_picked":["Cloak And Dagger+1","Prepared"],"picked":"Catalyst","floor":35},{"not_picked":["PiercingWail+1","Underhanded Strike"],"picked":"Blade Dance+1","floor":36},{"not_picked":["Deep Breath","Madness"],"picked":"Finesse","floor":38},{"not_picked":["Deadly Poison","Crippling Poison"],"picked":"Escape Plan+1","floor":39},{"not_picked":["Masterful Stab","Finisher"],"picked":"Backstab+1","floor":41},{"not_picked":["Flying Knee","Underhanded Strike","Setup"],"picked":"SKIP","floor":44},{"not_picked":["Dagger Spray+1","Die Die Die"],"picked":"Backflip+1","floor":47},{"not_picked":["Dagger Throw+1","Sucker Punch"],"picked":"Distraction+1","floor":48}],"player_experience":1685577,"relics_obtained":[{"floor":9,"key":"Regal Pillow"},{"floor":25,"key":"Bronze Scales"},{"floor":26,"key":"Shuriken"},{"floor":31,"key":"Oddly Smooth Stone"},{"floor":39,"key":"Mango"},{"floor":43,"key":"Mummified Hand"},{"floor":46,"key":"Matryoshka"},{"floor":47,"key":"MawBank"}],"event_choices":[{"event_name":"FaceTrader","player_choice":"Trade","floor":3,"damage_taken":0},{"event_name":"Golden Shrine","player_choice":"Pray","floor":4,"damage_taken":0},{"event_name":"Golden Wing","player_choice":"Card Removal","floor":5,"damage_taken":0},{"event_name":"The Woman in Blue","player_choice":"Bought 0 Potions","floor":11,"damage_taken":0},{"event_name":"Back to Basics","player_choice":"Simplicity","floor":19,"damage_taken":0},{"event_name":"Accursed Blacksmith","player_choice":"Rummage","floor":24,"damage_taken":0},{"event_name":"Cursed Tome","player_choice":"Ignored","floor":27,"damage_taken":0},{"event_name":"Transmorgrifier","player_choice":"Transform","floor":28,"damage_taken":0},{"event_name":"SensoryStone","player_choice":"Memory 1","floor":38,"damage_taken":0},{"event_name":"MindBloom","player_choice":"Fight","floor":39,"damage_taken":0}],"is_beta":false,"boss_relics":[{"not_picked":["Runic Dome","Philosopher\u0027s Stone"],"picked":"Pandora\u0027s Box"},{"not_picked":["Calling Bell","Snecko Eye"],"picked":"White Beast Statue"}],"items_purged_floors":[13],"is_endless":false,"potions_floor_spawned":[7,8,10,25,31,33,35,36,39,41,44,47,48],"killed_by":"Time Eater","ascension_level":8}