{"gold_per_floor":[16,16,16,16,31,60,60,85,85,85,101,112,112,14,14,115,115,129,129,129,139,171,171,5,37,37,37,51,25,45,59,59,59],"floor_reached":33,"playtime":3280,"items_purged":["Strike_B","Writhe"],"score":328,"play_id":"018b8697-9d4b-4e33-a1a0-541a759ea0c2","local_time":"20180807205930","is_ascension_mode":true,"campfire_choices":[{"floor":7,"key":"REST"},{"floor":10,"key":"REST"},{"data":"Buffer","floor":13,"key":"SMITH"},{"data":"Hologram","floor":15,"key":"SMITH"},{"floor":23,"key":"REST"},{"floor":27,"key":"REST"},{"floor":32,"key":"REST"}],"neow_cost":"NO_GOLD","seed_source_timestamp":189151315440301,"circlet_count":0,"master_deck":["Defend_B","Defend_B","Defend_B","Defend_B","Zap","Dualcast","Buffer+1","FTL","Defragment","Sunder","Glacier","Turbo","Hologram+1","Rebound","Seek","Hologram","Sweeping Beam","Chill","Capacitor","Coolheaded","Streamline","Beam Cell","Turbo","Electrodynamics","Sweeping Beam"],"relics":["Cracked Core","Du-Vu Doll","Regal Pillow","Smiling Mask","Empty Cage","Omamori","Red Mask","Vajra","Symbiotic Virus"],"potions_floor_usage":[6,16,21,22,25,25,31],"damage_taken":[{"damage":7,"enemies":"2 Louse","floor":1,"turns":3},{"damage":2,"enemies":"Jaw Worm","floor":5,"turns":3},{"damage":12,"enemies":"Lagavulin","floor":6,"turns":9},{"damage":21,"enemies":"3 Sentries","floor":8,"turns":6},{"damage":0,"enemies":"Cultist","floor":11,"turns":4},{"damage":0,"enemies":"Large Slime","floor":12,"turns":6},{"damage":24,"enemies":"The Guardian","floor":16,"turns":17},{"damage":0,"enemies":"Shell Parasite","floor":18,"turns":6},{"damage":7,"enemies":"3 Byrds","floor":21,"turns":5},{"damage":12,"floor":22,"turns":5},{"damage":37,"enemies":"Slavers","floor":25,"turns":11},{"damage":24,"enemies":"Cultist and Chosen","floor":28,"turns":6},{"damage":17,"enemies":"3 Cultists","floor":30,"turns":5},{"damage":12,"enemies":"Snake Plant","floor":31,"turns":5},{"damage":74,"enemies":"Collector","floor":33,"turns":12}],"seed_played":"5954683917048627287","potions_obtained":[{"floor":5,"key":"SkillPotion"},{"floor":6,"key":"SneckoOil"},{"floor":8,"key":"SpeedPotion"},{"floor":16,"key":"Swift Potion"},{"floor":21,"key":"Fire Potion"},{"floor":22,"key":"SteroidPotion"},{"floor":25,"key":"Dexterity Potion"},{"floor":31,"key":"SmokeBomb"}],"is_trial":false,"path_per_floor":["M","?","?","?","M","E","R","E","T","R","M","M","R","$","R","B",null,"M","?","?","M","?","R","$","E","T","R","M","$","M","M","R"],"character_chosen":"DEFECT","items_purchased":["Rebound","Capacitor","Coolheaded","Turbo"],"campfire_rested":5,"item_purchase_floors":[14,24,24,29],"current_hp_per_floor":[68,61,61,61,59,47,69,48,48,75,75,75,75,75,75,51,75,75,75,61,54,42,80,80,43,43,80,56,56,39,27,66,0],"gold":59,"neow_bonus":"THREE_RARE_CARDS","is_prod":false,"is_daily":false,"chose_seed":false,"campfire_upgraded":2,"win_rate":0,"timestamp":1533689970,"path_taken":["M","?","?","?","M","E","R","E","T","R","M","M","R","$","R","BOSS","M","?","?","M","?","R","?","E","T","R","M","$","M","M","R","BOSS"],"build_version":"2018-08-02","purchased_purges":2,"victory":false,"max_hp_per_floor":[75,75,75,75,75,75,75,75,75,75,75,75,75,75,75,75,75,75,75,80,80,80,80,80,80,80,80,80,80,80,80,80,80],"card_choices":[{"not_picked":["Biased Cognition","Creative AI"],"picked":"Buffer","floor":0},{"not_picked":["Barrage","Doom and Gloom"],"picked":"FTL","floor":1},{"not_picked":["BootSequence","Rebound"],"picked":"Defragment","floor":5},{"not_picked":["Rebound","Sweeping Beam"],"picked":"Sunder","floor":6},{"not_picked":["Gash","Thunder Strike"],"picked":"Glacier","floor":8},{"not_picked":["Lockon","Barrage"],"picked":"Turbo","floor":11},{"not_picked":["Recycle","Turbo"],"picked":"Hologram","floor":12},{"not_picked":["Hyperbeam","Fission"],"picked":"Seek","floor":16},{"not_picked":["Storm","Coolheaded"],"picked":"Hologram","floor":18},{"not_picked":["Cold Snap","Leap"],"picked":"Sweeping Beam","floor":21},{"not_picked":["Storm","Gash"],"picked":"Chill","floor":22},{"not_picked":["Stack+1","Turbo+1"],"picked":"Streamline","floor":25},{"not_picked":["Force Field","Cold Snap"],"picked":"Beam Cell","floor":28},{"not_picked":["Hologram","Beam Cell"],"picked":"Electrodynamics","floor":30},{"not_picked":["Barrage","Coolheaded+1"],"picked":"Sweeping Beam","floor":31}],"player_experience":1479425,"relics_obtained":[{"floor":6,"key":"Du-Vu Doll"},{"floor":8,"key":"Regal Pillow"},{"floor":9,"key":"Smiling Mask"},{"floor":22,"key":"Red Mask"},{"floor":25,"key":"Vajra"},{"floor":26,"key":"Symbiotic Virus"}],"event_choices":[{"event_name":"Golden Wing","player_choice":"Card Removal","floor":2,"damage_taken":0},{"event_name":"Liars Game","player_choice":"disagreed","floor":3,"damage_taken":0},{"event_name":"The Cleric","player_choice":"Leave","floor":4,"damage_taken":0},{"event_name":"The Mausoleum","player_choice":"Yes","floor":19,"damage_taken":0},{"event_name":"Forgotten Altar","player_choice":"Shed Blood","floor":20,"damage_taken":0},{"event_name":"Masked Bandits","player_choice":"Fought over 139 gold","floor":22,"damage_taken":0}],"is_beta":false,"boss_relics":[{"not_picked":["FrozenCore","Ectoplasm"],"picked":"Empty Cage"}],"items_purged_floors":[14,24],"is_endless":false,"potions_floor_spawned":[5,6,8,16,21,22,25,31],"killed_by":"Collector","ascension_level":4}