{"path_per_floor":["M","?","M","?","?","M","?","R","T","M","M","E","M","?","R","B",null,"M","M","?","?","?","R","E","R","T","M","M","M","?","$","R","B",null,"M","$","M","?","?","R"],"character_chosen":"THE_SILENT","items_purchased":["Dash","Caltrops","Secret Weapon","Dagger Spray","Die Die Die","Crippling Poison","Escape Plan","Caltrops"],"gold_per_floor":[113,113,126,126,126,149,149,149,149,173,191,230,253,253,253,382,382,407,427,342,342,432,432,476,476,503,521,542,561,561,199,199,328,328,343,47,61,0,0,0],"floor_reached":41,"campfire_rested":3,"playtime":13333,"current_hp_per_floor":[70,63,61,61,66,66,66,66,66,63,63,34,23,23,45,5,75,67,49,49,49,35,50,59,59,59,37,18,4,4,4,21,14,59,41,41,30,30,59,59],"items_purged":[],"gold":0,"play_id":"5cc771b9-2f52-4e83-acc9-464c80aecff5","is_prod":false,"is_daily":false,"is_ascension_mode":false,"campfire_upgraded":3,"path_taken":["M","?","M","?","?","M","?","R","T","M","?","E","M","?","R","BOSS","M","M","?","?","?","R","E","R","T","M","?","M","?","?","R","BOSS","M","$","M","?","?","R","E"],"build_version":"2018-02-01-PROD1","purchased_purges":0,"victory":false,"master_deck":["Defend_G","Defend_G","Defend_G","Defend_G","Survivor","Neutralize+1","Dagger Throw","PiercingWail","Noxious Fumes+1","All Out Attack","Deadly Poison","Bouncing Flask+1","Die Die Die","Venomology+1","Prepared+1","Outmaneuver+1","Madness","Madness","Madness","Madness","Madness","Flying Knee+1","Finisher","Leg Sweep","Acrobatics+1","Heel Hook","Dash","Caltrops","Secret Weapon","Dagger Spray","A Thousand Cuts","Prepared+1","Die Die Die","Crippling Poison","Escape Plan","Caltrops","Flying Knee+1"],"max_hp_per_floor":[70,70,70,70,75,75,75,75,75,75,75,75,75,75,75,75,75,75,75,75,52,52,52,59,59,59,59,59,59,59,59,59,59,59,59,59,59,59,59,59],"relics":["Ring of the Snake","Golden Idol","Snake Skull","Peace Pipe","Lizard Tail","Gremlin Horn","Strawberry","Lantern","Eternal Feather","Red Mask"],"card_choices":[{"not_picked":["Calculated Gamble","Escape Plan"],"picked":"Dagger Throw"},{"not_picked":["Backflip","Acrobatics"],"picked":"PiercingWail"},{"not_picked":["Deadly Poison","Predator"],"picked":"Noxious Fumes"},{"not_picked":["Deflect","Prepared"],"picked":"All Out Attack"},{"not_picked":["Dodge and Roll","Sucker Punch"],"picked":"Deadly Poison"},{"not_picked":["Dash","Well Laid Plans"],"picked":"Bouncing Flask"},{"not_picked":["All Out Attack","Dodge and Roll"],"picked":"Die Die Die"},{"not_picked":["Adrenaline","Doppelganger"],"picked":"Venomology"},{"not_picked":["Dodge and Roll","Dagger Throw"],"picked":"Prepared"},{"not_picked":["Sucker Punch","Prepared"],"picked":"Outmaneuver"},{"not_picked":["Outmaneuver","All Out Attack"],"picked":"Flying Knee"},{"not_picked":["Well Laid Plans","Quick Slash"],"picked":"Finisher"},{"not_picked":["Deflect","Deadly Poison"],"picked":"Leg Sweep"},{"not_picked":["Dodge and Roll","Prepared"],"picked":"Acrobatics"},{"not_picked":["Wraith Form","Burst"],"picked":"A Thousand Cuts"},{"not_picked":["PiercingWail","Sucker Punch"],"picked":"Prepared"},{"not_picked":["Heel Hook","Distraction"],"picked":"Flying Knee"}],"player_experience":15591,"potions_floor_usage":[41,41],"damage_taken":[{"damage":0.0,"enemies":"Cultist","floor":1.0,"turns":5.0},{"damage":2.0,"enemies":"2 Louse","floor":3.0,"turns":2.0},{"damage":0.0,"enemies":"Small Slimes","floor":6.0,"turns":5.0},{"damage":3.0,"enemies":"Looter","floor":10.0,"turns":3.0},{"damage":0.0,"enemies":"2 Fungi Beasts","floor":11.0,"turns":3.0},{"damage":29.0,"enemies":"3 Sentries","floor":12.0,"turns":5.0},{"damage":11.0,"enemies":"Large Slime","floor":13.0,"turns":6.0},{"damage":40.0,"enemies":"Slime Boss","floor":16.0,"turns":7.0},{"damage":8.0,"enemies":"Spheric Guardian","floor":18.0,"turns":4.0},{"damage":18.0,"enemies":"Shell Parasite","floor":19.0,"turns":5.0},{"damage":0.0,"enemies":"Gremlin Leader","floor":24.0,"turns":4.0},{"damage":28.0,"enemies":"Chosen and Byrds","floor":27.0,"turns":5.0},{"damage":27.0,"enemies":"Snake Plant","floor":28.0,"turns":4.0},{"damage":24.0,"enemies":"Sentry and Sphere","floor":29.0,"turns":5.0},{"damage":53.0,"enemies":"Collector","floor":33.0,"turns":8.0},{"damage":20.0,"enemies":"Orb Walker","floor":35.0,"turns":5.0},{"damage":13.0,"enemies":"3 Darklings","floor":37.0,"turns":4.0},{"damage":70,"enemies":"2 Orb Walkers","floor":41,"turns":4}],"event_choices":[{"event_name":"Golden Wing","player_choice":"Card Removal","floor":2.0,"damage_taken":0.0},{"event_name":"Golden Idol","player_choice":"Take Wound","floor":4.0,"damage_taken":0.0},{"event_name":"Big Fish","player_choice":"Donut","floor":5.0,"damage_taken":0.0},{"event_name":"Upgrade Shrine","player_choice":"Upgraded","floor":7.0,"damage_taken":0.0},{"event_name":"Fountain of Cleansing","player_choice":"Removed Curse","floor":14.0,"damage_taken":0.0},{"event_name":"Addict","player_choice":"Obtained Relic","floor":20.0,"damage_taken":0.0},{"event_name":"Vampires","player_choice":"Became a vampire","floor":21.0,"damage_taken":0.0},{"event_name":"Knowing Skull","player_choice":"GOLD ","floor":22.0,"damage_taken":0.0},{"event_name":"Match and Keep!","player_choice":"1 cards matched","floor":30.0,"damage_taken":0.0},{"event_name":"Match and Keep!","player_choice":"1 cards matched","floor":30.0,"damage_taken":0.0},{"event_name":"Tomb of Lord Red Mask","player_choice":"Paid","floor":38.0,"damage_taken":0.0},{"event_name":"Wheel of Change","player_choice":"Full Heal","floor":39.0,"damage_taken":0.0}],"boss_relics":[],"potions_floor_spawned":[1,6,12,19,29,35],"seed_played":"9214955954022122984","killed_by":"2 Orb Walkers","ascension_level":0,"is_trial":false}