{"gold_per_floor":[115,133,146,159,159,194,194,230,254,254,287,23,57,73,73,167,167,192,15,15,38,38,78,78,94,119,119,162,176,200,224,224,315,315,331,77,92,115,35,35,56,56,56,107,138,185,197,44,44,44,44],"floor_reached":51,"playtime":19747,"items_purged":["Strike_R","Regret","Parasite"],"score":1504,"play_id":"5256ad5c-4f36-43c8-8b09-2e9ee97d64a5","local_time":"20190817172344","is_ascension_mode":true,"campfire_choices":[{"data":"Armaments","floor":7,"key":"SMITH"},{"floor":10,"key":"REST"},{"floor":15,"key":"REST"},{"floor":24,"key":"REST"},{"data":"Clothesline","floor":27,"key":"SMITH"},{"floor":32,"key":"REST"},{"floor":40,"key":"REST"},{"floor":42,"key":"REST"},{"floor":47,"key":"REST"},{"floor":49,"key":"REST"}],"neow_cost":"NONE","seed_source_timestamp":646276515712680,"circlet_count":0,"master_deck":["AscendersBane","Strike_R","Strike_R","Strike_R","Strike_R","Defend_R","Defend_R","Defend_R","Defend_R","Bash","Feed","Power Through","Armaments+1","Combust","Evolve","Metallicize","Metallicize","Reaper","Clothesline+1","Dark Shackles","Inflame","Combust","Bludgeon","Power Through+1","Flame Barrier+1","Fiend Fire","Reaper","Pommel Strike+1","Metallicize","Warcry+1","Power Through"],"relics":["Burning Blood","Golden Idol","Pear","Bag of Preparation","Blood Vial","Red Skull","Mummified Hand","Omamori","Sozu","Nilry\u0027s Codex","Bottled Flame","Anchor","Calling Bell","Centennial Puzzle","Matryoshka","Nunchaku","MawBank","The Courier","PreservedInsect","Oddly Smooth Stone"],"potions_floor_usage":[6,11,13,13,16],"damage_taken":[{"damage":12,"enemies":"Cultist","floor":1,"turns":4},{"damage":7,"enemies":"Small Slimes","floor":2,"turns":3},{"damage":13,"enemies":"2 Louse","floor":3,"turns":4},{"damage":10,"enemies":"Gremlin Gang","floor":4,"turns":7},{"damage":34,"enemies":"Gremlin Nob","floor":6,"turns":4},{"damage":16,"enemies":"3 Sentries","floor":8,"turns":8},{"damage":13,"enemies":"Gremlin Nob","floor":11,"turns":4},{"damage":28,"enemies":"Lagavulin","floor":13,"turns":8},{"damage":9,"enemies":"2 Fungi Beasts","floor":14,"turns":3},{"damage":43,"enemies":"Slime Boss","floor":16,"turns":11},{"damage":22,"enemies":"3 Byrds","floor":18,"turns":7},{"damage":16,"enemies":"Chosen","floor":21,"turns":6},{"damage":18,"enemies":"Book of Stabbing","floor":23,"turns":5},{"damage":28,"enemies":"Centurion and Healer","floor":25,"turns":5},{"damage":14,"enemies":"Slavers","floor":28,"turns":5},{"damage":37,"enemies":"Shelled Parasite and Fungi","floor":29,"turns":5},{"damage":19,"enemies":"Cultist and Chosen","floor":30,"turns":5},{"damage":10,"enemies":"Centurion and Healer","floor":31,"turns":5},{"damage":98,"enemies":"Collector","floor":33,"turns":12},{"damage":15,"enemies":"3 Shapes","floor":35,"turns":7},{"damage":19,"enemies":"Orb Walker","floor":37,"turns":5},{"damage":31,"enemies":"Writhing Mass","floor":38,"turns":8},{"damage":57,"enemies":"Transient","floor":41,"turns":6},{"damage":83,"enemies":"Reptomancer","floor":44,"turns":8},{"damage":34,"enemies":"Sphere and 2 Shapes","floor":45,"turns":8},{"damage":31,"enemies":"Nemesis","floor":46,"turns":7},{"damage":108,"enemies":"Donu and Deca","floor":50,"turns":13},{"damage":16,"enemies":"Time Eater","floor":51,"turns":2}],"seed_played":"-1421553413509022715","potions_obtained":[{"floor":3,"key":"PowerPotion"},{"floor":4,"key":"SpeedPotion"},{"floor":8,"key":"SteroidPotion"},{"floor":11,"key":"Fire Potion"},{"floor":14,"key":"LiquidBronze"}],"is_trial":false,"path_per_floor":["M","M","M","M","?","E","R","E","T","R","E","$","E","M","R","B",null,"M","$","?","M","?","E","R","M","T","R","E","M","M","M","R","B",null,"M","$","M","M","$","R","M","R","T","E","M","E","R","$","R","B","B"],"character_chosen":"IRONCLAD","items_purchased":["Mummified Hand","Dark Shackles","Reaper","Metallicize","Power Through"],"campfire_rested":8,"item_purchase_floors":[12,19,36,39,48],"current_hp_per_floor":[65,67,63,62,62,44,44,37,37,64,59,59,39,38,65,33,80,76,76,55,55,45,50,81,74,74,74,83,54,43,51,84,23,90,83,83,78,62,62,95,56,89,89,42,47,33,67,67,100,10,0],"gold":44,"neow_bonus":"ONE_RANDOM_RARE_CARD","is_prod":false,"is_daily":false,"chose_seed":false,"campfire_upgraded":2,"win_rate":0,"timestamp":1566077024,"path_taken":["M","M","M","M","?","E","R","E","T","R","E","$","E","M","R","BOSS","M","$","?","M","?","E","R","M","T","R","E","M","M","M","R","BOSS","M","$","M","M","$","R","M","R","T","E","?","E","R","$","R","BOSS","BOSS"],"build_version":"2019-01-23","purchased_purges":3,"victory":false,"max_hp_per_floor":[78,81,84,87,79,89,89,92,92,92,92,92,92,92,92,95,95,98,98,98,102,102,106,106,109,109,109,112,112,112,112,112,112,112,112,112,112,112,112,112,112,112,112,112,115,115,115,112,112,112,112],"card_choices":[{"not_picked":["Heavy Blade","Feel No Pain","Rupture"],"picked":"SKIP","floor":1},{"not_picked":["Warcry","Clothesline"],"picked":"Power Through","floor":2},{"not_picked":["Anger","Havoc"],"picked":"Armaments","floor":3},{"not_picked":["Power Through","Dual Wield"],"picked":"Combust","floor":4},{"not_picked":["Iron Wave","Intimidate"],"picked":"Evolve","floor":6},{"not_picked":["Thunderclap","Shrug It Off"],"picked":"Metallicize","floor":8},{"not_picked":["Havoc","Feel No Pain","Flex"],"picked":"SKIP","floor":11},{"not_picked":["Havoc","Feel No Pain","Flex"],"picked":"SKIP","floor":11},{"not_picked":["Seeing Red","Reckless Charge"],"picked":"Metallicize","floor":13},{"not_picked":["Evolve","Clash","Second Wind"],"picked":"SKIP","floor":14},{"not_picked":["Limit Break","Offering"],"picked":"Reaper","floor":16},{"not_picked":["Twin Strike","Perfected Strike"],"picked":"Clothesline","floor":18},{"not_picked":["Thunderclap","Rampage"],"picked":"Inflame","floor":21},{"not_picked":["Wild Strike","Pommel Strike"],"picked":"Combust","floor":23},{"not_picked":["Wild Strike","Corruption","Feel No Pain"],"picked":"SKIP","floor":25},{"not_picked":["Cleave","Spot Weakness"],"picked":"Bludgeon","floor":28},{"not_picked":["Perfected Strike","Anger"],"picked":"Power Through+1","floor":29},{"not_picked":["Corruption+1","Seeing Red"],"picked":"Flame Barrier+1","floor":30},{"not_picked":["Perfected Strike","Havoc","Anger"],"picked":"SKIP","floor":31},{"not_picked":["Berserk","Bludgeon"],"picked":"Fiend Fire","floor":33},{"not_picked":["Clash+1","Anger","Flex+1"],"picked":"SKIP","floor":35},{"not_picked":["Sever Soul","Headbutt"],"picked":"Pommel Strike+1","floor":37},{"not_picked":["Body Slam","Sever Soul","Pommel Strike"],"picked":"SKIP","floor":38},{"not_picked":["Uppercut","Corruption"],"picked":"Warcry+1","floor":41},{"not_picked":["True Grit","Havoc","Twin Strike+1"],"picked":"SKIP","floor":44},{"not_picked":["Dropkick+1","Clothesline","Bludgeon"],"picked":"SKIP","floor":45},{"not_picked":["Seeing Red","Sever Soul","Flame Barrier"],"picked":"SKIP","floor":46}],"player_experience":2800339,"relics_obtained":[{"floor":6,"key":"Pear"},{"floor":8,"key":"Bag of Preparation"},{"floor":9,"key":"Blood Vial"},{"floor":11,"key":"Red Skull"},{"floor":13,"key":"Omamori"},{"floor":20,"key":"Nilry\u0027s Codex"},{"floor":23,"key":"Bottled Flame"},{"floor":28,"key":"Anchor"},{"floor":34,"key":"Centennial Puzzle"},{"floor":34,"key":"Matryoshka"},{"floor":34,"key":"Nunchaku"},{"floor":43,"key":"MawBank"},{"floor":43,"key":"The Courier"},{"floor":44,"key":"PreservedInsect"},{"floor":46,"key":"Oddly Smooth Stone"}],"event_choices":[{"damage_healed":0,"gold_gain":0,"player_choice":"Lose Max HP","damage_taken":0,"relics_obtained":["Golden Idol"],"max_hp_gain":0,"max_hp_loss":8,"event_name":"Golden Idol","floor":5,"gold_loss":0},{"damage_healed":0,"gold_gain":0,"player_choice":"Obtained Book","damage_taken":21,"max_hp_gain":0,"max_hp_loss":0,"event_name":"Cursed Tome","floor":20,"gold_loss":0},{"damage_healed":0,"gold_gain":0,"player_choice":"","damage_taken":10,"max_hp_gain":0,"max_hp_loss":0,"event_name":"Knowing Skull","floor":22,"potions_obtained":[],"gold_loss":0,"cards_obtained":[]}],"is_beta":false,"boss_relics":[{"not_picked":["Busted Crown","Philosopher\u0027s Stone"],"picked":"Sozu"},{"not_picked":["Cursed Key","Runic Dome"],"picked":"Calling Bell"}],"items_purged_floors":[19,36,48],"is_endless":false,"potions_floor_spawned":[3,4,8,11,14,28,29,33,37,44],"killed_by":"Time Eater","ascension_level":20}