{"gold_per_floor":[20,20,40,60,60,60,4,35,35,35,58,71,92,131,131,220,220,233,233,233,244,159,184,184,216,242,242,255,282,293,313,313,313],"floor_reached":33,"playtime":2453,"items_purged":[],"score":634,"play_id":"99cc7186-182f-4934-9ace-f3877bee5e46","local_time":"20190824154925","is_ascension_mode":true,"campfire_choices":[{"data":"Whirlwind","floor":6.0,"key":"SMITH"},{"data":"Blood for Blood","floor":10.0,"key":"SMITH"},{"floor":15.0,"key":"REST"},{"floor":24.0,"key":"REST"},{"floor":27.0,"key":"REST"},{"floor":32,"key":"REST"}],"neow_cost":"NO_GOLD","seed_source_timestamp":753941874919970,"circlet_count":0,"master_deck":["AscendersBane","Strike_R+1","Strike_R+1","Strike_R+1","Strike_R+1","Strike_R+1","Defend_R+1","Defend_R+1","Defend_R+1","Defend_R+1","Bash","Reckless Charge","Sword Boomerang","Whirlwind+1","Blood for Blood+1","Double Tap+1","Carnage","Bloodletting+1","Rampage","Impervious+1","Thunderclap","Metallicize","Intimidate+1","Shrug It Off+1","Warcry+1","Warcry+1","Clothesline","Evolve","Body Slam+1","Rupture+1","Rage+1"],"special_seed":0,"relics":["Burning Blood","Bloody Idol","Orichalcum","Toxic Egg 2","Dream Catcher","Velvet Choker","Unceasing Top","The Courier","Mummified Hand","Happy Flower","Anchor"],"potions_floor_usage":[30,33],"damage_taken":[{"damage":4.0,"enemies":"Small Slimes","floor":1.0,"turns":4.0},{"damage":7.0,"enemies":"Jaw Worm","floor":3.0,"turns":4.0},{"damage":5.0,"enemies":"2 Louse","floor":4.0,"turns":3.0},{"damage":35.0,"enemies":"3 Sentries","floor":8.0,"turns":7.0},{"damage":6.0,"enemies":"Exordium Wildlife","floor":11.0,"turns":2.0},{"damage":8.0,"enemies":"Blue Slaver","floor":12.0,"turns":3.0},{"damage":5.0,"enemies":"Looter","floor":13.0,"turns":2.0},{"damage":25.0,"enemies":"Gremlin Nob","floor":14.0,"turns":4.0},{"damage":59.0,"enemies":"The Guardian","floor":16.0,"turns":11.0},{"damage":21.0,"enemies":"2 Thieves","floor":18.0,"turns":3.0},{"damage":6.0,"enemies":"Spheric Guardian","floor":21.0,"turns":3.0},{"damage":53.0,"enemies":"Book of Stabbing","floor":23.0,"turns":5.0},{"damage":9.0,"enemies":"Slavers","floor":25.0,"turns":2.0},{"damage":12,"enemies":"Chosen and Byrds","floor":28,"turns":5},{"damage":37,"enemies":"Gremlin Leader","floor":29,"turns":7},{"damage":16,"enemies":"Snake Plant","floor":30,"turns":4},{"damage":21,"enemies":"3 Cultists","floor":31,"turns":5},{"damage":80,"enemies":"Collector","floor":33,"turns":8}],"seed_played":"9038297957885875336","potions_obtained":[{"floor":1.0,"key":"Ancient Potion"},{"floor":8.0,"key":"BloodPotion"},{"floor":11.0,"key":"Regen Potion"},{"floor":13.0,"key":"SpeedPotion"},{"floor":16.0,"key":"BloodPotion"},{"floor":18.0,"key":"Explosive Potion"},{"floor":21.0,"key":"Fire Potion"},{"floor":29,"key":"BloodPotion"},{"floor":30,"key":"Dexterity Potion"}],"is_trial":false,"path_per_floor":["M","?","M","M","?","R","$","E","T","R","M","M","M","E","R","B",null,"M","?","?","M","?","E","R","E","T","R","M","E","M","M","R","B"],"character_chosen":"IRONCLAD","items_purchased":["Poison Potion"],"campfire_rested":4,"item_purchase_floors":[7],"current_hp_per_floor":[84,84,83,84,81,81,81,52,52,52,60,58,59,40,64,26,67,60,60,60,65,65,23,47,49,54,78,77,51,54,44,68,0],"gold":313,"neow_bonus":"TWENTY_PERCENT_HP_BONUS","is_prod":false,"is_daily":false,"chose_seed":false,"campfire_upgraded":2,"win_rate":0,"timestamp":1566676165,"path_taken":["M","?","M","M","?","R","$","E","T","R","M","M","M","E","R","BOSS","M","?","?","?","?","E","R","E","T","R","M","E","M","M","R","BOSS"],"build_version":"2019-01-23","purchased_purges":0,"victory":false,"max_hp_per_floor":[89,89,89,89,81,81,81,81,81,81,81,81,81,81,81,81,81,81,81,81,81,81,81,81,81,81,81,81,81,81,81,81,81],"card_choices":[{"not_picked":["Heavy Blade","Clash"],"picked":"Reckless Charge","floor":1.0},{"not_picked":["Warcry","Body Slam"],"picked":"Sword Boomerang","floor":3.0},{"not_picked":["Warcry","True Grit"],"picked":"Whirlwind","floor":4.0},{"not_picked":["Dropkick","Havoc"],"picked":"Blood for Blood","floor":8.0},{"not_picked":["Sentinel+1","Dropkick"],"picked":"Double Tap+1","floor":11.0},{"not_picked":["Havoc+1","Metallicize"],"picked":"Carnage","floor":12.0},{"not_picked":["Rampage","Cleave"],"picked":"Bloodletting+1","floor":13.0},{"not_picked":["Perfected Strike","Heavy Blade"],"picked":"Rampage","floor":14.0},{"not_picked":["Double Tap+1","Juggernaut"],"picked":"Impervious+1","floor":16.0},{"not_picked":["Havoc+1","Carnage"],"picked":"Thunderclap","floor":18.0},{"not_picked":["Dropkick","Burning Pact+1"],"picked":"Metallicize","floor":21.0},{"not_picked":["Feel No Pain","Second Wind+1"],"picked":"Intimidate+1","floor":23.0},{"not_picked":["Wild Strike","Inflame"],"picked":"Shrug It Off+1","floor":24.0},{"not_picked":["Berserk","Sentinel+1"],"picked":"Warcry+1","floor":25.0},{"not_picked":["Clash","Havoc+1"],"picked":"Warcry+1","floor":27.0},{"not_picked":["Shrug It Off+1","Thunderclap"],"picked":"Clothesline","floor":28},{"not_picked":["Havoc+1","Perfected Strike"],"picked":"Evolve","floor":29},{"not_picked":["Hemokinesis","Sever Soul"],"picked":"Body Slam+1","floor":30},{"not_picked":["Evolve","Havoc+1"],"picked":"Rupture+1","floor":31},{"not_picked":["Anger","Rampage"],"picked":"Rage+1","floor":32}],"player_experience":2839146,"relics_obtained":[{"floor":8.0,"key":"Orichalcum"},{"floor":9.0,"key":"Toxic Egg 2"},{"floor":14.0,"key":"Dream Catcher"},{"floor":23.0,"key":"The Courier"},{"floor":25.0,"key":"Mummified Hand"},{"floor":26.0,"key":"Happy Flower"},{"floor":29,"key":"Anchor"}],"event_choices":[{"damage_healed":0.0,"max_hp_gain":0.0,"max_hp_loss":0.0,"gold_gain":0.0,"event_name":"The Cleric","player_choice":"Leave","floor":2.0,"gold_loss":0.0,"damage_taken":0.0},{"damage_healed":0.0,"max_hp_gain":0.0,"max_hp_loss":8.0,"gold_gain":0.0,"event_name":"Golden Idol","player_choice":"Lose Max HP","floor":5.0,"gold_loss":0.0,"damage_taken":0.0,"relics_obtained":["Golden Idol"]},{"damage_healed":0.0,"max_hp_gain":0.0,"max_hp_loss":0.0,"gold_gain":0.0,"event_name":"Forgotten Altar","player_choice":"Gave Idol","floor":19.0,"relics_lost":["Golden Idol"],"gold_loss":0.0,"damage_taken":0.0,"relics_obtained":["Bloody Idol"]},{"damage_healed":0.0,"max_hp_gain":0.0,"max_hp_loss":0.0,"gold_gain":0.0,"event_name":"Back to Basics","player_choice":"Simplicity","floor":20.0,"gold_loss":0.0,"damage_taken":0.0,"cards_upgraded":["Strike_R","Strike_R","Strike_R","Strike_R","Strike_R","Defend_R","Defend_R","Defend_R","Defend_R"]},{"damage_healed":0.0,"max_hp_gain":0.0,"max_hp_loss":0.0,"gold_gain":0.0,"event_name":"Addict","player_choice":"Obtained Relic","floor":22.0,"gold_loss":85.0,"damage_taken":0.0,"relics_obtained":["Unceasing Top"]}],"is_beta":false,"boss_relics":[{"not_picked":["Coffee Dripper","White Beast Statue"],"picked":"Velvet Choker"}],"items_purged_floors":[],"is_endless":false,"potions_floor_spawned":[1,8,11,13,16,18,21,29,30],"killed_by":"Collector","ascension_level":20}