{"gold_per_floor":[145,145,145,163,173,173,203,203,274,19,33,48,48],"floor_reached":13,"playtime":473,"items_purged":[],"score":98,"play_id":"2272fd89-4513-492a-a79f-3c9674cac1c8","local_time":"20191004085815","is_ascension_mode":true,"campfire_choices":[{"floor":6,"key":"RECALL"},{"floor":8,"key":"REST"}],"neow_cost":"NONE","seed_source_timestamp":47613305074815,"circlet_count":0,"master_deck":["Strike_B","Strike_B","Strike_B","Strike_B","Defend_B","Defend_B","Defend_B","Defend_B","Zap","Dualcast","Conserve Battery","White Noise","Steam","Echo Form","BootSequence","Gash"],"relics":["Cracked Core","Tiny Chest","Darkstone Periapt","Bottled Lightning","Bottled Tornado"],"potions_floor_usage":[7],"damage_taken":[{"damage":15,"enemies":"Small Slimes","floor":1,"turns":4},{"damage":1,"enemies":"Jaw Worm","floor":4,"turns":4},{"damage":7,"enemies":"2 Louse","floor":5,"turns":2},{"damage":25,"enemies":"Gremlin Nob","floor":7,"turns":5},{"damage":33,"enemies":"Exordium Wildlife","floor":11,"turns":6},{"damage":15,"enemies":"Gremlin Gang","floor":12,"turns":7},{"damage":1,"enemies":"3 Louse","floor":13,"turns":1}],"seed_played":"-9178233054255007957","potions_obtained":[{"floor":4,"key":"SteroidPotion"},{"floor":7,"key":"Weak Potion"},{"floor":11,"key":"SpeedPotion"}],"is_trial":false,"path_per_floor":["M","?","T","M","M","R","E","R","T","$","M","M","M"],"character_chosen":"DEFECT","items_purchased":["Bottled Tornado"],"campfire_rested":1,"item_purchase_floors":[10],"current_hp_per_floor":[60,60,60,59,52,52,27,49,49,49,16,1,0],"gold":48,"neow_bonus":"RANDOM_COMMON_RELIC","is_prod":false,"is_daily":false,"chose_seed":false,"campfire_upgraded":0,"win_rate":0,"timestamp":1570190295,"path_taken":["M","?","?","M","M","R","E","R","T","$","M","M","M"],"build_version":"2019-10-03","purchased_purges":0,"victory":false,"max_hp_per_floor":[75,75,75,75,75,75,75,75,75,75,75,75,75],"card_choices":[{"not_picked":["Go for the Eyes","Hello World"],"picked":"Conserve Battery","floor":1},{"not_picked":["Redo","Compile Driver"],"picked":"White Noise","floor":4},{"not_picked":["Gash","Recycle"],"picked":"Steam","floor":5},{"not_picked":["Coolheaded","Conserve Battery"],"picked":"Echo Form","floor":7},{"not_picked":["Barrage","Tempest"],"picked":"BootSequence","floor":11},{"not_picked":["Steam Power","Redo"],"picked":"Gash","floor":12}],"player_experience":434845,"relics_obtained":[{"floor":7,"key":"Darkstone Periapt"},{"floor":9,"key":"Bottled Lightning"}],"event_choices":[{"damage_healed":0,"gold_gain":0,"player_choice":"Ignored","damage_taken":0,"max_hp_gain":0,"max_hp_loss":0,"event_name":"Golden Wing","floor":2,"gold_loss":0}],"is_beta":true,"boss_relics":[],"items_purged_floors":[],"is_endless":false,"potions_floor_spawned":[4,7,11],"killed_by":"3 Louse","ascension_level":3}