{"gold_per_floor":[113,40,0,10,26,26,56,56,56,75,128,128,57,92,92,92],"floor_reached":16,"playtime":851,"items_purged":[],"score":98,"play_id":"4fe6ef7c-3563-48d9-ad00-3c271ac7fc30","local_time":"20190726124921","is_ascension_mode":false,"campfire_choices":[{"data":"Streamline","floor":6,"key":"SMITH"},{"floor":8,"key":"REST"},{"floor":15,"key":"REST"}],"neow_cost":"NONE","seed_source_timestamp":97469555482582,"circlet_count":0,"master_deck":["Strike_B","Strike_B","Strike_B","Strike_B","Defend_B","Defend_B","Defend_B","Defend_B","Zap","Dualcast","Leap","Rip and Tear","Streamline+1","Leap","Undo","Leap","Sweeping Beam","Hologram","Redo"],"relics":["Cracked Core","Centennial Puzzle","Odd Mushroom","Cables","Juzu Bracelet"],"potions_floor_usage":[10,16],"damage_taken":[{"damage":2,"enemies":"Small Slimes","floor":1,"turns":3},{"damage":1,"enemies":"Jaw Worm","floor":4,"turns":2},{"damage":0,"enemies":"2 Louse","floor":5,"turns":2},{"damage":14,"enemies":"The Mushroom Lair","floor":7,"turns":5},{"damage":0,"enemies":"Gremlin Gang","floor":10,"turns":2},{"damage":28,"enemies":"Gremlin Nob","floor":14,"turns":4},{"damage":77,"enemies":"Hexaghost","floor":16,"turns":15}],"seed_played":"-8014897091551854944","potions_obtained":[{"floor":4,"key":"Explosive Potion"},{"floor":5,"key":"SpeedPotion"}],"is_trial":false,"path_per_floor":["M","$","?","M","M","R","?","R","T","M","?","?","$","E","R","B"],"character_chosen":"DEFECT","items_purchased":["Rip and Tear","Sweeping Beam","Hologram"],"campfire_rested":2,"item_purchase_floors":[2,13,13],"current_hp_per_floor":[73,73,73,72,72,72,58,75,75,75,75,75,75,47,69,0],"gold":92,"neow_bonus":"RANDOM_COMMON_RELIC","is_prod":false,"is_daily":false,"chose_seed":false,"campfire_upgraded":1,"win_rate":0.0,"timestamp":1564156161,"path_taken":["M","$","?","M","M","R","?","R","T","M","?","?","$","E","R","BOSS"],"build_version":"2019-07-17","purchased_purges":0,"victory":false,"max_hp_per_floor":[75,75,75,75,75,75,75,75,75,75,75,75,75,75,75,75],"card_choices":[{"not_picked":["Sweeping Beam","Stack"],"picked":"Leap","floor":1},{"not_picked":["Beam Cell","Rebound"],"picked":"Streamline","floor":4},{"not_picked":["Storm","Beam Cell"],"picked":"Leap","floor":5},{"not_picked":["Go for the Eyes","Heatsinks"],"picked":"Undo","floor":7},{"not_picked":["FTL","Steam"],"picked":"Buffer","floor":10},{"not_picked":["Leap","Skim"],"picked":"Redo","floor":14}],"player_experience":229329,"relics_obtained":[{"floor":7,"key":"Odd Mushroom"},{"floor":9,"key":"Cables"},{"floor":14,"key":"Juzu Bracelet"}],"event_choices":[{"damage_healed":0,"gold_gain":0,"player_choice":"Left Gold","damage_taken":0,"max_hp_gain":0,"max_hp_loss":0,"event_name":"World of Goop","floor":3,"gold_loss":40},{"damage_healed":0,"gold_gain":0,"player_choice":"Fought Mushrooms","damage_taken":0,"max_hp_gain":0,"max_hp_loss":0,"event_name":"Mushrooms","floor":7,"gold_loss":0},{"damage_healed":0,"gold_gain":53,"player_choice":"Gained Gold","damage_taken":0,"max_hp_gain":0,"max_hp_loss":0,"event_name":"Golden Wing","floor":11,"gold_loss":0},{"damage_healed":0,"gold_gain":0,"cards_transformed":["Buffer"],"player_choice":"Transformed","damage_taken":0,"max_hp_gain":0,"max_hp_loss":0,"event_name":"Transmorgrifier","floor":12,"gold_loss":0,"cards_obtained":["Leap"]}],"is_beta":false,"boss_relics":[],"items_purged_floors":[],"is_endless":false,"potions_floor_spawned":[4,5],"killed_by":"Hexaghost","ascension_level":0}