{"gold_per_floor":[115,134,148,223,33,33,65,65,88,88,108,29,50,50],"floor_reached":14,"playtime":1111,"items_purged":[],"score":145,"play_id":"42d672dc-6a65-45a6-b1ae-97ee12bc99c4","local_time":"20181215161224","is_ascension_mode":true,"campfire_choices":[{"floor":6,"key":"REST"},{"floor":8,"key":"REST"},{"data":"Neutralize","floor":10,"key":"SMITH"}],"neow_cost":"NONE","seed_source_timestamp":959148008261653,"circlet_count":0,"master_deck":["AscendersBane","Defend_G","Defend_G","Defend_G","Defend_G","Defend_G","Strike_G","Strike_G","Strike_G","Strike_G","Strike_G","Survivor","Neutralize+1","Envenom","Blur","Catalyst","Footwork","Infinite Blades","Bane","Choke","Deadly Poison"],"relics":["Ring of the Snake","OrangePellets","Blood Vial","Odd Mushroom"],"potions_floor_usage":[7,7,14],"damage_taken":[{"damage":7,"enemies":"Small Slimes","floor":1,"turns":6},{"damage":3,"enemies":"Jaw Worm","floor":2,"turns":9},{"damage":0,"enemies":"2 Louse","floor":3,"turns":4},{"damage":24,"enemies":"3 Sentries","floor":7,"turns":16},{"damage":26,"enemies":"Exordium Wildlife","floor":11,"turns":8},{"damage":37,"enemies":"The Mushroom Lair","floor":13,"turns":7},{"damage":17,"enemies":"Red Slaver","floor":14,"turns":5}],"seed_played":"7958092317525173429","potions_obtained":[{"floor":1,"key":"SpeedPotion"},{"floor":2,"key":"Poison Potion"},{"floor":3,"key":"SkillPotion"},{"floor":13,"key":"GamblersBrew"}],"is_trial":false,"path_per_floor":["M","M","M","?","$","R","E","R","T","R","M","$","?","M"],"character_chosen":"THE_SILENT","items_purchased":["OrangePellets","Choke"],"campfire_rested":2,"item_purchase_floors":[5,12],"current_hp_per_floor":[56,53,53,42,42,63,39,60,60,60,36,36,1,0],"gold":50,"neow_bonus":"ONE_RANDOM_RARE_CARD","is_prod":false,"is_daily":false,"chose_seed":false,"campfire_upgraded":1,"win_rate":0,"timestamp":1544908344,"path_taken":["M","M","M","?","$","R","E","R","T","R","M","$","?","M"],"build_version":"2018-12-13","purchased_purges":0,"victory":false,"max_hp_per_floor":[70,70,70,70,70,70,70,70,70,70,70,70,70,70],"card_choices":[{"not_picked":["Reflex","Caltrops"],"picked":"Blur","floor":1},{"not_picked":["Caltrops","Setup"],"picked":"Catalyst","floor":2},{"not_picked":["Bane","Acrobatics"],"picked":"Footwork","floor":3},{"not_picked":["Finisher","Backflip"],"picked":"Infinite Blades","floor":7},{"not_picked":["Deflect","Backstab"],"picked":"Bane","floor":11},{"not_picked":["Dagger Throw","PiercingWail"],"picked":"Deadly Poison","floor":13}],"player_experience":2064375,"relics_obtained":[{"floor":7,"key":"Blood Vial"},{"floor":13,"key":"Odd Mushroom"}],"event_choices":[{"damage_healed":0,"gold_gain":75,"player_choice":"Gather Gold","damage_taken":11,"max_hp_gain":0,"max_hp_loss":0,"event_name":"World of Goop","floor":4,"gold_loss":0},{"damage_healed":0,"gold_gain":0,"player_choice":"Fought Mushrooms","damage_taken":0,"max_hp_gain":0,"max_hp_loss":0,"event_name":"Mushrooms","floor":13,"gold_loss":0}],"is_beta":false,"boss_relics":[],"items_purged_floors":[],"is_endless":false,"potions_floor_spawned":[1,2,3,13],"killed_by":"Red Slaver","ascension_level":13}