{"gold_per_floor":[109,59,76,4,15,15,46,46,70,70,100,115,131,131,131,228,228,211,227,227,37,37,37,37],"floor_reached":24,"playtime":1976,"items_purged":[],"score":275,"play_id":"2b01956e-0481-4176-b540-dca2b046485d","local_time":"20180902182215","is_ascension_mode":true,"campfire_choices":[{"floor":6,"key":"REST"},{"data":"Neutralize","floor":8,"key":"SMITH"},{"data":"A Thousand Cuts","floor":10,"key":"SMITH"},{"floor":15,"key":"REST"},{"floor":23,"key":"REST"}],"neow_cost":"NONE","seed_source_timestamp":394774945795988,"circlet_count":0,"master_deck":["Defend_G+1","Defend_G","Defend_G","Defend_G+1","Defend_G","Strike_G","Strike_G","Strike_G","Strike_G","Survivor","Neutralize+1","A Thousand Cuts+1","Finisher","Flying Knee","Outmaneuver","Infinite Blades","Quick Slash","Deflect","Escape Plan","Blade Dance","Burst","Expertise","Blur+1","Blade Dance","Die Die Die"],"relics":["Ring of the Snake","Blood Vial","War Paint","HoveringKite","Nloth\u0027s Gift","Nilry\u0027s Codex"],"potions_floor_usage":[16,16],"damage_taken":[{"damage":4,"enemies":"Small Slimes","floor":1,"turns":4},{"damage":6,"enemies":"Jaw Worm","floor":3,"turns":7},{"damage":4,"enemies":"Cultist","floor":5,"turns":3},{"damage":12,"enemies":"Lagavulin","floor":7,"turns":6},{"damage":22,"enemies":"3 Sentries","floor":11,"turns":4},{"damage":4,"enemies":"Exordium Wildlife","floor":12,"turns":5},{"damage":1,"enemies":"3 Louse","floor":13,"turns":3},{"damage":1,"enemies":"Slime Boss","floor":16,"turns":8},{"damage":10,"enemies":"2 Thieves","floor":18,"turns":4},{"damage":0,"enemies":"Chosen","floor":19,"turns":3},{"damage":70,"enemies":"Book of Stabbing","floor":24,"turns":8}],"seed_played":"-768547369487091700","potions_obtained":[{"floor":11,"key":"Energy Potion"},{"floor":13,"key":"Block Potion"},{"floor":18,"key":"SteroidPotion"}],"is_trial":false,"path_per_floor":["M","?","M","$","M","R","E","R","T","R","E","M","M","?","R","B",null,"M","M","?","$","?","R"],"character_chosen":"THE_SILENT","items_purchased":["Flying Knee","Outmaneuver","Blade Dance","Die Die Die"],"campfire_rested":3,"item_purchase_floors":[4,4,21,21],"current_hp_per_floor":[59,59,53,53,49,70,58,58,58,58,38,36,37,37,58,59,67,59,61,61,61,45,66,0],"gold":37,"neow_bonus":"ONE_RANDOM_RARE_CARD","is_prod":false,"is_daily":false,"chose_seed":false,"campfire_upgraded":2,"win_rate":0,"timestamp":1535926935,"path_taken":["M","?","M","$","M","R","E","R","T","R","E","M","M","?","R","BOSS","M","M","?","$","?","R","E"],"build_version":"2018-08-23v2","purchased_purges":0,"victory":false,"max_hp_per_floor":[70,70,70,70,70,70,70,70,70,70,70,70,70,70,70,70,70,70,70,70,70,70,70,70],"card_choices":[{"not_picked":["Acrobatics","Heel Hook","Underhanded Strike"],"picked":"SKIP","floor":1},{"not_picked":["Acrobatics","Dagger Spray"],"picked":"Finisher","floor":3},{"not_picked":["Bane","Predator"],"picked":"Infinite Blades","floor":5},{"not_picked":["Eviscerate","Acrobatics"],"picked":"Quick Slash","floor":7},{"not_picked":["Acrobatics","Bane"],"picked":"Deflect","floor":11},{"not_picked":["Sucker Punch","Well Laid Plans"],"picked":"Escape Plan","floor":12},{"not_picked":["Expertise","Backstab"],"picked":"Blade Dance","floor":13},{"not_picked":["Doppelganger","Phantasmal Killer"],"picked":"Burst","floor":16},{"not_picked":["Dagger Spray","Prepared"],"picked":"Expertise","floor":18},{"not_picked":["Prepared","Calculated Gamble"],"picked":"Blur+1","floor":19}],"player_experience":1634552,"relics_obtained":[{"floor":7,"key":"Juzu Bracelet"},{"floor":9,"key":"Blood Vial"},{"floor":11,"key":"War Paint"},{"floor":22,"key":"Nilry\u0027s Codex"}],"event_choices":[{"event_name":"The Cleric","player_choice":"Card Removal","floor":2,"damage_taken":0},{"event_name":"Dead Adventurer","player_choice":"Searched \u00271\u0027 times","floor":14,"damage_taken":0},{"event_name":"N\u0027loth","player_choice":"Traded a Juzu Bracelet","floor":20,"damage_taken":0},{"event_name":"Cursed Tome","player_choice":"Obtained Book","floor":22,"damage_taken":0}],"is_beta":false,"boss_relics":[{"not_picked":["Coffee Dripper","Runic Pyramid"],"picked":"HoveringKite"}],"items_purged_floors":[],"is_endless":false,"potions_floor_spawned":[11,13,18],"killed_by":"Book of Stabbing","ascension_level":7}