{"gold_per_floor":[119,30,42,62,62,95,95,123,123,123,123,136,155,155,155,253,253,278,278],"floor_reached":19,"playtime":1238,"items_purged":[],"score":292,"play_id":"25e13a17-b45b-44b7-9de4-84a51db4450b","local_time":"20181211000517","is_ascension_mode":true,"campfire_choices":[{"floor":7.0,"key":"REST"},{"floor":10.0,"key":"REST"},{"data":"Neutralize","floor":15.0,"key":"SMITH"}],"neow_cost":"NONE","seed_source_timestamp":0,"circlet_count":0,"master_deck":["AscendersBane","Defend_G","Defend_G","Defend_G","Defend_G","Defend_G","Strike_G","Strike_G","Survivor","Neutralize+1","Dagger Spray","Impatience","Masterful Stab","Deadly Poison","Crippling Poison","Noxious Fumes","Prepared","Footwork","Corpse Explosion","Catalyst"],"special_seed":0,"relics":["Ring of the Snake","NeowsBlessing","PreservedInsect","Paper Crane","Golden Idol","Empty Cage"],"potions_floor_usage":[16,16,18,19],"damage_taken":[{"damage":0.0,"enemies":"Cultist","floor":1.0,"turns":1.0},{"damage":0.0,"enemies":"Small Slimes","floor":3.0,"turns":1.0},{"damage":0.0,"enemies":"Jaw Worm","floor":4.0,"turns":1.0},{"damage":36.0,"enemies":"Lagavulin","floor":6.0,"turns":8.0},{"damage":8.0,"enemies":"Gremlin Nob","floor":8.0,"turns":3.0},{"damage":7.0,"enemies":"Large Slime","floor":12.0,"turns":9.0},{"damage":8.0,"enemies":"Blue Slaver","floor":13.0,"turns":3.0},{"damage":15,"enemies":"Slime Boss","floor":16,"turns":10},{"damage":3,"enemies":"Shell Parasite","floor":18,"turns":8},{"damage":20,"enemies":"Colosseum Slavers","floor":19,"turns":7},{"damage":44,"enemies":"Colosseum Nobs","floor":19,"turns":3}],"seed_played":"-4086108101455467185","potions_obtained":[{"floor":8.0,"key":"Energy Potion"},{"floor":12.0,"key":"LiquidBronze"},{"floor":13.0,"key":"Explosive Potion"},{"floor":16,"key":"Energy Potion"},{"floor":18,"key":"LiquidBronze"}],"is_trial":false,"path_per_floor":["M","$","M","M","?","E","R","E","T","R","?","M","M","?","R","B",null,"M","?"],"character_chosen":"THE_SILENT","items_purchased":["Impatience"],"campfire_rested":2,"item_purchase_floors":[2],"current_hp_per_floor":[63,63,63,63,56,20,41,33,33,54,54,47,39,60,60,45,60,57,0],"gold":278,"neow_bonus":"THREE_ENEMY_KILL","is_prod":false,"is_daily":false,"chose_seed":false,"campfire_upgraded":1,"win_rate":0,"timestamp":1544504717,"path_taken":["M","$","?","M","?","E","R","E","T","R","?","M","M","?","R","BOSS","M","?"],"build_version":"2018-12-06","purchased_purges":0,"victory":false,"max_hp_per_floor":[70,70,70,70,70,70,70,70,70,70,65,65,65,65,65,65,65,65,65],"card_choices":[{"not_picked":["PiercingWail","Underhanded Strike"],"picked":"Dagger Spray","floor":1.0},{"not_picked":["Bane","Predator"],"picked":"Masterful Stab","floor":3.0},{"not_picked":["Underhanded Strike","Accuracy"],"picked":"Deadly Poison","floor":4.0},{"not_picked":["Dagger Spray","Bane"],"picked":"Crippling Poison","floor":6.0},{"not_picked":["Setup","Deflect"],"picked":"Noxious Fumes","floor":8.0},{"not_picked":["Finisher","Poisoned Stab"],"picked":"Prepared","floor":12.0},{"not_picked":["PiercingWail","Eviscerate"],"picked":"Footwork","floor":13.0},{"not_picked":["Envenom","Adrenaline"],"picked":"Corpse Explosion","floor":16},{"not_picked":["Skewer+1","Flying Knee"],"picked":"Catalyst","floor":18}],"player_experience":2061483,"relics_obtained":[{"floor":6.0,"key":"PreservedInsect"},{"floor":8.0,"key":"Paper Crane"}],"event_choices":[{"cards_removed":["Strike_G"],"damage_healed":0.0,"max_hp_gain":0.0,"max_hp_loss":0.0,"gold_gain":0.0,"event_name":"Golden Wing","player_choice":"Card Removal","floor":5.0,"gold_loss":0.0,"damage_taken":7.0},{"damage_healed":0.0,"max_hp_gain":0.0,"max_hp_loss":5.0,"gold_gain":0.0,"event_name":"Golden Idol","player_choice":"Lose Max HP","floor":11.0,"gold_loss":0.0,"damage_taken":0.0,"relics_obtained":["Golden Idol"]},{"damage_healed":21.0,"max_hp_gain":0.0,"max_hp_loss":0.0,"gold_gain":0.0,"event_name":"Big Fish","player_choice":"Banana","floor":14.0,"gold_loss":0.0,"damage_taken":0.0},{"damage_healed":0,"gold_gain":0,"player_choice":"Fight","damage_taken":0,"max_hp_gain":0,"max_hp_loss":0,"event_name":"Colosseum","floor":19,"gold_loss":0},{"damage_healed":0,"gold_gain":0,"player_choice":"Fought Nobs","damage_taken":0,"max_hp_gain":0,"max_hp_loss":0,"event_name":"Colosseum","floor":19,"gold_loss":0}],"is_beta":false,"boss_relics":[{"not_picked":["Tiny House","HoveringKite"],"picked":"Empty Cage"}],"items_purged_floors":[],"is_endless":false,"potions_floor_spawned":[8,12,13,16,18,19],"killed_by":"Colosseum Nobs","ascension_level":13}