{"gold_per_floor":[113,113,124,142,142,142,168,168,168,168,168,56,72,107,107,185,185,204,219,28,28,28,55,55,55,55,68,79,91,138,53,53,53],"floor_reached":33,"playtime":2291,"items_purged":[],"score":773,"play_id":"a58deb52-2662-4dd7-aa82-15053eaacf21","local_time":"20190920195541","is_ascension_mode":true,"campfire_choices":[{"data":"SashWhip","floor":6,"key":"SMITH"},{"data":"TalkToTheHand","floor":8,"key":"SMITH"},{"data":"CrushJoints","floor":15,"key":"SMITH"},{"data":"RitualDagger","floor":24,"key":"SMITH"},{"data":"Devotion","floor":32,"key":"SMITH"}],"neow_cost":"NONE","seed_source_timestamp":0,"circlet_count":0,"master_deck":["AscendersBane","Strike_P+1","Strike_P+1","Defend_P+1","Defend_P+1","Defend_P+1","Defend_P+1","Eruption+1","Vigilance","FlyingSleeves","BowlingBash","SashWhip+1","TalkToTheHand+1","EmptyBody","MentalFortress","ForeignInfluence","CrushJoints+1","LessonLearned","EmptyFist","Meditate","HandOfGreed","RitualDagger+1","Sanctity","Crescendo+1","FlowState","Devotion+1"],"special_seed":0,"relics":["Velvet Choker","Boot","MealTicket","Happy Flower","War Paint","Snecko Eye","StrikeDummy","Meat on the Bone","Darkstone Periapt","Anchor"],"potions_floor_usage":[23,27,30,33],"damage_taken":[{"damage":4,"enemies":"2 Louse","floor":1,"turns":4},{"damage":2,"enemies":"Jaw Worm","floor":3,"turns":4},{"damage":0,"enemies":"Cultist","floor":4,"turns":2},{"damage":4,"enemies":"3 Sentries","floor":7,"turns":4},{"damage":0,"enemies":"Red Slaver","floor":13,"turns":4},{"damage":0,"enemies":"Lagavulin","floor":14,"turns":8},{"damage":10,"enemies":"Hexaghost","floor":16,"turns":9},{"damage":0,"enemies":"Spheric Guardian","floor":18,"turns":1},{"damage":11,"enemies":"2 Thieves","floor":19,"turns":3},{"damage":12,"enemies":"Slavers","floor":23,"turns":6},{"damage":6,"enemies":"Cultist and Chosen","floor":27,"turns":4},{"damage":5,"enemies":"Shelled Parasite and Fungi","floor":28,"turns":3},{"damage":13,"enemies":"Snake Plant","floor":29,"turns":2},{"damage":7,"enemies":"Gremlin Leader","floor":30,"turns":5},{"damage":35,"enemies":"Automaton","floor":33,"turns":8}],"seed_played":"5648837898276872047","potions_obtained":[{"floor":3,"key":"Ambrosia"},{"floor":7,"key":"BottledMiracle"},{"floor":14,"key":"Ambrosia"},{"floor":27,"key":"Swift Potion"},{"floor":28,"key":"FairyPotion"},{"floor":29,"key":"Explosive Potion"}],"is_trial":false,"path_per_floor":["M","?","M","M","T","R","E","R","T","?","$","$","M","E","R","B",null,"M","M","$","?","$","E","R","?","T","M","M","M","E","?","R","B"],"character_chosen":"WATCHER","items_purchased":["EmptyBody","MentalFortress","HandOfGreed"],"campfire_rested":0,"item_purchase_floors":[12,12,20],"current_hp_per_floor":[51,56,54,54,54,54,50,50,50,50,65,66,66,66,66,56,64,64,53,66,60,66,54,54,54,54,48,43,42,35,35,35,0],"gold":53,"neow_bonus":"BOSS_RELIC","is_prod":false,"is_daily":false,"chose_seed":false,"campfire_upgraded":5,"win_rate":0,"timestamp":1568966141,"path_taken":["M","?","M","M","?","R","E","R","T","?","?","$","M","E","R","BOSS","M","?","$","?","$","E","R","?","T","M","?","M","E","?","R","BOSS"],"build_version":"2019-09-19","purchased_purges":0,"victory":false,"max_hp_per_floor":[61,66,66,66,66,66,66,66,66,66,66,66,66,66,66,66,66,66,66,66,66,66,66,66,66,66,66,66,66,66,66,66,66],"card_choices":[{"not_picked":["Prostrate","ClearTheMind"],"picked":"FlyingSleeves","floor":1},{"not_picked":["CarveReality","Protect"],"picked":"BowlingBash","floor":3},{"not_picked":["Consecrate","Tantrum"],"picked":"SashWhip","floor":4},{"not_picked":["CrushJoints","FlyingSleeves"],"picked":"TalkToTheHand","floor":7},{"not_picked":["InnerPeace","Weave"],"picked":"ForeignInfluence","floor":13},{"not_picked":["ThirdEye","DeusExMachina"],"picked":"CrushJoints","floor":14},{"not_picked":["Pray","Vault"],"picked":"LessonLearned","floor":16},{"not_picked":["Consecrate","Prostrate"],"picked":"EmptyFist","floor":18},{"not_picked":["BowlingBash","FearNoEvil"],"picked":"Meditate","floor":19},{"not_picked":["Consecrate","EmptyFist"],"picked":"Sanctity","floor":23},{"not_picked":["CrushJoints","CarveReality"],"picked":"Crescendo+1","floor":27},{"not_picked":["ThirdEye","CarveReality"],"picked":"FlowState","floor":28},{"not_picked":["Evaluate","FearNoEvil"],"picked":"Devotion","floor":29},{"not_picked":["CleanseEvil","DeceiveReality","Weave"],"picked":"SKIP","floor":30}],"player_experience":1132074,"relics_obtained":[{"floor":5,"key":"Boot"},{"floor":7,"key":"MealTicket"},{"floor":9,"key":"Happy Flower"},{"floor":14,"key":"War Paint"},{"floor":23,"key":"StrikeDummy"},{"floor":26,"key":"Meat on the Bone"},{"floor":30,"key":"Darkstone Periapt"}],"event_choices":[{"damage_healed":0,"gold_gain":0,"player_choice":"Donut","damage_taken":0,"max_hp_gain":5,"max_hp_loss":0,"event_name":"Big Fish","floor":2,"gold_loss":0},{"cards_removed":["Strike_P"],"damage_healed":0,"gold_gain":0,"player_choice":"Forget","damage_taken":0,"max_hp_gain":0,"max_hp_loss":0,"event_name":"Living Wall","floor":10,"gold_loss":0},{"damage_healed":0,"gold_gain":0,"player_choice":"Joined the Cult","damage_taken":6,"max_hp_gain":0,"max_hp_loss":0,"event_name":"Nest","floor":21,"gold_loss":0,"cards_obtained":["RitualDagger"]},{"cards_removed":["Strike_P"],"damage_healed":0,"gold_gain":0,"player_choice":"Offered Basic","damage_taken":0,"max_hp_gain":0,"max_hp_loss":0,"event_name":"Bonfire Elementals","floor":25,"gold_loss":0},{"damage_healed":0,"gold_gain":0,"player_choice":"Obtained Relic","damage_taken":0,"relics_obtained":["Anchor"],"max_hp_gain":0,"max_hp_loss":0,"event_name":"Addict","floor":31,"gold_loss":85}],"is_beta":true,"boss_relics":[{"not_picked":["Black Star","SlaversCollar"],"picked":"Snecko Eye"}],"items_purged_floors":[],"is_endless":false,"potions_floor_spawned":[3,7,14,16,18,27,28,29],"killed_by":"Automaton","ascension_level":17}