{"path_per_floor":["M","?","?","?","T","R","E","$","T","R","$","M","R","M","R","B",null,"M","M","M","M","M","R","E","M","T","E","R","?","$","M","R"],"character_chosen":"IRONCLAD","items_purchased":["Armaments","Searing Blow","Shrug It Off"],"gold_per_floor":[109,109,109,109,109,109,143,44,44,44,5,21,21,31,31,129,129,145,163,178,198,213,213,241,258,258,289,289,289,165,176,176],"floor_reached":33,"campfire_rested":1,"playtime":3756,"current_hp_per_floor":[80,85,78,78,78,78,75,75,75,75,75,78,78,84,84,84,85,85,63,52,43,41,41,41,31,31,43,43,43,43,34,61],"items_purged":["Defend_R","Defend_R"],"gold":176,"score":285,"play_id":"04838840-c94c-4635-ae18-ca96cce7065f","is_prod":false,"is_daily":false,"is_ascension_mode":false,"campfire_upgraded":5,"path_taken":["M","?","?","?","?","R","E","?","T","R","$","?","R","M","R","BOSS","M","M","?","M","M","R","E","M","T","E","R","?","$","M","R","BOSS"],"build_version":"2018-02-15-PROD1","purchased_purges":2,"victory":false,"master_deck":["Strike_R","Strike_R","Strike_R","Strike_R","Bash","Clash","Shockwave+1","Headbutt","Armaments+1","Searing Blow+2","Shrug It Off","Pommel Strike","Impervious","Body Slam+1","Dual Wield","Inflame+1","Metallicize","Offering","Spot Weakness","Dual Wield","Heavy Blade+1","Shrug It Off","Bludgeon"],"max_hp_per_floor":[80,85,85,85,85,85,85,85,85,85,85,85,85,85,85,85,85,85,85,85,85,85,85,92,92,92,92,92,92,92,92,92],"relics":["Burning Blood","Bag of Preparation","Red Skull","Du-Vu Doll","Question Card","Strawberry","Peace Pipe","Paper Frog"],"card_choices":[{"not_picked":["Headbutt","Sentinel"],"picked":"Clash"},{"not_picked":["Second Wind","Feel No Pain"],"picked":"Shockwave"},{"not_picked":["Clash","Sword Boomerang"],"picked":"Headbutt"},{"not_picked":["Battle Trance","Cleave"],"picked":"Shrug It Off"},{"not_picked":["Warcry","True Grit"],"picked":"Pommel Strike"},{"not_picked":["Berserk","Reaper"],"picked":"Impervious"},{"not_picked":["Thunderclap","Inflame","Clothesline"],"picked":"Body Slam"},{"not_picked":["Shrug It Off","Wild Strike","Blood for Blood"],"picked":"Dual Wield"},{"not_picked":["Whirlwind","Evolve","Blood for Blood"],"picked":"Inflame"},{"not_picked":["True Grit","Armaments","Pommel Strike"],"picked":"Metallicize"},{"not_picked":["Warcry","Cleave","Infernal Blade"],"picked":"Offering"},{"not_picked":["Twin Strike","Burning Pact","Corruption"],"picked":"Spot Weakness"},{"not_picked":["Body Slam","Iron Wave","True Grit"],"picked":"Dual Wield"},{"not_picked":["Warcry","Havoc","Headbutt"],"picked":"Heavy Blade"},{"not_picked":["Sentinel","Inflame","Warcry"],"picked":"Bludgeon"}],"player_experience":112709,"potions_floor_usage":[27,27,31,33],"damage_taken":[{"damage":0.0,"enemies":"Cultist","floor":1.0,"turns":2.0},{"damage":9.0,"enemies":"Gremlin Nob","floor":7.0,"turns":4.0},{"damage":3.0,"enemies":"Jaw Worm","floor":12.0,"turns":2.0},{"damage":0.0,"enemies":"2 Louse","floor":14.0,"turns":3.0},{"damage":6.0,"enemies":"Slime Boss","floor":16.0,"turns":7.0},{"damage":6.0,"enemies":"Shell Parasite","floor":18.0,"turns":8.0},{"damage":28.0,"enemies":"2 Thieves","floor":19.0,"turns":4.0},{"damage":17.0,"enemies":"Centurion and Healer","floor":20.0,"turns":5.0},{"damage":15.0,"enemies":"Snake Plant","floor":21.0,"turns":4.0},{"damage":8.0,"enemies":"Snecko","floor":22.0,"turns":4.0},{"damage":13.0,"enemies":"Book of Stabbing","floor":24.0,"turns":6.0},{"damage":16,"enemies":"3 Cultists","floor":25,"turns":4},{"damage":9,"enemies":"Gremlin Leader","floor":27,"turns":8},{"damage":24,"enemies":"Snake Plant","floor":31,"turns":4},{"damage":65,"enemies":"Automaton","floor":33,"turns":6}],"event_choices":[{"event_name":"Big Fish","player_choice":"Donut","floor":2.0,"damage_taken":0.0},{"event_name":"Golden Wing","player_choice":"Card Removal","floor":3.0,"damage_taken":0.0},{"event_name":"Purifier","player_choice":"One Purge","floor":4.0,"damage_taken":0.0},{"event_name":"Vampires","player_choice":"Ignored","floor":29,"damage_taken":0}],"boss_relics":[],"potions_floor_spawned":[1,7,16,18,19,24,27,31],"seed_played":"4883176494929458951","killed_by":"Automaton","ascension_level":0,"is_trial":false}