{"gold_per_floor":[10,22,22,22,33,33,65,75,75,75,35,46,72,144,144,242,242,255,265,265,265,276,276,294,314,396,396,408,139,139,164,164,164],"floor_reached":33,"playtime":3381,"items_purged":["Strike_G"],"score":416,"play_id":"5357a5b5-45af-4164-882f-0327df21cb62","local_time":"20180925192350","is_ascension_mode":true,"campfire_choices":[{"floor":6.0,"key":"REST"},{"floor":10,"key":"REST"},{"floor":15,"key":"REST"},{"floor":23,"key":"REST"},{"data":"Footwork","floor":27,"key":"SMITH"},{"floor":32,"key":"REST"}],"neow_cost":"NO_GOLD","seed_source_timestamp":0,"circlet_count":0,"master_deck":["Defend_G","Defend_G","Defend_G","Strike_G+1","Strike_G+1","Strike_G","Survivor","Neutralize","AscendersBane","Footwork+1","Prepared","Blur","Backstab","Masterful Stab","Choke","Backstab","Slice","Adrenaline","PiercingWail","Glass Knife","RitualDagger","J.A.X.+1","Calculated Gamble","PiercingWail+1","Slice+1","Regret","Outmaneuver","Escape Plan","Quick Slash","Dark Shackles","Footwork+1"],"special_seed":0,"relics":["Ring of the Snake","Boot","Question Card","Matryoshka","Pen Nib","Darkstone Periapt","Cursed Key","Anchor","Bottled Tornado","Tingsha"],"potions_floor_usage":[7,28,31,33,33],"damage_taken":[{"damage":1.0,"enemies":"Small Slimes","floor":1.0,"turns":4.0},{"damage":0.0,"enemies":"Cultist","floor":2.0,"turns":6.0},{"damage":0.0,"enemies":"2 Louse","floor":5.0,"turns":2.0},{"damage":22,"enemies":"Gremlin Nob","floor":7,"turns":5},{"damage":1,"enemies":"Looter","floor":8,"turns":4},{"damage":8,"enemies":"3 Louse","floor":12,"turns":3},{"damage":21,"enemies":"Lagavulin","floor":13,"turns":5},{"damage":33,"enemies":"Slime Boss","floor":16,"turns":12},{"damage":0,"enemies":"3 Byrds","floor":18,"turns":4},{"damage":4,"enemies":"Spheric Guardian","floor":19,"turns":4},{"damage":1,"enemies":"Snake Plant","floor":22,"turns":3},{"damage":15,"enemies":"Cultist and Chosen","floor":24,"turns":6},{"damage":0,"enemies":"3 Cultists","floor":25,"turns":5},{"damage":19,"enemies":"Centurion and Healer","floor":28,"turns":4},{"damage":2,"enemies":"Book of Stabbing","floor":31,"turns":5},{"damage":70,"enemies":"Automaton","floor":33,"turns":6}],"seed_played":"2579263800718081706","potions_obtained":[{"floor":1.0,"key":"FearPotion"},{"floor":8,"key":"GhostInAJar"},{"floor":18,"key":"Energy Potion"},{"floor":22,"key":"FearPotion"},{"floor":31,"key":"AttackPotion"}],"is_trial":false,"path_per_floor":["M","M","?","?","M","R","E","M","T","R","$","M","E","T","R","B",null,"M","M","?","?","M","R","M","M","T","R","M","$","?","E","R"],"character_chosen":"THE_SILENT","items_purchased":["Choke","Escape Plan","Quick Slash","Dark Shackles"],"campfire_rested":5,"item_purchase_floors":[11,29,29,29],"current_hp_per_floor":[62,62,55,41,41,62,40,39,39,60,60,52,31,31,52,19,57,57,53,47,47,46,67,52,52,58,58,39,39,39,37,59,0],"gold":164,"neow_bonus":"REMOVE_TWO","is_prod":false,"is_daily":false,"chose_seed":false,"campfire_upgraded":1,"win_rate":0,"timestamp":1537917830,"path_taken":["M","M","?","?","M","R","E","M","T","R","?","M","E","?","R","BOSS","M","?","?","?","M","R","M","M","T","R","M","$","?","E","R","BOSS"],"build_version":"2018-08-23v2","purchased_purges":1,"victory":false,"max_hp_per_floor":[70,70,70,70,70,70,70,70,70,70,70,70,70,70,70,70,70,70,70,70,70,70,70,70,70,76,76,76,76,76,76,76,76],"card_choices":[{"not_picked":["Bane","Sucker Punch"],"picked":"Footwork","floor":1.0},{"not_picked":["Dodge and Roll","Tactician"],"picked":"Prepared","floor":2.0},{"not_picked":["Dagger Throw","Caltrops"],"picked":"Blur","floor":5.0},{"not_picked":["Catalyst","Acrobatics"],"picked":"Backstab","floor":7},{"not_picked":["Dagger Throw","Deflect"],"picked":"Masterful Stab","floor":8},{"not_picked":["Malaise","Leg Sweep","Expertise"],"picked":"Backstab","floor":12},{"not_picked":["Underhanded Strike","Flying Knee","Distraction"],"picked":"Slice","floor":13},{"not_picked":["Envenom","Unload","Wraith Form v2"],"picked":"Adrenaline","floor":16},{"not_picked":["Flying Knee","Dodge and Roll","Choke"],"picked":"PiercingWail","floor":18},{"not_picked":["Dagger Spray+1","Heel Hook","Catalyst"],"picked":"Glass Knife","floor":19},{"not_picked":["Flying Knee","Deadly Poison+1","Infinite Blades"],"picked":"Calculated Gamble","floor":22},{"not_picked":["Acrobatics","Deadly Poison","Flying Knee"],"picked":"PiercingWail+1","floor":24},{"not_picked":["Acrobatics","Tools of the Trade","Finisher"],"picked":"Slice+1","floor":25},{"not_picked":["Sucker Punch","Skewer","Dodge and Roll"],"picked":"Outmaneuver","floor":28},{"not_picked":["Leg Sweep","Tools of the Trade","Dagger Throw"],"picked":"Footwork+1","floor":31}],"player_experience":1762329,"relics_obtained":[{"floor":7,"key":"Boot"},{"floor":9,"key":"Question Card"},{"floor":13,"key":"Matryoshka"},{"floor":14,"key":"Pen Nib"},{"floor":14,"key":"Darkstone Periapt"},{"floor":26,"key":"Anchor"},{"floor":26,"key":"Bottled Tornado"},{"floor":31,"key":"Tingsha"}],"event_choices":[{"event_name":"Golden Wing","player_choice":"Card Removal","floor":3.0,"damage_taken":0.0},{"event_name":"Shining Light","player_choice":"Entered Light","floor":4.0,"damage_taken":0.0},{"event_name":"Nest","player_choice":"Joined the Cult","floor":20,"damage_taken":0},{"event_name":"Drug Dealer","player_choice":"Got JAX","floor":21,"damage_taken":0},{"event_name":"Accursed Blacksmith","player_choice":"Forge","floor":30,"damage_taken":0}],"is_beta":false,"boss_relics":[{"not_picked":["Eternal Feather","Calling Bell"],"picked":"Cursed Key"}],"items_purged_floors":[29],"is_endless":false,"potions_floor_spawned":[1,8,18,22,25,31],"killed_by":"Automaton","ascension_level":10}