{"gold_per_floor":[117,133,133,83,96,96,134,154,154,179,222,236,236,250,250,378,378,394,413,66,97,97,136,150,150,150,173,173,189,42,85,85,210,210,228,132,150,163,163,206,219,262,288,288,304,304,320,39,39,39,39,39,39,72,72],"floor_reached":55,"playtime":5891,"items_purged":["Strike_B","Strike_B","Strike_B","Defend_B"],"score":731,"play_id":"bea0bc81-c448-4e4e-8ed2-ca4e5fc2d22d","local_time":"20191012212103","is_ascension_mode":false,"campfire_choices":[{"data":"Beam Cell","floor":6.0,"key":"SMITH"},{"data":"Static Discharge","floor":13.0,"key":"SMITH"},{"data":"Capacitor","floor":15.0,"key":"SMITH"},{"data":"Defragment","floor":25.0,"key":"SMITH"},{"data":"Barrage","floor":28.0,"key":"SMITH"},{"data":"Zap","floor":32.0,"key":"SMITH"},{"floor":44.0,"key":"RECALL"},{"data":"Go for the Eyes","floor":46.0,"key":"SMITH"},{"data":"Ball Lightning","floor":49,"key":"SMITH"},{"data":"Cold Snap","floor":52,"key":"SMITH"}],"neow_cost":"NONE","seed_source_timestamp":0,"circlet_count":0,"master_deck":["Defend_B","Defend_B","Defend_B","Zap+1","Rebound","Beam Cell+1","Ball Lightning+1","Static Discharge+1","Leap+1","Steam Power+1","Hologram+1","Capacitor+1","Steam+1","Seek+1","Go for the Eyes+1","Defragment+1","Coolheaded+1","Fission+1","Hologram+1","Sweeping Beam+1","Barrage+1","Go for the Eyes+1","Cold Snap+1","Consume+1","Redo+1","Echo Form+1","Steam+1","Coolheaded+1","Hologram+1","Chaos+1","Capacitor+1","Storm+1","Darkness+1"],"special_seed":0,"relics":["Cracked Core","Golden Idol","Toxic Egg 2","Sundial","Meat on the Bone","Coffee Dripper","Omamori","Red Mask","Frozen Egg 2","Smiling Mask","Kunai","Strawberry","Philosopher\u0027s Stone","Bag of Preparation","Centennial Puzzle","Blood Vial","Du-Vu Doll"],"potions_floor_usage":[50],"damage_taken":[{"damage":0.0,"enemies":"Small Slimes","floor":1.0,"turns":3.0},{"damage":8.0,"enemies":"2 Louse","floor":2.0,"turns":3.0},{"damage":3.0,"enemies":"Jaw Worm","floor":5.0,"turns":3.0},{"damage":26.0,"enemies":"Gremlin Nob","floor":7.0,"turns":4.0},{"damage":6.0,"enemies":"Exordium Thugs","floor":8.0,"turns":3.0},{"damage":3.0,"enemies":"Red Slaver","floor":10.0,"turns":2.0},{"damage":8.0,"enemies":"3 Sentries","floor":11.0,"turns":5.0},{"damage":2.0,"enemies":"Blue Slaver","floor":12.0,"turns":3.0},{"damage":2.0,"enemies":"Large Slime","floor":14.0,"turns":5.0},{"damage":24.0,"enemies":"Hexaghost","floor":16.0,"turns":7.0},{"damage":12.0,"enemies":"2 Thieves","floor":18.0,"turns":4.0},{"damage":9.0,"enemies":"Shell Parasite","floor":19.0,"turns":4.0},{"damage":23.0,"enemies":"Masked Bandits","floor":21.0,"turns":4.0},{"damage":1.0,"enemies":"Book of Stabbing","floor":23.0,"turns":6.0},{"damage":18.0,"enemies":"Snake Plant","floor":24.0,"turns":3.0},{"damage":5.0,"enemies":"Chosen and Byrds","floor":27.0,"turns":4.0},{"damage":17.0,"enemies":"Snecko","floor":29.0,"turns":4.0},{"damage":18.0,"enemies":"Gremlin Leader","floor":31.0,"turns":6.0},{"damage":9.0,"enemies":"Champ","floor":33.0,"turns":7.0},{"damage":10.0,"enemies":"3 Darklings","floor":35.0,"turns":4.0},{"damage":12.0,"enemies":"3 Shapes","floor":37.0,"turns":5.0},{"damage":2.0,"enemies":"Maw","floor":38.0,"turns":6.0},{"damage":26.0,"enemies":"Giant Head","floor":40.0,"turns":8.0},{"damage":19.0,"enemies":"4 Shapes","floor":41.0,"turns":4.0},{"damage":29.0,"enemies":"Nemesis","floor":42.0,"turns":5.0},{"damage":1.0,"enemies":"Transient","floor":45.0,"turns":5.0},{"damage":2.0,"enemies":"Jaw Worm Horde","floor":47.0,"turns":4.0},{"damage":28,"enemies":"Donu and Deca","floor":50,"turns":6},{"damage":26,"enemies":"Shield and Spear","floor":54,"turns":6},{"damage":59,"enemies":"The Heart","floor":55,"turns":3}],"seed_played":"-5672277751570983244","potions_obtained":[{"floor":1.0,"key":"Explosive Potion"},{"floor":8.0,"key":"Poison Potion"},{"floor":10.0,"key":"SmokeBomb"},{"floor":19.0,"key":"Block Potion"},{"floor":23.0,"key":"EssenceOfSteel"},{"floor":27.0,"key":"AttackPotion"},{"floor":33.0,"key":"PowerPotion"},{"floor":41.0,"key":"EssenceOfSteel"},{"floor":42.0,"key":"Energy Potion"},{"floor":47.0,"key":"SteroidPotion"},{"floor":54,"key":"Poison Potion"}],"is_trial":false,"path_per_floor":["M","M","?","?","M","R","E","M","T","M","E","M","R","M","R","B",null,"M","M","$","?","T","E","M","R","T","M","R","M","$","E","R","B",null,"M","$","M","M","?","E","M","E","T","R","M","R","M","$","R","B",null,"R","$","E","B"],"character_chosen":"DEFECT","items_purchased":["Coolheaded+1","Fission+1","Omamori","Consume+1","Redo+1","Coolheaded+1","Blood Vial","FocusPotion"],"campfire_rested":0,"item_purchase_floors":[20,20,20,30,30,36,48,48],"current_hp_per_floor":[82,74,74,74,71,71,45,39,39,36,28,38,38,48,48,36,76,64,55,55,44,44,43,37,37,37,44,44,39,39,40,40,43,83,73,73,61,59,59,45,38,21,21,21,32,32,42,42,42,28,83,83,83,57,0],"gold":72,"neow_bonus":"TEN_PERCENT_HP_BONUS","is_prod":false,"is_daily":false,"chose_seed":false,"campfire_upgraded":9,"win_rate":0,"timestamp":1570886463,"path_taken":["M","M","?","?","M","R","E","M","T","M","E","M","R","M","R","BOSS","M","M","$","?","?","E","?","R","T","M","R","M","$","E","R","BOSS","M","$","M","M","?","E","M","E","T","R","M","R","M","$","R","BOSS","R","$","E","BOSS"],"build_version":"2019-07-17","purchased_purges":4,"victory":false,"max_hp_per_floor":[82,82,76,76,76,76,76,76,76,76,76,76,76,76,76,76,76,76,76,76,76,76,76,76,76,76,76,76,76,76,83,83,83,83,83,83,83,83,83,83,83,83,83,83,83,83,83,83,83,83,83,83,83,83,83],"card_choices":[{"not_picked":["Chill","Turbo"],"picked":"Rebound","floor":1.0},{"not_picked":["Melter","Self Repair"],"picked":"Beam Cell","floor":2.0},{"not_picked":["Rebound","Barrage"],"picked":"Ball Lightning","floor":5.0},{"not_picked":["Leap","Sunder"],"picked":"Static Discharge","floor":7.0},{"not_picked":["Defragment","Redo+1"],"picked":"Leap+1","floor":8.0},{"not_picked":["Turbo+1","Reboot+1"],"picked":"Steam Power+1","floor":10.0},{"not_picked":["FTL","Compile Driver"],"picked":"Hologram+1","floor":11.0},{"not_picked":["Sunder","Redo+1"],"picked":"Capacitor","floor":12.0},{"not_picked":["Sweeping Beam","Scrape"],"picked":"Steam+1","floor":14.0},{"not_picked":["Core Surge","Hyperbeam"],"picked":"Seek+1","floor":16.0},{"not_picked":["BootSequence+1","Gash+1"],"picked":"Go for the Eyes","floor":18.0},{"not_picked":["Rebound","Sweeping Beam"],"picked":"Defragment","floor":19.0},{"not_picked":["Barrage","Chaos+1"],"picked":"Hologram+1","floor":21.0},{"not_picked":["Hologram+1","Streamline"],"picked":"Sweeping Beam+1","floor":23.0},{"not_picked":["Rebound+1","Lockon"],"picked":"Barrage","floor":24.0},{"not_picked":["Reboot+1","Doom and Gloom+1"],"picked":"Go for the Eyes+1","floor":27.0},{"not_picked":["Beam Cell+1","Scrape"],"picked":"Cold Snap","floor":29.0},{"not_picked":["Melter+1","Genetic Algorithm+1","Gash"],"picked":"SKIP","floor":31.0},{"not_picked":["Reboot+1","All For One"],"picked":"Echo Form+1","floor":33.0},{"not_picked":["Double Energy+1","Fusion+1"],"picked":"Steam+1","floor":35.0},{"not_picked":["Steam+1","Redo+1"],"picked":"Hologram+1","floor":37.0},{"not_picked":["Sweeping Beam","Barrage","Leap+1"],"picked":"SKIP","floor":38.0},{"not_picked":["FTL","Conserve Battery+1"],"picked":"Chaos+1","floor":40.0},{"not_picked":["Multi-Cast+1","Redo+1"],"picked":"Capacitor+1","floor":41.0},{"not_picked":["Redo+1","Steam+1"],"picked":"Storm+1","floor":42.0},{"not_picked":["Redo+1","Capacitor+1","Steam+1"],"picked":"SKIP","floor":45.0},{"not_picked":["Redo+1","Gash+1","Barrage+1"],"picked":"SKIP","floor":47.0},{"not_picked":["Sweeping Beam+1","Gash"],"picked":"Darkness+1","floor":54}],"player_experience":152428,"relics_obtained":[{"floor":7.0,"key":"Toxic Egg 2"},{"floor":9.0,"key":"Sundial"},{"floor":11.0,"key":"Meat on the Bone"},{"floor":21.0,"key":"Red Mask"},{"floor":22.0,"key":"Frozen Egg 2"},{"floor":23.0,"key":"Smiling Mask"},{"floor":26.0,"key":"Kunai"},{"floor":31.0,"key":"Strawberry"},{"floor":40.0,"key":"Bag of Preparation"},{"floor":42.0,"key":"Centennial Puzzle"},{"floor":54,"key":"Du-Vu Doll"}],"event_choices":[{"damage_healed":0.0,"max_hp_gain":0.0,"max_hp_loss":6.0,"gold_gain":0.0,"event_name":"Golden Idol","player_choice":"Lose Max HP","floor":3.0,"gold_loss":0.0,"damage_taken":0.0,"relics_obtained":["Golden Idol"]},{"cards_removed":["Strike_B"],"damage_healed":0.0,"max_hp_gain":0.0,"max_hp_loss":0.0,"gold_gain":0.0,"event_name":"The Cleric","player_choice":"Card Removal","floor":4.0,"gold_loss":50.0,"damage_taken":0.0},{"damage_healed":0.0,"max_hp_gain":0.0,"max_hp_loss":0.0,"gold_gain":0.0,"event_name":"Masked Bandits","player_choice":"Fought Bandits","floor":21.0,"gold_loss":0.0,"damage_taken":0.0},{"cards_removed":["Dualcast"],"damage_healed":0.0,"max_hp_gain":0.0,"max_hp_loss":0.0,"gold_gain":0.0,"event_name":"Falling","player_choice":"Removed Skill","floor":39.0,"gold_loss":0.0,"damage_taken":0.0}],"is_beta":false,"boss_relics":[{"not_picked":["Cursed Key","Pandora\u0027s Box"],"picked":"Coffee Dripper"},{"not_picked":["Snecko Eye","Empty Cage"],"picked":"Philosopher\u0027s Stone"}],"items_purged_floors":[20,30,36,48],"is_endless":false,"potions_floor_spawned":[1,8,10,19,23,27,29,33,41,42,47,54],"killed_by":"The Heart","ascension_level":0}