{"gold_per_floor":[114,129,143,154,174,206,206,224,224,37,37,66,66,84,84,162,162,138,138,138,18,32,32,58,58,58,58,91,91,105,134,134,208,208,237,229,241,267,39,73,73,83,83,103,131,131,142,63,63,63],"floor_reached":51,"playtime":4294,"items_purged":[],"score":1488,"play_id":"06e97e9e-79eb-46f5-9791-e4893b652484","local_time":"20190608012004","is_ascension_mode":true,"campfire_choices":[{"floor":7.0,"key":"REST"},{"floor":11.0,"key":"REST"},{"floor":15.0,"key":"REST"},{"floor":23.0,"key":"REST"},{"floor":25.0,"key":"REST"},{"floor":27.0,"key":"REST"},{"floor":32.0,"key":"REST"},{"data":"Evolve","floor":41.0,"key":"SMITH"},{"data":"True Grit","floor":46.0,"key":"SMITH"},{"floor":49.0,"key":"REST"}],"neow_cost":"NONE","seed_source_timestamp":510338980342279,"circlet_count":0,"master_deck":["AscendersBane","Strike_R","Strike_R","Strike_R","Strike_R","Strike_R","Defend_R","Defend_R","Defend_R","Bash","Cleave","True Grit+1","Carnage","True Grit","Entrench","Wild Strike","Shrug It Off+1","Apotheosis+1","Combust","Shrug It Off+1","Reaper","Power Through+1","J.A.X.+1","Disarm+1","Combust","Intimidate+1","Sword Boomerang","Warcry+1","Limit Break+1","Clothesline+1","Reaper","Double Tap+1","Doubt","Clumsy","Injury","Battle Trance+1","Evolve+1","Thunderclap","Warcry+1","Inflame","Metallicize+1","Flame Barrier+1"],"special_seed":0,"relics":["Burning Blood","Lantern","Toxic Egg 2","Blue Candle","Boot","Philosopher\u0027s Stone","Enchiridion","Mercury Hourglass","Bottled Lightning","Letter Opener","Singing Bowl","Calling Bell","Mummified Hand","MawBank","Champion Belt","Red Skull","Centennial Puzzle","Sundial","Regal Pillow"],"potions_floor_usage":[50,50],"damage_taken":[{"damage":9.0,"enemies":"Jaw Worm","floor":1.0,"turns":3.0},{"damage":4.0,"enemies":"Small Slimes","floor":2.0,"turns":4.0},{"damage":5.0,"enemies":"2 Louse","floor":3.0,"turns":3.0},{"damage":12.0,"enemies":"Exordium Wildlife","floor":4.0,"turns":2.0},{"damage":0.0,"enemies":"2 Fungi Beasts","floor":5.0,"turns":2.0},{"damage":60.0,"enemies":"Gremlin Nob","floor":6.0,"turns":5.0},{"damage":1.0,"enemies":"Looter","floor":8.0,"turns":4.0},{"damage":17.0,"enemies":"Lagavulin","floor":12.0,"turns":6.0},{"damage":22.0,"enemies":"Exordium Thugs","floor":14.0,"turns":4.0},{"damage":44.0,"enemies":"Hexaghost","floor":16.0,"turns":14.0},{"damage":23.0,"enemies":"2 Thieves","floor":18.0,"turns":4.0},{"damage":42.0,"enemies":"3 Byrds","floor":22.0,"turns":5.0},{"damage":50.0,"enemies":"Slavers","floor":24.0,"turns":4.0},{"damage":27.0,"enemies":"Gremlin Leader","floor":28.0,"turns":5.0},{"damage":17.0,"enemies":"Centurion and Healer","floor":30.0,"turns":3.0},{"damage":30.0,"enemies":"Book of Stabbing","floor":31.0,"turns":5.0},{"damage":55.0,"enemies":"Automaton","floor":33.0,"turns":7.0},{"damage":36.0,"enemies":"3 Darklings","floor":35.0,"turns":5.0},{"damage":8.0,"enemies":"3 Shapes","floor":38.0,"turns":4.0},{"damage":47.0,"enemies":"Reptomancer","floor":40.0,"turns":6.0},{"damage":4.0,"enemies":"3 Darklings","floor":42.0,"turns":3.0},{"damage":6.0,"enemies":"4 Shapes","floor":44.0,"turns":2.0},{"damage":12.0,"enemies":"Nemesis","floor":45.0,"turns":5.0},{"damage":33.0,"enemies":"Jaw Worm Horde","floor":47.0,"turns":3.0},{"damage":107,"enemies":"Time Eater","floor":50,"turns":15}],"seed_played":"3687609312282043421","potions_obtained":[{"floor":3.0,"key":"AttackPotion"},{"floor":6.0,"key":"PowerPotion"},{"floor":8.0,"key":"SkillPotion"},{"floor":14.0,"key":"FairyPotion"},{"floor":16.0,"key":"EssenceOfSteel"},{"floor":30.0,"key":"Energy Potion"},{"floor":31.0,"key":"Block Potion"},{"floor":33.0,"key":"Block Potion"},{"floor":36.0,"key":"SkillPotion"},{"floor":40.0,"key":"PowerPotion"},{"floor":44.0,"key":"Weak Potion"},{"floor":47.0,"key":"BloodPotion"}],"is_trial":false,"path_per_floor":["M","M","M","M","M","E","R","M","T","$","R","E","?","M","R","B",null,"M","?","?","$","M","R","E","R","T","R","E","?","M","E","R","B",null,"M","?","$","M","$","E","R","M","T","M","E","R","M","$","R","B",null],"character_chosen":"IRONCLAD","items_purchased":["Apotheosis+1","Disarm+1","Combust","Red Skull","Battle Trance+1","Flame Barrier+1"],"campfire_rested":8,"item_purchase_floors":[10,21,21,39,39,48],"current_hp_per_floor":[65,67,68,62,68,14,36,41,41,41,63,52,45,29,51,13,60,53,53,32,32,11,33,25,47,47,69,72,72,61,37,59,40,66,77,77,77,79,79,70,70,72,72,79,73,73,46,46,79,14],"gold":63,"neow_bonus":"RANDOM_COMMON_RELIC","is_prod":false,"is_daily":false,"chose_seed":false,"campfire_upgraded":2,"win_rate":0,"timestamp":1559971204,"path_taken":["M","M","M","M","M","E","R","M","T","$","R","E","?","M","R","BOSS","M","?","?","?","M","R","E","R","T","R","E","?","M","E","R","BOSS","M","?","$","M","$","E","R","M","T","M","E","R","M","?","R","BOSS"],"build_version":"2019-01-23","purchased_purges":0,"victory":true,"max_hp_per_floor":[75,75,75,75,75,75,75,75,75,75,75,75,75,75,75,75,75,75,75,75,75,75,75,75,75,75,75,75,75,75,75,75,75,75,77,77,77,79,79,79,79,79,79,79,79,79,79,79,79,79],"card_choices":[{"not_picked":["Feel No Pain","Warcry"],"picked":"Cleave","floor":1.0},{"not_picked":["Searing Blow","Headbutt"],"picked":"True Grit","floor":2.0},{"not_picked":["Headbutt","Sword Boomerang"],"picked":"Carnage","floor":3.0},{"not_picked":["Heavy Blade","Warcry"],"picked":"True Grit","floor":4.0},{"not_picked":["Second Wind","Havoc"],"picked":"Entrench","floor":5.0},{"not_picked":["Pommel Strike","Reckless Charge"],"picked":"Wild Strike","floor":6.0},{"not_picked":["Body Slam","Sever Soul"],"picked":"Shrug It Off+1","floor":8.0},{"not_picked":["Bludgeon","Searing Blow"],"picked":"Combust","floor":12.0},{"not_picked":["Armaments+1","Cleave"],"picked":"Shrug It Off+1","floor":14.0},{"not_picked":["Bludgeon","Exhume+1"],"picked":"Reaper","floor":16.0},{"not_picked":["Carnage","Entrench+1"],"picked":"Power Through+1","floor":18.0},{"not_picked":["Twin Strike","Rampage"],"picked":"Intimidate+1","floor":22.0},{"not_picked":["Sentinel+1","Armaments+1"],"picked":"Sword Boomerang","floor":24.0},{"not_picked":["Clash","Headbutt"],"picked":"Warcry+1","floor":28.0},{"not_picked":["Wild Strike","Bludgeon"],"picked":"Clothesline+1","floor":30.0},{"not_picked":["Body Slam","Blood for Blood"],"picked":"Reaper","floor":31.0},{"not_picked":["Fiend Fire","Immolate"],"picked":"Double Tap+1","floor":33.0},{"not_picked":["Heavy Blade","Twin Strike","True Grit+1"],"picked":"Singing Bowl","floor":35.0},{"not_picked":["Anger","Sever Soul+1","Cleave"],"picked":"Singing Bowl","floor":38.0},{"not_picked":["Armaments+1","Wild Strike"],"picked":"Evolve","floor":40.0},{"not_picked":["Entrench+1","Body Slam"],"picked":"Thunderclap","floor":42.0},{"not_picked":["Corruption+1","Clash"],"picked":"Warcry+1","floor":44.0},{"not_picked":["Second Wind+1","Immolate"],"picked":"Inflame","floor":45.0},{"not_picked":["Clash","Pommel Strike"],"picked":"Metallicize+1","floor":47.0}],"player_experience":2624791,"relics_obtained":[{"floor":6.0,"key":"Toxic Egg 2"},{"floor":9.0,"key":"Blue Candle"},{"floor":12.0,"key":"Boot"},{"floor":20.0,"key":"Enchiridion"},{"floor":24.0,"key":"Mercury Hourglass"},{"floor":26.0,"key":"Bottled Lightning"},{"floor":28.0,"key":"Letter Opener"},{"floor":31.0,"key":"Singing Bowl"},{"floor":34.0,"key":"Mummified Hand"},{"floor":34.0,"key":"MawBank"},{"floor":34.0,"key":"Champion Belt"},{"floor":40.0,"key":"Centennial Puzzle"},{"floor":43.0,"key":"Sundial"},{"floor":45.0,"key":"Regal Pillow"}],"event_choices":[{"cards_removed":["Defend_R"],"damage_healed":0.0,"max_hp_gain":0.0,"max_hp_loss":0.0,"gold_gain":0.0,"event_name":"Golden Wing","player_choice":"Card Removal","floor":13.0,"gold_loss":0.0,"damage_taken":7.0},{"damage_healed":0.0,"max_hp_gain":0.0,"max_hp_loss":0.0,"gold_gain":0.0,"event_name":"Drug Dealer","player_choice":"Obtain J.A.X.","floor":19.0,"gold_loss":0.0,"damage_taken":0.0,"cards_obtained":["J.A.X."]},{"damage_healed":0.0,"max_hp_gain":0.0,"max_hp_loss":0.0,"gold_gain":0.0,"event_name":"Cursed Tome","player_choice":"Obtained Book","floor":20.0,"gold_loss":0.0,"damage_taken":21.0},{"damage_healed":0.0,"max_hp_gain":0.0,"max_hp_loss":0.0,"gold_gain":0.0,"event_name":"The Library","player_choice":"Read","floor":29.0,"gold_loss":0.0,"damage_taken":0.0,"cards_obtained":["Limit Break"]},{"damage_healed":0.0,"max_hp_gain":0.0,"max_hp_loss":0.0,"gold_gain":0.0,"event_name":"The Woman in Blue","player_choice":"Bought 1 Potion","floor":36.0,"gold_loss":0.0,"damage_taken":0.0}],"is_beta":false,"boss_relics":[{"not_picked":["Coffee Dripper","Lizard Tail"],"picked":"Philosopher\u0027s Stone"},{"not_picked":["Eternal Feather","Black Blood"],"picked":"Calling Bell"}],"items_purged_floors":[],"is_endless":false,"potions_floor_spawned":[3,6,8,14,16,22,30,31,33,40,44,47],"ascension_level":19}