{"gold_per_floor":[114,114,20,34,49,49,3,13,13,13,13,29,48,48],"floor_reached":14,"playtime":619,"items_purged":[],"score":82,"play_id":"411be2c3-06b1-4953-b4be-b6dab91e262b","local_time":"20190916094605","is_ascension_mode":false,"campfire_choices":[{"floor":6,"key":"RECALL"},{"data":"ClearTheMind","floor":10,"key":"SMITH"}],"neow_cost":"NONE","seed_source_timestamp":259824519488507,"circlet_count":0,"master_deck":["Strike_P","Strike_P","Strike_P","Strike_P","Defend_P","Defend_P","Defend_P","Defend_P","Eruption","Vigilance","FearNoEvil","Protect","Devotion","CleanseEvil","ClearTheMind+1","ClearTheMind","DeceiveReality","Clumsy","Protect","DeusExMachina","Conclude","EmptyMind"],"relics":["PureWater","Regal Pillow"],"potions_floor_usage":[14,14],"damage_taken":[{"damage":0,"enemies":"2 Louse","floor":1,"turns":2},{"damage":0,"enemies":"Cultist","floor":4,"turns":2},{"damage":0,"enemies":"Small Slimes","floor":5,"turns":3},{"damage":0,"enemies":"Looter","floor":8,"turns":5},{"damage":7,"enemies":"Blue Slaver","floor":12,"turns":5},{"damage":0,"enemies":"3 Louse","floor":13,"turns":2},{"damage":87,"enemies":"Gremlin Nob","floor":14,"turns":5}],"seed_played":"-8286420119622034640","potions_obtained":[{"floor":1,"key":"SteroidPotion"},{"floor":8,"key":"PowerPotion"}],"is_trial":false,"path_per_floor":["M","?","$","M","M","R","$","M","T","R","?","M","M","E"],"character_chosen":"WATCHER","items_purchased":["Protect","Devotion","ClearTheMind"],"campfire_rested":0,"item_purchase_floors":[3,3,7],"current_hp_per_floor":[71,71,71,71,71,71,71,71,71,71,71,64,64,0],"gold":48,"neow_bonus":"TEN_PERCENT_HP_BONUS","is_prod":false,"is_daily":false,"chose_seed":false,"campfire_upgraded":1,"win_rate":0.0,"timestamp":1568637965,"path_taken":["M","?","?","?","M","R","$","M","T","R","?","M","M","E"],"build_version":"2019-09-12","purchased_purges":0,"victory":false,"max_hp_per_floor":[71,71,71,71,71,71,71,71,71,71,71,71,71,71],"card_choices":[{"not_picked":["CutThroughFate","MentalFortress"],"picked":"FearNoEvil","floor":1},{"not_picked":["JustLucky","Prostrate"],"picked":"CleanseEvil","floor":4},{"not_picked":["Vengeance","BowlingBash"],"picked":"ClearTheMind","floor":5},{"not_picked":["TalkToTheHand","Halt"],"picked":"DeceiveReality","floor":8},{"not_picked":["Establishment","ClearTheMind"],"picked":"Conclude","floor":12},{"not_picked":["JustLucky","Adaptation"],"picked":"EmptyMind","floor":13}],"player_experience":421706,"relics_obtained":[{"floor":9,"key":"Regal Pillow"}],"event_choices":[{"damage_healed":0,"gold_gain":0,"player_choice":"Ignored","damage_taken":0,"max_hp_gain":0,"max_hp_loss":0,"event_name":"Purifier","floor":2,"gold_loss":0},{"damage_healed":0,"gold_gain":0,"player_choice":"3 cards matched","damage_taken":0,"max_hp_gain":0,"max_hp_loss":0,"event_name":"Match and Keep!","floor":11,"gold_loss":0,"cards_obtained":["Clumsy","Protect","DeusExMachina"]}],"is_beta":true,"boss_relics":[],"items_purged_floors":[],"is_endless":false,"potions_floor_spawned":[1,8],"killed_by":"Gremlin Nob","ascension_level":0}