{"gold_per_floor":[119,119,44,44,60,60,104,104,173,73,73,33,53,69,69,200,200,221,17,31,46,70,70,70,109,109,149,149,149,162,176,176,301,301,319,319,27,52,15,58,58,76,76,76,76,26,41,41,41,41],"floor_reached":50,"playtime":3731,"items_purged":["Shame","Strike_B","Writhe"],"score":713,"play_id":"8330b6f1-8060-4b43-93c0-f162d9a955c9","local_time":"20180830230636","is_ascension_mode":true,"campfire_choices":[{"data":"Beam Cell","floor":6,"key":"SMITH"},{"floor":8,"key":"REST"},{"floor":11,"key":"REST"},{"data":"Zap","floor":15,"key":"SMITH"},{"floor":24,"key":"REST"},{"floor":28,"key":"REST"},{"floor":32,"key":"REST"},{"floor":41,"key":"REST"},{"floor":45,"key":"REST"},{"floor":49,"key":"REST"}],"neow_cost":"CURSE","seed_source_timestamp":319896003677967,"circlet_count":0,"master_deck":["Strike_B","Defend_B","Defend_B","Defend_B","Zap+1","Dualcast","Streamline","Gash","Self Repair","Beam Cell+1","FTL","Genetic Algorithm","Redo","Go for the Eyes","Multi-Cast","Melter","Apotheosis","Tempest","Sweeping Beam","Hologram","Biased Cognition","Gash","Stack+1","Thunder Strike","Steam+1","Gash","Double Energy+1","Reinforced Body","Steam Power","White Noise","Secret Technique","Trip","Violence","Gash+1","Gash+1","Stack+1"],"relics":["Cracked Core","Golden Idol","Orichalcum","Dodecahedron","Fusion Hammer","Sundial","Smiling Mask","Bronze Scales","Black Star","OrangePellets","Meat on the Bone","Bottled Tornado","Molten Egg 2","Du-Vu Doll"],"potions_floor_usage":[21,22,23,27,33,40,40],"damage_taken":[{"damage":0,"enemies":"2 Louse","floor":1,"turns":1},{"damage":7,"enemies":"Small Slimes","floor":5,"turns":3},{"damage":35,"enemies":"Lagavulin","floor":7,"turns":6},{"damage":7,"enemies":"Jaw Worm","floor":13,"turns":3},{"damage":8,"enemies":"Blue Slaver","floor":14,"turns":3},{"damage":50,"enemies":"Slime Boss","floor":16,"turns":11},{"damage":0,"enemies":"Spheric Guardian","floor":18,"turns":3},{"damage":5,"enemies":"2 Thieves","floor":20,"turns":3},{"damage":23,"enemies":"Centurion and Healer","floor":21,"turns":5},{"damage":14,"enemies":"Snake Plant","floor":22,"turns":3},{"damage":4,"enemies":"Snecko","floor":23,"turns":3},{"damage":31,"enemies":"Slavers","floor":25,"turns":5},{"damage":29,"enemies":"Book of Stabbing","floor":27,"turns":5},{"damage":12,"enemies":"Chosen and Byrds","floor":30,"turns":5},{"damage":21,"enemies":"Shelled Parasite and Fungi","floor":31,"turns":4},{"damage":43,"enemies":"Champ","floor":33,"turns":10},{"damage":29,"enemies":"3 Darklings","floor":35,"turns":4},{"damage":0,"enemies":"3 Shapes","floor":38,"turns":5},{"damage":21,"enemies":"2 Orb Walkers","floor":40,"turns":4},{"damage":30,"enemies":"Maw","floor":42,"turns":7},{"damage":12,"enemies":"Sphere and 2 Shapes","floor":47,"turns":5},{"damage":5,"enemies":"Mind Bloom Boss Battle","floor":48,"turns":7},{"damage":75,"enemies":"Time Eater","floor":50,"turns":5}],"seed_played":"7531862100902502743","potions_obtained":[{"floor":1,"key":"Weak Potion"},{"floor":14,"key":"SmokeBomb"},{"floor":16,"key":"Poison Potion"},{"floor":21,"key":"FearPotion"},{"floor":31,"key":"Dexterity Potion"},{"floor":33,"key":"Regen Potion"},{"floor":38,"key":"Poison Potion"},{"floor":40,"key":"FearPotion"},{"floor":42,"key":"SteroidPotion"}],"is_trial":false,"path_per_floor":["M","?","$","?","M","R","E","R","T","$","R","$","M","M","R","B",null,"M","$","M","M","M","M","R","E","T","E","R","?","M","M","R","B",null,"M","?","$","M","$","E","R","M","T","?","R","$","M","?","R"],"character_chosen":"DEFECT","items_purchased":["Genetic Algorithm","Apotheosis","OrangePellets","Gash","Reinforced Body","Gash+1"],"campfire_rested":8,"item_purchase_floors":[12,19,37,37,39,46],"current_hp_per_floor":[68,50,50,50,50,50,22,44,44,44,66,66,66,65,65,22,62,69,69,74,61,57,53,75,54,54,32,54,54,49,28,50,17,61,32,51,51,58,58,46,68,45,45,35,57,57,45,50,72,0],"gold":41,"neow_bonus":"TRANSFORM_TWO_CARDS","is_prod":false,"is_daily":false,"chose_seed":false,"campfire_upgraded":2,"win_rate":0,"timestamp":1535684796,"path_taken":["M","?","$","?","M","R","E","R","T","?","R","$","?","M","R","BOSS","M","$","M","M","M","M","R","E","T","E","R","?","M","?","R","BOSS","M","?","$","M","$","E","R","M","T","?","R","$","M","?","R","BOSS"],"build_version":"2018-08-23v2","purchased_purges":3,"victory":false,"max_hp_per_floor":[75,75,75,75,75,75,75,75,75,75,75,75,75,75,75,75,75,75,75,75,75,75,75,75,75,75,75,75,75,75,75,75,75,75,75,75,75,75,75,75,75,75,75,75,75,75,75,75,75,75],"card_choices":[{"not_picked":["Hello World","Leap"],"picked":"Self Repair","floor":1},{"not_picked":["Double Energy","Ball Lightning"],"picked":"Beam Cell","floor":5},{"not_picked":["Rainbow","Ball Lightning"],"picked":"FTL","floor":7},{"not_picked":["Darkness","Stack"],"picked":"Redo","floor":13},{"not_picked":["Capacitor","Ball Lightning"],"picked":"Go for the Eyes","floor":14},{"not_picked":["Buffer","Creative AI"],"picked":"Multi-Cast","floor":16},{"not_picked":["Barrage","Recycle"],"picked":"Melter","floor":18},{"not_picked":["Coolheaded+1","Stack"],"picked":"Tempest","floor":20},{"not_picked":["Redo","Coolheaded"],"picked":"Sweeping Beam","floor":21},{"not_picked":["Leap","Reprogram"],"picked":"Hologram","floor":22},{"not_picked":["Cold Snap","Glacier","Barrage"],"picked":"SKIP","floor":25},{"not_picked":["Beam Cell+1","Rainbow"],"picked":"Biased Cognition","floor":27},{"not_picked":["Go for the Eyes","Capacitor"],"picked":"Gash","floor":30},{"not_picked":["Steam","Barrage"],"picked":"Stack+1","floor":31},{"not_picked":["Multi-Cast","Electrodynamics"],"picked":"Thunder Strike","floor":33},{"not_picked":["Compile Driver+1","Sweeping Beam+1"],"picked":"Steam+1","floor":35},{"not_picked":["Redo+1","Streamline+1"],"picked":"Double Energy+1","floor":38},{"not_picked":["Hologram+1","Sweeping Beam+1"],"picked":"Steam Power","floor":40},{"not_picked":["Doom and Gloom","Cold Snap+1"],"picked":"White Noise","floor":42},{"not_picked":["Blind","Mayhem"],"picked":"Secret Technique","floor":44},{"not_picked":["Apotheosis","Mayhem"],"picked":"Trip","floor":44},{"not_picked":["Master of Strategy","Chrysalis"],"picked":"Violence","floor":44},{"not_picked":["Loop+1","Reinforced Body+1"],"picked":"Gash+1","floor":47},{"not_picked":["Leap","Compile Driver+1"],"picked":"Stack+1","floor":48}],"player_experience":1607723,"relics_obtained":[{"floor":7,"key":"Orichalcum"},{"floor":9,"key":"Dodecahedron"},{"floor":25,"key":"Sundial"},{"floor":26,"key":"Smiling Mask"},{"floor":27,"key":"Bronze Scales"},{"floor":40,"key":"Meat on the Bone"},{"floor":40,"key":"Bottled Tornado"},{"floor":43,"key":"Molten Egg 2"},{"floor":48,"key":"Du-Vu Doll"}],"event_choices":[{"event_name":"Golden Idol","player_choice":"Take Damage","floor":2,"damage_taken":0},{"event_name":"Liars Game","player_choice":"disagreed","floor":4,"damage_taken":0},{"event_name":"Back to Basics","player_choice":"Elegance","floor":29,"damage_taken":0},{"event_name":"Winding Halls","player_choice":"Writhe","floor":36,"damage_taken":0},{"event_name":"SensoryStone","player_choice":"Memory 3","floor":44,"damage_taken":0},{"event_name":"MindBloom","player_choice":"Fight","floor":48,"damage_taken":0}],"is_beta":false,"boss_relics":[{"not_picked":["Calling Bell","Pandora\u0027s Box"],"picked":"Fusion Hammer"},{"not_picked":["Coffee Dripper","Runic Dome"],"picked":"Black Star"}],"items_purged_floors":[3,10,37],"is_endless":false,"potions_floor_spawned":[1,14,16,18,21,31,33,38,40,42],"killed_by":"Time Eater","ascension_level":6}