{"gold_per_floor":[218,238,313,323,336,336,336,336,381,414,589,603,622,635,635,635],"floor_reached":16,"playtime":926,"items_purged":[],"score":104,"play_id":"3a541313-73f4-45c3-bc93-53f625abe240","local_time":"20191028113757","is_ascension_mode":false,"campfire_choices":[{"floor":6,"key":"REST"},{"floor":8,"key":"RECALL"},{"data":"Defragment","floor":15,"key":"SMITH"}],"neow_cost":"NONE","seed_source_timestamp":610162843920534,"circlet_count":0,"master_deck":["Strike_B","Strike_B","Strike_B","Strike_B","Defend_B","Defend_B","Defend_B","Defend_B","Zap","Dualcast","Defragment+1","Turbo","FTL","Self Repair+1","Undo","Doubt","FTL","Go for the Eyes","Core Surge"],"relics":["Cracked Core","MealTicket"],"potions_floor_usage":[12,12,16,16,16],"damage_taken":[{"damage":2,"enemies":"2 Louse","floor":1,"turns":4},{"damage":1,"enemies":"Jaw Worm","floor":2,"turns":3},{"damage":0,"enemies":"Small Slimes","floor":4,"turns":4},{"damage":5,"enemies":"Looter","floor":5,"turns":3},{"damage":34,"enemies":"Gremlin Nob","floor":10,"turns":5},{"damage":6,"enemies":"Gremlin Gang","floor":12,"turns":6},{"damage":1,"enemies":"3 Louse","floor":13,"turns":4},{"damage":7,"enemies":"Red Slaver","floor":14,"turns":4},{"damage":70,"enemies":"Slime Boss","floor":16,"turns":11}],"seed_played":"-1283742899027137042","potions_obtained":[{"floor":1,"key":"SpeedPotion"},{"floor":5,"key":"SpeedPotion"},{"floor":14,"key":"EntropicBrew"}],"is_trial":false,"path_per_floor":["M","M","?","M","M","R","?","R","T","E","?","M","M","M","R","B"],"character_chosen":"DEFECT","items_purchased":[],"campfire_rested":1,"item_purchase_floors":[],"current_hp_per_floor":[73,72,61,61,56,75,75,75,75,51,51,55,64,67,67,0],"gold":635,"neow_bonus":"HUNDRED_GOLD","is_prod":false,"is_daily":false,"chose_seed":false,"campfire_upgraded":1,"win_rate":0,"timestamp":1572273477,"path_taken":["M","M","?","M","M","R","?","R","T","E","?","M","M","M","R","BOSS"],"build_version":"2019-10-25-V3","purchased_purges":0,"victory":false,"max_hp_per_floor":[75,75,75,75,75,75,75,75,75,75,75,75,75,75,75,75],"card_choices":[{"not_picked":["Reinforced Body","Hologram"],"picked":"Defragment","floor":1},{"not_picked":["Stack","Hologram"],"picked":"Turbo","floor":2},{"not_picked":["Machine Learning","Rebound"],"picked":"FTL","floor":4},{"not_picked":["Steam","Leap"],"picked":"Self Repair","floor":5},{"not_picked":["Multi-Cast","Streamline"],"picked":"Undo","floor":10},{"not_picked":["Beam Cell","Stack"],"picked":"FTL","floor":12},{"not_picked":["Reinforced Body","Sweeping Beam"],"picked":"Go for the Eyes","floor":13},{"not_picked":["Reprogram","Coolheaded"],"picked":"Core Surge","floor":14}],"player_experience":488257,"relics_obtained":[{"floor":10,"key":"MealTicket"}],"event_choices":[{"damage_healed":0,"gold_gain":75,"player_choice":"Gather Gold","damage_taken":11,"max_hp_gain":0,"max_hp_loss":0,"event_name":"World of Goop","floor":3,"gold_loss":0},{"damage_healed":0,"gold_gain":0,"player_choice":"Grow","damage_taken":0,"max_hp_gain":0,"max_hp_loss":0,"event_name":"Living Wall","floor":7,"gold_loss":0,"cards_upgraded":["Self Repair"]},{"damage_healed":0,"gold_gain":175,"player_choice":"AGREE","damage_taken":0,"max_hp_gain":0,"max_hp_loss":0,"event_name":"Liars Game","floor":11,"gold_loss":0,"cards_obtained":["Doubt"]}],"is_beta":true,"boss_relics":[],"items_purged_floors":[],"is_endless":false,"potions_floor_spawned":[1,5,14],"killed_by":"Slime Boss","ascension_level":0}