{"gold_per_floor":[118,134,77,77,77,77,120,120,147,171,195,209,229,229,229,229],"floor_reached":16,"playtime":1442,"items_purged":[],"score":195,"play_id":"a15cbce7-6001-4acc-8086-edda58224bce","local_time":"20190705170234","is_ascension_mode":true,"campfire_choices":[{"data":"Neutralize","floor":6,"key":"SMITH"},{"floor":8,"key":"REST"},{"floor":15,"key":"REST"}],"neow_cost":"PERCENT_DAMAGE","seed_source_timestamp":100376633120456,"circlet_count":0,"master_deck":["AscendersBane","Defend_G","Defend_G","Defend_G","Defend_G","Defend_G","Strike_G","Strike_G","Strike_G","Survivor","Neutralize+1","Backstab+1","Deadly Poison","Slice+1","Well Laid Plans","Poisoned Stab","Masterful Stab","Footwork"],"relics":["Ring of the Snake","Ginger","Golden Idol","Paper Crane","Potion Belt","Whetstone"],"potions_floor_usage":[7,13,16],"damage_taken":[{"damage":0,"enemies":"Small Slimes","floor":1,"turns":4},{"damage":0,"enemies":"2 Louse","floor":2,"turns":4},{"damage":35,"enemies":"Gremlin Nob","floor":7,"turns":5},{"damage":0,"enemies":"Jaw Worm","floor":11,"turns":3},{"damage":10,"enemies":"Exordium Thugs","floor":12,"turns":5},{"damage":2,"enemies":"Large Slime","floor":13,"turns":3},{"damage":32,"enemies":"Slime Boss","floor":16,"turns":10}],"seed_played":"-580220709477587521","potions_obtained":[{"floor":1,"key":"Block Potion"},{"floor":12,"key":"Explosive Potion"},{"floor":13,"key":"GhostInAJar"}],"is_trial":false,"path_per_floor":["M","M","$","?","?","R","E","R","T","T","M","M","M","?","R","B"],"character_chosen":"THE_SILENT","items_purchased":["Slice"],"campfire_rested":2,"item_purchase_floors":[3],"current_hp_per_floor":[44,44,44,37,37,37,2,20,20,20,20,10,8,8,26,0],"gold":229,"neow_bonus":"ONE_RARE_RELIC","is_prod":false,"is_daily":false,"chose_seed":false,"campfire_upgraded":1,"win_rate":0,"timestamp":1562360554,"path_taken":["M","M","$","?","?","R","E","R","T","?","?","M","M","?","R","BOSS"],"build_version":"2019-01-23","purchased_purges":0,"victory":false,"max_hp_per_floor":[66,66,66,66,60,60,60,60,60,60,60,60,60,60,60,60],"card_choices":[{"not_picked":["Heel Hook","Riddle With Holes"],"picked":"Backstab","floor":1},{"not_picked":["Quick Slash","Heel Hook"],"picked":"Deadly Poison","floor":2},{"not_picked":["Distraction","Prepared"],"picked":"Well Laid Plans","floor":7},{"not_picked":["Quick Slash","Acrobatics"],"picked":"Poisoned Stab","floor":11},{"not_picked":["Flying Knee","Blade Dance"],"picked":"Masterful Stab","floor":12},{"not_picked":["Prepared","Flying Knee"],"picked":"Footwork","floor":13}],"player_experience":2680130,"relics_obtained":[{"floor":7,"key":"Paper Crane"},{"floor":9,"key":"Potion Belt"},{"floor":10,"key":"Whetstone"}],"event_choices":[{"cards_removed":["Strike_G"],"damage_healed":0,"gold_gain":0,"player_choice":"Card Removal","damage_taken":7,"max_hp_gain":0,"max_hp_loss":0,"event_name":"Golden Wing","floor":4,"gold_loss":0},{"damage_healed":0,"gold_gain":0,"player_choice":"Lose Max HP","damage_taken":0,"relics_obtained":["Golden Idol"],"max_hp_gain":0,"max_hp_loss":6,"event_name":"Golden Idol","floor":5,"gold_loss":0},{"cards_removed":["Strike_G"],"damage_healed":0,"gold_gain":0,"player_choice":"Forget","damage_taken":0,"max_hp_gain":0,"max_hp_loss":0,"event_name":"Living Wall","floor":14,"gold_loss":0}],"is_beta":false,"boss_relics":[],"items_purged_floors":[],"is_endless":false,"potions_floor_spawned":[1,12,13],"killed_by":"Slime Boss","ascension_level":19}