{"gold_per_floor":[109,30,46,46,46,46,60,60,84,113,66,82,149,224,224,224],"floor_reached":16,"playtime":685,"items_purged":[],"score":98,"play_id":"18f76c26-78aa-4561-92f5-92f66f3df53e","local_time":"20191009184032","is_ascension_mode":false,"campfire_choices":[{"data":"SignatureMove","floor":6,"key":"SMITH"},{"floor":8,"key":"RECALL"},{"floor":15,"key":"REST"}],"neow_cost":"NONE","seed_source_timestamp":79332459185608,"circlet_count":0,"master_deck":["Strike_P","Strike_P","Strike_P","Strike_P","Defend_P","Defend_P","Defend_P","Defend_P","Eruption+1","Vigilance","Protect","SignatureMove+1","SashWhip","Sanctity","ReachHeaven","EmptyFist","LikeWater"],"relics":["PureWater","Question Card"],"potions_floor_usage":[],"damage_taken":[{"damage":0,"enemies":"Small Slimes","floor":1,"turns":3},{"damage":5,"enemies":"2 Louse","floor":3,"turns":2},{"damage":0,"enemies":"Jaw Worm","floor":7,"turns":5},{"damage":19,"enemies":"3 Sentries","floor":10,"turns":7},{"damage":12,"enemies":"2 Fungi Beasts","floor":12,"turns":3},{"damage":60,"enemies":"Hexaghost","floor":16,"turns":16}],"seed_played":"-5210834313303054009","potions_obtained":[],"is_trial":false,"path_per_floor":["M","$","M","?","?","R","M","R","T","E","$","M","?","?","R","B"],"character_chosen":"WATCHER","items_purchased":["SignatureMove","EmptyFist"],"campfire_rested":1,"item_purchase_floors":[2,11],"current_hp_per_floor":[79,79,74,74,74,74,74,74,74,55,55,43,43,32,55,0],"gold":224,"neow_bonus":"TEN_PERCENT_HP_BONUS","is_prod":false,"is_daily":false,"chose_seed":false,"campfire_upgraded":1,"win_rate":0.0,"timestamp":1570657232,"path_taken":["M","$","M","?","?","R","M","R","T","E","?","M","?","?","R","BOSS"],"build_version":"2019-10-09","purchased_purges":0,"victory":false,"max_hp_per_floor":[79,79,79,79,79,79,79,79,79,79,79,79,79,79,79,79],"card_choices":[{"not_picked":["Crescendo","EmptyFist"],"picked":"Protect","floor":1},{"not_picked":["WheelKick","Vengeance"],"picked":"SashWhip","floor":3},{"not_picked":["SashWhip","PathToVictory"],"picked":"Sanctity","floor":7},{"not_picked":["Fasting2","Crescendo"],"picked":"ReachHeaven","floor":10},{"not_picked":["Adaptation","Ragnarok","FlyingSleeves"],"picked":"LikeWater","floor":12}],"player_experience":443935,"relics_obtained":[{"floor":10,"key":"Question Card"}],"event_choices":[{"damage_healed":0,"gold_gain":0,"player_choice":"Grow","damage_taken":0,"max_hp_gain":0,"max_hp_loss":0,"event_name":"Living Wall","floor":4,"gold_loss":0,"cards_upgraded":["Eruption"]},{"damage_healed":0,"gold_gain":0,"player_choice":"Leave","damage_taken":0,"max_hp_gain":0,"max_hp_loss":0,"event_name":"The Cleric","floor":5,"gold_loss":0},{"damage_healed":0,"gold_gain":67,"player_choice":"Gained Gold","damage_taken":0,"max_hp_gain":0,"max_hp_loss":0,"event_name":"Golden Wing","floor":13,"gold_loss":0},{"damage_healed":0,"gold_gain":75,"player_choice":"Gather Gold","damage_taken":11,"max_hp_gain":0,"max_hp_loss":0,"event_name":"World of Goop","floor":14,"gold_loss":0}],"is_beta":true,"boss_relics":[],"items_purged_floors":[],"is_endless":false,"potions_floor_spawned":[],"killed_by":"Hexaghost","ascension_level":0}