{"gold_per_floor":[109,34,34,48,48,48,48,48,73,87,113,113,132,132,132,233,233,244,260,240,251,265,265,265,265,265,300,300,313,313,313,313,412,462,476,476,476,150,0,0,18,32,84,84,84,84,101,114,114,114],"floor_reached":50,"playtime":2875,"items_purged":["Strike_B"],"score":671,"play_id":"251489df-83a4-418c-969d-9d0fa69613bc","local_time":"20180825143636","is_ascension_mode":true,"campfire_choices":[{"data":"Zap","floor":6,"key":"SMITH"},{"data":"Loop","floor":8,"key":"SMITH"},{"floor":15,"key":"REST"},{"floor":23,"key":"REST"},{"floor":25,"key":"REST"},{"floor":28,"key":"REST"},{"floor":32,"key":"REST"},{"floor":40,"key":"DIG"},{"floor":46,"key":"DIG"},{"floor":49,"key":"REST"}],"neow_cost":"NONE","seed_source_timestamp":227557922404726,"circlet_count":0,"master_deck":["Strike_B","Defend_B","Defend_B","Defend_B","Defend_B","Zap+1","Dualcast","Biased Cognition","Tempest","Loop+1","Turbo","Scrape","Redo","FTL","Core Surge","BootSequence+1","Double Energy+1","Thunder Strike","Auto Shields+1","Rip and Tear+1","Static Discharge+1","Rebound+1","Writhe","Finesse","Bandage Up","Tempest"],"relics":["Cracked Core","Art of War","Centennial Puzzle","Bottled Flame","Unceasing Top","Busted Crown","Strawberry","Du-Vu Doll","Pear","Tiny House","Shovel","Meat on the Bone","Red Mask","Sundial","Orichalcum","Gremlin Horn"],"potions_floor_usage":[16,21,24,27,33,42,48,50,50,50],"damage_taken":[{"damage":2,"enemies":"Jaw Worm","floor":1,"turns":3},{"damage":11,"enemies":"2 Louse","floor":4,"turns":3},{"damage":0,"enemies":"Cultist","floor":10,"turns":3},{"damage":20,"enemies":"Lagavulin","floor":11,"turns":4},{"damage":8,"enemies":"3 Louse","floor":13,"turns":2},{"damage":25,"enemies":"Slime Boss","floor":16,"turns":4},{"damage":13,"enemies":"Shell Parasite","floor":18,"turns":4},{"damage":1,"enemies":"Spheric Guardian","floor":19,"turns":3},{"damage":20,"enemies":"Centurion and Healer","floor":21,"turns":4},{"damage":5,"enemies":"Snecko","floor":22,"turns":3},{"damage":0,"enemies":"Book of Stabbing","floor":24,"turns":2},{"damage":47,"enemies":"Slavers","floor":27,"turns":5},{"damage":11,"enemies":"Shelled Parasite and Fungi","floor":29,"turns":5},{"damage":63,"enemies":"Automaton","floor":33,"turns":8},{"damage":6,"enemies":"3 Shapes","floor":35,"turns":5},{"damage":0,"floor":36,"turns":6},{"damage":25,"enemies":"3 Darklings","floor":41,"turns":4},{"damage":6,"enemies":"Transient","floor":42,"turns":5},{"damage":21,"enemies":"Spire Growth","floor":47,"turns":4},{"damage":11,"enemies":"4 Shapes","floor":48,"turns":3},{"damage":107,"enemies":"Donu and Deca","floor":50,"turns":6}],"seed_played":"5054804209106510812","potions_obtained":[{"floor":13,"key":"Strength Potion"},{"floor":16,"key":"Dexterity Potion"},{"floor":18,"key":"Block Potion"},{"floor":20,"key":"SneckoOil"},{"floor":21,"key":"SmokeBomb"},{"floor":22,"key":"FearPotion"},{"floor":29,"key":"AttackPotion"},{"floor":34,"key":"Strength Potion"},{"floor":36,"key":"Fire Potion"},{"floor":41,"key":"Explosive Potion"},{"floor":42,"key":"Weak Potion"},{"floor":48,"key":"Regen Potion"}],"is_trial":false,"path_per_floor":["M","$","?","M","?","R","?","R","T","M","E","T","M","?","R","B",null,"M","M","?","M","M","R","E","R","T","E","R","M","T","?","R","B",null,"M","?","?","$","?","R","M","M","T","?","?","R","M","M","R"],"character_chosen":"DEFECT","items_purchased":["Loop","Meat on the Bone"],"campfire_rested":6,"item_purchase_floors":[2,38],"current_hp_per_floor":[66,66,71,60,57,57,57,57,57,57,37,37,29,22,46,21,65,52,51,51,31,26,50,50,74,81,34,60,49,59,59,88,25,84,78,78,78,78,78,78,53,59,59,85,80,80,63,56,86,0],"gold":114,"neow_bonus":"ONE_RANDOM_RARE_CARD","is_prod":false,"is_daily":false,"chose_seed":false,"campfire_upgraded":2,"win_rate":0,"timestamp":1535200596,"path_taken":["M","$","?","M","?","R","?","R","T","M","E","?","?","?","R","BOSS","M","M","?","?","M","R","E","R","T","E","R","M","?","?","R","BOSS","M","?","?","?","?","R","M","M","T","?","?","R","?","M","R","BOSS"],"build_version":"2018-08-16","purchased_purges":1,"victory":false,"max_hp_per_floor":[75,75,80,80,80,80,80,80,80,80,80,80,80,80,80,80,80,80,80,80,80,80,80,80,80,87,87,87,87,97,97,97,97,102,102,102,102,102,102,102,102,102,102,102,102,102,102,102,102,102],"card_choices":[{"not_picked":["Gash","Undo"],"picked":"Tempest","floor":1},{"not_picked":["Cold Snap","Scrape"],"picked":"Turbo","floor":4},{"not_picked":["Chaos","Cold Snap"],"picked":"Scrape","floor":10},{"not_picked":["Compile Driver","Melter"],"picked":"Redo","floor":11},{"not_picked":["Gash","White Noise"],"picked":"FTL","floor":13},{"not_picked":["Rainbow","Fission"],"picked":"Core Surge","floor":16},{"not_picked":["Rip and Tear"],"picked":"SKIP","floor":18},{"not_picked":["Coolheaded"],"picked":"SKIP","floor":19},{"not_picked":[],"picked":"BootSequence","floor":21},{"not_picked":["Streamline"],"picked":"SKIP","floor":22},{"not_picked":[],"picked":"Double Energy+1","floor":27},{"not_picked":["Gash"],"picked":"SKIP","floor":29},{"not_picked":[],"picked":"Thunder Strike","floor":33},{"not_picked":[],"picked":"Auto Shields+1","floor":34},{"not_picked":[],"picked":"Rip and Tear+1","floor":35},{"not_picked":[],"picked":"Static Discharge+1","floor":36},{"not_picked":["Streamline"],"picked":"SKIP","floor":41},{"not_picked":[],"picked":"Rebound+1","floor":42},{"not_picked":[],"picked":"Finesse","floor":45},{"not_picked":[],"picked":"Bandage Up","floor":45},{"not_picked":["Recycle"],"picked":"SKIP","floor":47},{"not_picked":[],"picked":"Tempest","floor":48}],"player_experience":1576643,"relics_obtained":[{"floor":9,"key":"Centennial Puzzle"},{"floor":11,"key":"Bottled Flame"},{"floor":12,"key":"Unceasing Top"},{"floor":26,"key":"Strawberry"},{"floor":27,"key":"Du-Vu Doll"},{"floor":30,"key":"Pear"},{"floor":36,"key":"Shovel"},{"floor":40,"key":"Sundial"},{"floor":43,"key":"Orichalcum"},{"floor":46,"key":"Gremlin Horn"}],"event_choices":[{"event_name":"Big Fish","player_choice":"Donut","floor":3,"damage_taken":0},{"event_name":"Scrap Ooze","player_choice":"success","floor":5,"damage_taken":3},{"event_name":"WeMeetAgain","player_choice":"Attack","floor":7,"damage_taken":0},{"event_name":"Golden Wing","player_choice":"Card Removal","floor":14,"damage_taken":0},{"event_name":"The Woman in Blue","player_choice":"Bought 1 Potion","floor":20,"damage_taken":0},{"event_name":"Drug Dealer","player_choice":"Ignored","floor":31,"damage_taken":0},{"event_name":"MindBloom","player_choice":"Fight","floor":36,"damage_taken":0},{"event_name":"Falling","player_choice":"Removed Attack","floor":37,"damage_taken":0},{"event_name":"Tomb of Lord Red Mask","player_choice":"Paid","floor":39,"damage_taken":0},{"event_name":"Winding Halls","player_choice":"Writhe","floor":44,"damage_taken":0},{"event_name":"SensoryStone","player_choice":"Memory 2","floor":45,"damage_taken":0}],"is_beta":false,"boss_relics":[{"not_picked":["Coffee Dripper","FrozenCore"],"picked":"Busted Crown"},{"not_picked":["Snecko Eye","Runic Dome"],"picked":"Tiny House"}],"items_purged_floors":[38],"is_endless":false,"potions_floor_spawned":[13,16,18,21,22,29,36,41,42,48],"killed_by":"Donu and Deca","ascension_level":6}