{"gold_per_floor":[110,129,144,163,176,186,197,197],"floor_reached":8,"playtime":245,"items_purged":[],"score":59,"play_id":"d358d28d-d70a-4176-82a2-0c2abd96695a","local_time":"20190908111355","is_ascension_mode":true,"campfire_choices":[],"neow_cost":"NONE","seed_source_timestamp":42638211416282,"circlet_count":0,"master_deck":["Strike_G","Strike_G","Strike_G","Strike_G","Strike_G","Defend_G","Defend_G","Defend_G","Defend_G","Defend_G","Survivor","Neutralize","Crippling Poison","Poisoned Stab","Dagger Spray","All Out Attack","Blur","Noxious Fumes","Bouncing Flask"],"relics":["Ring of the Snake","NeowsBlessing"],"potions_floor_usage":[8,8,8],"damage_taken":[{"damage":0,"enemies":"Cultist","floor":1,"turns":1},{"damage":0,"enemies":"Small Slimes","floor":2,"turns":1},{"damage":0,"enemies":"2 Louse","floor":3,"turns":1},{"damage":0,"enemies":"2 Fungi Beasts","floor":4,"turns":2},{"damage":7,"enemies":"Red Slaver","floor":5,"turns":4},{"damage":11,"enemies":"Looter","floor":6,"turns":4},{"damage":35,"enemies":"Exordium Thugs","floor":7,"turns":5},{"damage":0,"enemies":"Lagavulin","floor":8,"turns":2}],"seed_played":"-4455859276320071643","potions_obtained":[{"floor":2,"key":"FearPotion"},{"floor":3,"key":"Regen Potion"},{"floor":5,"key":"Explosive Potion"}],"is_trial":false,"path_per_floor":["M","M","M","M","M","M","M","E"],"character_chosen":"THE_SILENT","items_purchased":[],"campfire_rested":0,"item_purchase_floors":[],"current_hp_per_floor":[70,70,70,70,63,52,17,22],"gold":197,"neow_bonus":"THREE_ENEMY_KILL","is_prod":false,"is_daily":false,"chose_seed":false,"campfire_upgraded":0,"win_rate":0,"timestamp":1567952035,"path_taken":["M","M","M","M","M","M","M","E"],"build_version":"2019-07-17","purchased_purges":0,"victory":false,"max_hp_per_floor":[70,70,70,70,70,70,70,70],"card_choices":[{"not_picked":["Prepared","Reflex"],"picked":"Crippling Poison","floor":1},{"not_picked":["Well Laid Plans","Dagger Throw"],"picked":"Poisoned Stab","floor":2},{"not_picked":["Accuracy","Endless Agony"],"picked":"Dagger Spray","floor":3},{"not_picked":["Expertise","Sucker Punch"],"picked":"All Out Attack","floor":4},{"not_picked":["Masterful Stab","Endless Agony"],"picked":"Blur","floor":5},{"not_picked":["PiercingWail","Deadly Poison"],"picked":"Noxious Fumes","floor":6},{"not_picked":["Flying Knee","Reflex"],"picked":"Bouncing Flask","floor":7}],"player_experience":399217,"relics_obtained":[],"event_choices":[],"is_beta":false,"boss_relics":[],"items_purged_floors":[],"is_endless":false,"potions_floor_spawned":[2,3,5,7],"killed_by":"Lagavulin","ascension_level":2}