{"gold_per_floor":[111,128,128,13,26,26,26,26,51,67,78,93,123,138,138,215,215,228,242,49,0,0,0,17,17,93,128,128,128,178,178,178,178],"floor_reached":33,"playtime":2798,"items_purged":[],"score":410,"play_id":"d457919f-dd13-4b0e-a458-4312ff3f61dc","local_time":"20181220190604","is_ascension_mode":true,"campfire_choices":[{"data":"Cloak And Dagger","floor":6,"key":"SMITH"},{"data":"Terror","floor":8,"key":"SMITH"},{"data":"Predator","floor":15,"key":"SMITH"},{"floor":23,"key":"REST"},{"data":"Blur","floor":25,"key":"SMITH"},{"floor":28,"key":"REST"},{"floor":32,"key":"REST"}],"neow_cost":"CURSE","seed_source_timestamp":1070894409969111,"circlet_count":0,"master_deck":["AscendersBane","Defend_G","Defend_G","Defend_G","Defend_G","Defend_G","Strike_G","Strike_G","Strike_G","Strike_G","Strike_G","Survivor","Neutralize+1","Blur+1","Dagger Throw","Cloak And Dagger+1","Swift Strike","Terror+1","Blade Dance","Deflect","Predator+1","Acrobatics","Adrenaline","Backstab","Prepared+1","HandOfGreed","PiercingWail","Dash","A Thousand Cuts"],"relics":["Ring of the Snake","Odd Mushroom","Eternal Feather","Bottled Flame"],"potions_floor_usage":[12,13,13,16,18,18,19,31],"damage_taken":[{"damage":1,"enemies":"2 Louse","floor":1,"turns":4},{"damage":11,"enemies":"Cultist","floor":2,"turns":5},{"damage":1,"enemies":"Jaw Worm","floor":5,"turns":5},{"damage":0,"enemies":"Blue Slaver","floor":10,"turns":3},{"damage":11,"enemies":"3 Louse","floor":11,"turns":3},{"damage":0,"enemies":"Gremlin Gang","floor":12,"turns":7},{"damage":20,"enemies":"The Mushroom Lair","floor":13,"turns":6},{"damage":1,"enemies":"Exordium Wildlife","floor":14,"turns":4},{"damage":17,"enemies":"The Guardian","floor":16,"turns":15},{"damage":43,"enemies":"Spheric Guardian","floor":18,"turns":6},{"damage":4,"enemies":"3 Byrds","floor":19,"turns":4},{"damage":26,"enemies":"Snake Plant","floor":24,"turns":5},{"damage":32,"enemies":"Shelled Parasite and Fungi","floor":27,"turns":10},{"damage":19,"enemies":"Centurion and Healer","floor":30,"turns":9},{"damage":0,"enemies":"Snecko","floor":31,"turns":2},{"damage":62,"enemies":"Collector","floor":33,"turns":5}],"seed_played":"3840187483337833253","potions_obtained":[{"floor":2,"key":"EssenceOfSteel"},{"floor":11,"key":"Weak Potion"},{"floor":12,"key":"Regen Potion"},{"floor":13,"key":"Fire Potion"},{"floor":14,"key":"FearPotion"},{"floor":16,"key":"FearPotion"},{"floor":18,"key":"Explosive Potion"},{"floor":30,"key":"SmokeBomb"}],"is_trial":false,"path_per_floor":["M","M","?","$","M","R","?","R","T","M","M","M","?","M","R","B",null,"M","M","$","?","?","R","M","R","T","M","R","?","M","M","R","B"],"character_chosen":"THE_SILENT","items_purchased":["Cloak And Dagger","Swift Strike","HandOfGreed"],"campfire_rested":3,"item_purchase_floors":[4,4,20],"current_hp_per_floor":[70,59,59,59,58,58,58,58,58,58,47,47,42,41,41,24,65,22,18,18,18,18,56,30,45,45,13,51,36,17,17,56,0],"gold":178,"neow_bonus":"TWENTY_PERCENT_HP_BONUS","is_prod":false,"is_daily":false,"chose_seed":false,"campfire_upgraded":4,"win_rate":0,"timestamp":1545350764,"path_taken":["M","M","?","$","?","R","?","R","T","M","M","M","?","M","R","BOSS","M","M","$","?","?","R","M","R","T","M","R","?","M","M","R","BOSS"],"build_version":"2018-12-13","purchased_purges":0,"victory":false,"max_hp_per_floor":[78,78,78,78,78,78,78,78,78,78,78,78,78,78,78,78,78,78,78,78,78,78,78,78,78,78,78,78,83,83,83,83,83],"card_choices":[{"not_picked":["Finisher","Heel Hook"],"picked":"Blur","floor":1},{"not_picked":["Expertise","Calculated Gamble"],"picked":"Dagger Throw","floor":2},{"not_picked":["Dodge and Roll","Quick Slash"],"picked":"Terror","floor":5},{"not_picked":["PiercingWail","Acrobatics"],"picked":"Blade Dance","floor":10},{"not_picked":["Quick Slash","Predator"],"picked":"Deflect","floor":11},{"not_picked":["Bouncing Flask","Slice"],"picked":"Predator","floor":12},{"not_picked":["Underhanded Strike","Bane"],"picked":"Acrobatics","floor":14},{"not_picked":["Night Terror","Phantasmal Killer"],"picked":"Adrenaline","floor":16},{"not_picked":["PiercingWail","Flechettes"],"picked":"Backstab","floor":18},{"not_picked":["Noxious Fumes","Deflect"],"picked":"Prepared+1","floor":19},{"not_picked":["Sucker Punch","Terror+1"],"picked":"PiercingWail","floor":24},{"not_picked":["Acrobatics","Blade Dance"],"picked":"Dash","floor":27},{"not_picked":["Quick Slash","Sucker Punch"],"picked":"A Thousand Cuts","floor":30}],"player_experience":2085039,"relics_obtained":[{"floor":13,"key":"Odd Mushroom"},{"floor":26,"key":"Bottled Flame"}],"event_choices":[{"damage_healed":0,"gold_gain":0,"player_choice":"Forge","damage_taken":0,"max_hp_gain":0,"max_hp_loss":0,"event_name":"Accursed Blacksmith","floor":3,"gold_loss":0,"cards_upgraded":["Neutralize"]},{"cards_removed":["Regret"],"damage_healed":0,"gold_gain":0,"player_choice":"Forget","damage_taken":0,"max_hp_gain":0,"max_hp_loss":0,"event_name":"Living Wall","floor":7,"gold_loss":0},{"damage_healed":0,"gold_gain":0,"player_choice":"Fought Mushrooms","damage_taken":0,"max_hp_gain":0,"max_hp_loss":0,"event_name":"Mushrooms","floor":13,"gold_loss":0},{"damage_healed":0,"gold_gain":0,"player_choice":"Paid Fearfully","damage_taken":0,"max_hp_gain":0,"max_hp_loss":0,"event_name":"Masked Bandits","floor":21,"gold_loss":49},{"damage_healed":0,"gold_gain":0,"player_choice":"Ignored","damage_taken":0,"max_hp_gain":0,"max_hp_loss":0,"event_name":"Cursed Tome","floor":22,"gold_loss":0},{"damage_healed":0,"gold_gain":0,"player_choice":"Shed Blood","damage_taken":20,"max_hp_gain":5,"max_hp_loss":0,"event_name":"Forgotten Altar","floor":29,"gold_loss":0}],"is_beta":false,"boss_relics":[{"not_picked":["Runic Pyramid","Ectoplasm"],"picked":"Eternal Feather"}],"items_purged_floors":[],"is_endless":false,"potions_floor_spawned":[2,11,12,13,14,16,18,30,31],"killed_by":"Collector","ascension_level":14}