{"gold_per_floor":[116,116,127,202,202,216,216,249,274,300,300,3,18,34,34,34],"floor_reached":16,"playtime":803,"items_purged":[],"score":110,"play_id":"ab97f017-7a55-464a-80be-a1e3ff11bfbd","local_time":"20191012153819","is_ascension_mode":false,"campfire_choices":[{"data":"True Grit","floor":7,"key":"SMITH"},{"data":"Metallicize","floor":15,"key":"SMITH"}],"neow_cost":"PERCENT_DAMAGE","seed_source_timestamp":1097096234753600,"circlet_count":0,"master_deck":["Strike_R","Strike_R","Strike_R","Strike_R","Defend_R","Defend_R","Defend_R","Defend_R","Bash","Immolate","Infernal Blade","Wild Strike","Regret","True Grit+1","Metallicize+1","Corruption","Pommel Strike","Combust"],"relics":["Burning Blood","Red Skull","Meat on the Bone","Bag of Preparation","Peace Pipe","Bottled Tornado"],"potions_floor_usage":[16],"damage_taken":[{"damage":5,"enemies":"Jaw Worm","floor":1,"turns":4},{"damage":1,"enemies":"Cultist","floor":3,"turns":3},{"damage":0,"enemies":"2 Louse","floor":6,"turns":2},{"damage":20,"enemies":"3 Sentries","floor":8,"turns":5},{"damage":33,"enemies":"Lagavulin","floor":10,"turns":7},{"damage":4,"enemies":"Blue Slaver","floor":13,"turns":2},{"damage":0,"enemies":"Looter","floor":14,"turns":2},{"damage":78,"enemies":"The Guardian","floor":16,"turns":9}],"seed_played":"-1676283107563044288","potions_obtained":[{"floor":1,"key":"FairyPotion"},{"floor":14,"key":"Regen Potion"}],"is_trial":false,"path_per_floor":["M","?","M","?","?","M","R","E","T","E","?","$","M","M","R","B"],"character_chosen":"IRONCLAD","items_purchased":["Bottled Tornado","Corruption"],"campfire_rested":0,"item_purchase_floors":[12,12],"current_hp_per_floor":[57,57,62,51,51,57,57,43,43,28,33,33,47,53,53,0],"gold":34,"neow_bonus":"THREE_RARE_CARDS","is_prod":false,"is_daily":false,"chose_seed":false,"campfire_upgraded":2,"win_rate":0,"timestamp":1570865899,"path_taken":["M","?","?","?","?","M","R","E","T","E","?","$","M","?","R","BOSS"],"build_version":"2019-07-17","purchased_purges":0,"victory":false,"max_hp_per_floor":[80,80,80,80,80,80,80,80,80,80,80,80,80,80,80,80],"card_choices":[{"not_picked":["Feed","Offering"],"picked":"Immolate","floor":0},{"not_picked":["Disarm","Armaments"],"picked":"Infernal Blade","floor":1},{"not_picked":["Headbutt","Seeing Red"],"picked":"Wild Strike","floor":3},{"not_picked":["Perfected Strike","Feel No Pain"],"picked":"True Grit","floor":6},{"not_picked":["Cleave","Wild Strike"],"picked":"Body Slam","floor":8},{"not_picked":["Warcry","Clash"],"picked":"Metallicize","floor":10},{"not_picked":["Disarm","Fire Breathing"],"picked":"Pommel Strike","floor":13},{"not_picked":["Sword Boomerang","Clash"],"picked":"Combust","floor":14}],"player_experience":151576,"relics_obtained":[{"floor":8,"key":"Meat on the Bone"},{"floor":9,"key":"Bag of Preparation"},{"floor":10,"key":"Peace Pipe"}],"event_choices":[{"cards_removed":["Strike_R"],"damage_healed":0,"gold_gain":0,"player_choice":"Purged","damage_taken":0,"max_hp_gain":0,"max_hp_loss":0,"event_name":"Purifier","floor":2,"gold_loss":0},{"damage_healed":0,"gold_gain":75,"player_choice":"Gather Gold","damage_taken":11,"max_hp_gain":0,"max_hp_loss":0,"event_name":"World of Goop","floor":4,"gold_loss":0},{"damage_healed":0,"gold_gain":0,"player_choice":"Box","damage_taken":0,"relics_obtained":["Red Skull"],"max_hp_gain":0,"max_hp_loss":0,"event_name":"Big Fish","floor":5,"gold_loss":0,"cards_obtained":["Regret"]},{"cards_removed":["Body Slam"],"damage_healed":5,"gold_gain":0,"player_choice":"Offered Common","damage_taken":0,"max_hp_gain":0,"max_hp_loss":0,"event_name":"Bonfire Elementals","floor":11,"gold_loss":0},{"cards_removed":["Body Slam"],"damage_healed":5,"gold_gain":0,"player_choice":"Offered Special","damage_taken":0,"max_hp_gain":0,"max_hp_loss":0,"event_name":"Bonfire Elementals","floor":11,"gold_loss":0}],"is_beta":false,"boss_relics":[],"items_purged_floors":[],"is_endless":false,"potions_floor_spawned":[1,14],"killed_by":"The Guardian","ascension_level":0}