{"gold_per_floor":[367,266,285,24,39,39,69,84,84,84,17,36,65,83,83,186,186,200,200,200,14,14,14,30,45,45,45,45],"floor_reached":28,"playtime":1983,"items_purged":["Shame"],"score":322,"play_id":"1b92d01f-0f58-4380-8042-71d1145961f3","local_time":"20180914221049","is_ascension_mode":true,"campfire_choices":[{"data":"Apotheosis","floor":6.0,"key":"SMITH"},{"floor":10.0,"key":"REST"},{"floor":15.0,"key":"REST"},{"data":"Defragment","floor":23.0,"key":"SMITH"}],"neow_cost":"CURSE","seed_source_timestamp":0,"circlet_count":0,"master_deck":["Strike_B+1","Strike_B+1","Strike_B+1","Strike_B+1","Defend_B+1","Defend_B+1","Defend_B+1","Defend_B+1","Zap","Dualcast","Turbo","Conserve Battery","Auto Shields","Apotheosis+1","Static Discharge","Fusion","Skim","Redo","Defragment+1","Chaos","Thunder Strike","Capacitor+1","J.A.X.","Metamorphosis","Ball Lightning","Reinforced Body+1"],"special_seed":0,"relics":["Cracked Core","Darkstone Periapt","Mercury Hourglass","Pantograph","Eternal Feather","Art of War"],"potions_floor_usage":[25],"damage_taken":[{"damage":0.0,"enemies":"2 Louse","floor":1.0,"turns":3.0},{"damage":3.0,"enemies":"Small Slimes","floor":3.0,"turns":3.0},{"damage":0.0,"enemies":"Cultist","floor":5.0,"turns":4.0},{"damage":6.0,"enemies":"Lagavulin","floor":7.0,"turns":9.0},{"damage":24.0,"enemies":"Exordium Wildlife","floor":8.0,"turns":4.0},{"damage":10.0,"enemies":"Large Slime","floor":12.0,"turns":6.0},{"damage":11.0,"enemies":"Gremlin Nob","floor":13.0,"turns":4.0},{"damage":2.0,"enemies":"Exordium Thugs","floor":14.0,"turns":4.0},{"damage":30.0,"enemies":"The Guardian","floor":16.0,"turns":9.0},{"damage":16.0,"enemies":"Spheric Guardian","floor":18.0,"turns":4.0},{"damage":5.0,"enemies":"Chosen","floor":20.0,"turns":4.0},{"damage":36.0,"enemies":"Sentry and Sphere","floor":24.0,"turns":6.0},{"damage":21,"enemies":"Snecko","floor":25,"turns":5},{"damage":5,"enemies":"Snake Plant","floor":28,"turns":1}],"seed_played":"6958508149299025194","potions_obtained":[{"floor":1.0,"key":"AttackPotion"},{"floor":3.0,"key":"SmokeBomb"},{"floor":8.0,"key":"Dexterity Potion"},{"floor":16.0,"key":"FocusPotion"},{"floor":25,"key":"FocusPotion"}],"is_trial":false,"path_per_floor":["M","$","M","$","M","R","E","M","T","R","$","M","E","M","R","B",null,"M","?","M","$","?","R","M","M","T","?"],"character_chosen":"DEFECT","items_purchased":["Conserve Battery","Apotheosis","Static Discharge","Defragment","Metamorphosis"],"campfire_rested":2,"item_purchase_floors":[2,4,4,11,21],"current_hp_per_floor":[68,68,65,65,65,65,59,35,35,57,57,47,36,34,56,45,68,52,52,47,47,47,59,23,2,2,2,0],"gold":45,"neow_bonus":"TWO_FIFTY_GOLD","is_prod":false,"is_daily":false,"chose_seed":false,"campfire_upgraded":2,"win_rate":0,"timestamp":1536977449,"path_taken":["M","$","M","$","M","R","E","M","T","R","$","M","E","M","R","BOSS","M","?","M","$","?","R","M","M","T","?","M"],"build_version":"2018-08-23v2","purchased_purges":1,"victory":false,"max_hp_per_floor":[75,75,75,75,75,75,75,75,75,75,75,75,75,75,75,75,75,75,75,75,75,75,75,75,75,75,75,75],"card_choices":[{"not_picked":["Rip and Tear","Streamline"],"picked":"Turbo","floor":1.0},{"not_picked":["Go for the Eyes","Rebound"],"picked":"Auto Shields","floor":3.0},{"not_picked":["Stack","Barrage"],"picked":"Fusion","floor":5.0},{"not_picked":["Compile Driver","Self Repair"],"picked":"Skim","floor":7.0},{"not_picked":["Barrage","Streamline"],"picked":"Redo","floor":8.0},{"not_picked":["Hello World","Turbo"],"picked":"Chaos","floor":12.0},{"not_picked":["Blizzard","Barrage","Amplify"],"picked":"SKIP","floor":13.0},{"not_picked":["Chaos","Sweeping Beam","Leap"],"picked":"SKIP","floor":14.0},{"not_picked":["Echo Form","Buffer"],"picked":"Thunder Strike","floor":16.0},{"not_picked":["Heatsinks","Self Repair"],"picked":"Capacitor+1","floor":18.0},{"not_picked":["Sweeping Beam+1","Redo"],"picked":"Ball Lightning","floor":24.0},{"not_picked":["Fusion","Ball Lightning"],"picked":"Reinforced Body+1","floor":25}],"player_experience":1707987,"relics_obtained":[{"floor":7.0,"key":"Darkstone Periapt"},{"floor":9.0,"key":"Mercury Hourglass"},{"floor":13.0,"key":"Pantograph"},{"floor":26,"key":"Art of War"}],"event_choices":[{"event_name":"Drug Dealer","player_choice":"Got JAX","floor":19.0,"damage_taken":0.0},{"event_name":"Accursed Blacksmith","player_choice":"Ignore","floor":22.0,"damage_taken":0.0},{"event_name":"Back to Basics","player_choice":"Simplicity","floor":27,"damage_taken":0}],"is_beta":false,"boss_relics":[{"not_picked":["Snecko Eye","Busted Crown"],"picked":"Eternal Feather"}],"items_purged_floors":[2],"is_endless":false,"potions_floor_spawned":[1,3,8,16,20,25],"killed_by":"Snake Plant","ascension_level":8}