{"gold_per_floor":[111,29,47,47,47,82,98,98,124,124,150,150,193,207,207,207],"floor_reached":16,"playtime":653,"items_purged":[],"score":259,"play_id":"f2983601-e4aa-4f9f-8b0d-1bd0900d7f1e","local_time":"20190705153007","is_ascension_mode":true,"campfire_choices":[{"data":"Neutralize","floor":10.0,"key":"SMITH"},{"floor":15.0,"key":"REST"}],"neow_cost":"NONE","seed_source_timestamp":98197268518204,"circlet_count":0,"master_deck":["AscendersBane","Defend_G","Defend_G","Defend_G","Defend_G","Defend_G","Strike_G","Strike_G","Strike_G","Strike_G","Survivor","Neutralize+1","Dagger Spray","Quick Slash","PiercingWail","Poisoned Stab","Adrenaline+1","Bane","Blade Dance+1","Dash","Cloak And Dagger+1"],"special_seed":0,"relics":["Ring of the Snake","NeowsBlessing","Bag of Preparation","Toxic Egg 2","Omamori","Odd Mushroom","Golden Idol","Pen Nib"],"potions_floor_usage":[16],"damage_taken":[{"damage":0.0,"enemies":"2 Louse","floor":1.0,"turns":1.0},{"damage":0.0,"enemies":"Jaw Worm","floor":3.0,"turns":1.0},{"damage":0.0,"enemies":"3 Sentries","floor":6.0,"turns":1.0},{"damage":1.0,"enemies":"Small Slimes","floor":7.0,"turns":2.0},{"damage":3.0,"enemies":"The Mushroom Lair","floor":11.0,"turns":3.0},{"damage":15.0,"enemies":"Lagavulin","floor":13.0,"turns":5.0},{"damage":17.0,"enemies":"3 Louse","floor":14.0,"turns":2.0},{"damage":30,"enemies":"Slime Boss","floor":16,"turns":7}],"seed_played":"545699945176515662","potions_obtained":[{"floor":3.0,"key":"SkillPotion"},{"floor":6.0,"key":"Weak Potion"},{"floor":14.0,"key":"SkillPotion"}],"is_trial":false,"path_per_floor":["M","$","M","?","?","E","M","?","T","R","?","?","E","M","R","B"],"character_chosen":"THE_SILENT","items_purchased":["Quick Slash","PiercingWail"],"campfire_rested":1,"item_purchase_floors":[2,2],"current_hp_per_floor":[59,59,59,48,48,48,47,47,47,47,44,44,29,12,30,0],"gold":207,"neow_bonus":"THREE_ENEMY_KILL","is_prod":false,"is_daily":false,"chose_seed":false,"campfire_upgraded":1,"win_rate":0,"timestamp":1562355007,"path_taken":["M","$","M","?","?","E","M","?","T","R","?","?","E","M","R","BOSS"],"build_version":"2019-01-23","purchased_purges":0,"victory":false,"max_hp_per_floor":[66,66,66,66,66,66,66,66,66,66,66,60,60,60,60,60],"card_choices":[{"not_picked":["Prepared","Underhanded Strike"],"picked":"Dagger Spray","floor":1.0},{"not_picked":["Blade Dance","Accuracy"],"picked":"Poisoned Stab","floor":3.0},{"not_picked":["Tactician","Quick Slash"],"picked":"Adrenaline","floor":6.0},{"not_picked":["Slice","Choke"],"picked":"Bane","floor":7.0},{"not_picked":["Poisoned Stab","Skewer"],"picked":"Blade Dance+1","floor":11.0},{"not_picked":["Finisher","Quick Slash"],"picked":"Dash","floor":13.0},{"not_picked":["Endless Agony","Prepared+1"],"picked":"Cloak And Dagger+1","floor":14.0}],"player_experience":2678368,"relics_obtained":[{"floor":6.0,"key":"Toxic Egg 2"},{"floor":9.0,"key":"Omamori"},{"floor":11.0,"key":"Odd Mushroom"},{"floor":13.0,"key":"Pen Nib"}],"event_choices":[{"damage_healed":0.0,"max_hp_gain":0.0,"max_hp_loss":0.0,"gold_gain":0.0,"event_name":"Scrap Ooze","player_choice":"Success","floor":4.0,"gold_loss":0.0,"damage_taken":11.0,"relics_obtained":["Bag of Preparation"]},{"damage_healed":0.0,"max_hp_gain":0.0,"max_hp_loss":0.0,"gold_gain":0.0,"event_name":"Liars Game","player_choice":"Ignored","floor":5.0,"gold_loss":0.0,"damage_taken":0.0},{"cards_removed":["Strike_G"],"damage_healed":0.0,"max_hp_gain":0.0,"max_hp_loss":0.0,"gold_gain":0.0,"event_name":"Living Wall","player_choice":"Forget","floor":8.0,"gold_loss":0.0,"damage_taken":0.0},{"damage_healed":0.0,"max_hp_gain":0.0,"max_hp_loss":0.0,"gold_gain":0.0,"event_name":"Mushrooms","player_choice":"Fought Mushrooms","floor":11.0,"gold_loss":0.0,"damage_taken":0.0},{"damage_healed":0.0,"max_hp_gain":0.0,"max_hp_loss":6.0,"gold_gain":0.0,"event_name":"Golden Idol","player_choice":"Lose Max HP","floor":12.0,"gold_loss":0.0,"damage_taken":0.0,"relics_obtained":["Golden Idol"]}],"is_beta":false,"boss_relics":[],"items_purged_floors":[],"is_endless":false,"potions_floor_spawned":[3,6,14],"killed_by":"Slime Boss","ascension_level":19}