{"gold_per_floor":[119,119,294,39,54,84,84,113,113,113,131,131,131,144,144,268,268,253,278,178,197,26,26,26,70,70,70,70,70,94,112,112,231,231,251,251,251],"floor_reached":37,"playtime":2967,"items_purged":["Doubt"],"score":470,"play_id":"31a47c2b-95a2-4703-927d-c2fffccb8672","local_time":"20191012222605","is_ascension_mode":false,"campfire_choices":[{"data":"Mayhem","floor":7,"key":"SMITH"},{"data":"Conserve Battery","floor":12,"key":"SMITH"},{"data":"Self Repair","floor":15,"key":"SMITH"},{"data":"Apotheosis","floor":23,"key":"SMITH"},{"data":"Coolheaded","floor":28,"key":"SMITH"},{"data":"Skim","floor":32,"key":"SMITH"}],"neow_cost":"NONE","seed_source_timestamp":3602162595900,"circlet_count":0,"master_deck":["Strike_B","Strike_B","Strike_B","Defend_B","Defend_B","Defend_B","Defend_B","Zap","Dualcast","Cold Snap","Mayhem+1","Sweeping Beam","All For One","Conserve Battery+1","Rebound","Self Repair+1","All For One","Coolheaded","Chaos+1","Stack","Rebound","Coolheaded+1","Apotheosis+1","Aggregate+1","Shame","Ghostly","Ghostly","Ghostly","Ghostly","Ghostly","Skim+1","Go for the Eyes+1","Creative AI","BootSequence","Madness","Madness"],"relics":["FrozenCore","NeowsBlessing","Letter Opener","Bag of Marbles","Lantern","Happy Flower","Golden Idol","Nilry\u0027s Codex","Shuriken","Sundial","Bird Faced Urn","Inserter"],"potions_floor_usage":[8,21,33],"damage_taken":[{"damage":0,"enemies":"Small Slimes","floor":1,"turns":1},{"damage":0,"enemies":"2 Louse","floor":5,"turns":1},{"damage":0,"enemies":"3 Sentries","floor":6,"turns":1},{"damage":27,"enemies":"Gremlin Nob","floor":8,"turns":4},{"damage":4,"enemies":"Jaw Worm","floor":11,"turns":3},{"damage":0,"enemies":"3 Louse","floor":14,"turns":3},{"damage":15,"enemies":"Hexaghost","floor":16,"turns":11},{"damage":19,"enemies":"2 Thieves","floor":18,"turns":4},{"damage":9,"enemies":"Shell Parasite","floor":19,"turns":8},{"damage":14,"enemies":"3 Cultists","floor":21,"turns":6},{"damage":25,"enemies":"Gremlin Leader","floor":25,"turns":10},{"damage":6,"enemies":"Chosen and Byrds","floor":30,"turns":9},{"damage":17,"enemies":"Snake Plant","floor":31,"turns":5},{"damage":52,"enemies":"Automaton","floor":33,"turns":11},{"damage":3,"enemies":"Orb Walker","floor":35,"turns":7},{"damage":43,"enemies":"2 Orb Walkers","floor":37,"turns":3}],"seed_played":"-8452615274194105048","potions_obtained":[{"floor":5,"key":"Ancient Potion"},{"floor":6,"key":"AttackPotion"},{"floor":16,"key":"SkillPotion"},{"floor":18,"key":"Dexterity Potion"},{"floor":25,"key":"Strength Potion"},{"floor":31,"key":"FairyPotion"}],"is_trial":false,"path_per_floor":["M","?","?","$","M","E","R","E","T","T","M","R","?","M","R","B",null,"M","M","$","M","$","R","?","E","T","?","R","?","M","M","R","B",null,"M","?","?"],"character_chosen":"DEFECT","items_purchased":["Mayhem","Stack","Rebound","Apotheosis"],"campfire_rested":0,"item_purchase_floors":[4,20,20,22],"current_hp_per_floor":[75,75,75,75,75,75,75,48,48,48,44,44,26,26,26,21,75,56,57,57,53,53,53,37,22,22,22,22,22,36,31,31,13,37,36,31,0],"gold":251,"neow_bonus":"THREE_ENEMY_KILL","is_prod":false,"is_daily":false,"chose_seed":false,"campfire_upgraded":6,"win_rate":0,"timestamp":1570890365,"path_taken":["M","?","?","$","M","E","R","E","T","?","M","R","?","M","R","BOSS","M","M","$","M","$","R","?","E","T","?","R","?","?","?","R","BOSS","M","?","?"],"build_version":"2019-07-17","purchased_purges":1,"victory":false,"max_hp_per_floor":[75,75,75,75,75,75,75,75,75,75,75,75,75,75,75,75,75,75,75,75,75,75,75,75,75,75,75,75,37,37,37,37,37,37,37,37,37],"card_choices":[{"not_picked":["Heatsinks","Hello World"],"picked":"Cold Snap","floor":1},{"not_picked":["Coolheaded","Genetic Algorithm"],"picked":"Sweeping Beam","floor":5},{"not_picked":["Auto Shields","Sweeping Beam"],"picked":"All For One","floor":6},{"not_picked":["Stack","Double Energy"],"picked":"Conserve Battery","floor":8},{"not_picked":["Steam","Genetic Algorithm"],"picked":"Rebound","floor":11},{"not_picked":["Blizzard","Multi-Cast"],"picked":"Self Repair","floor":14},{"not_picked":["Reboot","Fission"],"picked":"All For One","floor":16},{"not_picked":["Skim+1","White Noise"],"picked":"Coolheaded","floor":18},{"not_picked":["Redo","Coolheaded"],"picked":"Chaos+1","floor":19},{"not_picked":["Stack","Turbo"],"picked":"Coolheaded","floor":21},{"not_picked":["Fusion+1","Coolheaded"],"picked":"Aggregate+1","floor":25},{"not_picked":["Double Energy","Redo+1"],"picked":"Skim","floor":30},{"not_picked":["Rebound","Blizzard+1"],"picked":"Go for the Eyes+1","floor":31},{"not_picked":["Thunder Strike","Electrodynamics"],"picked":"Creative AI","floor":33},{"not_picked":["Sweeping Beam+1","Hologram"],"picked":"BootSequence","floor":35}],"player_experience":159211,"relics_obtained":[{"floor":6,"key":"Letter Opener"},{"floor":8,"key":"Bag of Marbles"},{"floor":9,"key":"Lantern"},{"floor":10,"key":"Happy Flower"},{"floor":24,"key":"Nilry\u0027s Codex"},{"floor":25,"key":"Shuriken"},{"floor":26,"key":"Sundial"}],"event_choices":[{"cards_removed":["Strike_B"],"damage_healed":0,"gold_gain":0,"player_choice":"Forget","damage_taken":0,"max_hp_gain":0,"max_hp_loss":0,"event_name":"Living Wall","floor":2,"gold_loss":0},{"damage_healed":0,"gold_gain":175,"player_choice":"AGREE","damage_taken":0,"max_hp_gain":0,"max_hp_loss":0,"event_name":"Liars Game","floor":3,"gold_loss":0,"cards_obtained":["Doubt"]},{"damage_healed":0,"gold_gain":0,"player_choice":"Take Damage","damage_taken":18,"relics_obtained":["Golden Idol"],"max_hp_gain":0,"max_hp_loss":0,"event_name":"Golden Idol","floor":13,"gold_loss":0},{"damage_healed":0,"gold_gain":0,"player_choice":"Obtained Book","damage_taken":16,"max_hp_gain":0,"max_hp_loss":0,"event_name":"Cursed Tome","floor":24,"gold_loss":0},{"damage_healed":0,"gold_gain":0,"player_choice":"Stole Relic","damage_taken":0,"relics_obtained":["Bird Faced Urn"],"max_hp_gain":0,"max_hp_loss":0,"event_name":"Addict","floor":27,"gold_loss":0,"cards_obtained":["Shame"]},{"damage_healed":0,"gold_gain":0,"player_choice":"Became a Ghost","damage_taken":0,"max_hp_gain":0,"max_hp_loss":38,"event_name":"Ghosts","floor":29,"gold_loss":0,"cards_obtained":["Ghostly","Ghostly","Ghostly","Ghostly","Ghostly"]},{"damage_healed":0,"gold_gain":0,"player_choice":"Embrace Madness","damage_taken":5,"max_hp_gain":0,"max_hp_loss":0,"event_name":"Winding Halls","floor":36,"gold_loss":0,"cards_obtained":["Madness","Madness"]},{"damage_healed":0,"gold_gain":0,"player_choice":"Fight","damage_taken":0,"max_hp_gain":0,"max_hp_loss":0,"event_name":"Mysterious Sphere","floor":37,"gold_loss":0}],"is_beta":false,"boss_relics":[{"not_picked":["Ectoplasm","Pandora\u0027s Box"],"picked":"FrozenCore"},{"not_picked":["Calling Bell","Runic Pyramid"],"picked":"Inserter"}],"items_purged_floors":[4],"is_endless":false,"potions_floor_spawned":[5,6,16,18,25,31],"killed_by":"2 Orb Walkers","ascension_level":0}