{"gold_per_floor":[112,132,49,60,80,112,112,122,193,193,219,219,234,250,250,324,324,337,355,372,372],"floor_reached":21,"playtime":3360,"items_purged":[],"score":341,"play_id":"bde90a5b-e83d-42f4-b97a-44dd6fd24f94","local_time":"20190124232317","is_ascension_mode":true,"campfire_choices":[{"floor":7,"key":"REST"},{"data":"Clothesline","floor":12,"key":"SMITH"},{"data":"Armaments","floor":15,"key":"SMITH"}],"neow_cost":"NONE","seed_source_timestamp":501347188094807,"circlet_count":0,"master_deck":["AscendersBane","Strike_R","Strike_R","Strike_R","Strike_R","Strike_R","Defend_R","Defend_R","Defend_R","Defend_R","Bash","Reckless Charge","Power Through","Flash of Steel","Thunderclap","Battle Trance","Metallicize","Headbutt","Clothesline+1","Armaments+1","Feed","Twin Strike","Flex"],"relics":["Burning Blood","Strawberry","Blue Candle","Magic Flower","Eternal Feather"],"potions_floor_usage":[4,11,16,19,19],"damage_taken":[{"damage":11,"enemies":"Cultist","floor":1,"turns":4},{"damage":0,"enemies":"2 Louse","floor":2,"turns":3},{"damage":0,"enemies":"Small Slimes","floor":4,"turns":2},{"damage":9,"enemies":"Red Slaver","floor":5,"turns":2},{"damage":60,"enemies":"3 Sentries","floor":6,"turns":11},{"damage":13,"enemies":"Blue Slaver","floor":8,"turns":5},{"damage":14,"enemies":"Gremlin Nob","floor":11,"turns":5},{"damage":2,"enemies":"Exordium Thugs","floor":13,"turns":4},{"damage":7,"enemies":"Red Slaver","floor":14,"turns":5},{"damage":49,"enemies":"Slime Boss","floor":16,"turns":13},{"damage":13,"enemies":"Chosen","floor":18,"turns":6},{"damage":18,"enemies":"Shell Parasite","floor":19,"turns":9},{"damage":56,"enemies":"Sentry and Sphere","floor":20,"turns":8},{"damage":21,"enemies":"Snecko","floor":21,"turns":3}],"seed_played":"-2413472213128892122","potions_obtained":[{"floor":2,"key":"Explosive Potion"},{"floor":5,"key":"PowerPotion"},{"floor":6,"key":"Weak Potion"},{"floor":8,"key":"Regen Potion"},{"floor":16,"key":"AttackPotion"},{"floor":18,"key":"SteroidPotion"}],"is_trial":false,"path_per_floor":["M","M","$","M","M","E","R","M","T","?","E","R","M","M","R","B",null,"M","M","M","M"],"character_chosen":"IRONCLAD","items_purchased":["Flash of Steel"],"campfire_rested":1,"item_purchase_floors":[3],"current_hp_per_floor":[63,69,69,75,72,25,49,42,42,42,48,48,55,57,57,17,66,67,64,17,0],"gold":372,"neow_bonus":"THREE_CARDS","is_prod":false,"is_daily":false,"chose_seed":false,"campfire_upgraded":2,"win_rate":0,"timestamp":1548390197,"path_taken":["M","M","?","M","M","E","R","M","T","?","E","R","M","M","R","BOSS","M","M","M","M"],"build_version":"2019-01-23","purchased_purges":0,"victory":false,"max_hp_per_floor":[75,75,75,75,75,82,82,82,82,82,82,82,82,82,82,82,82,85,89,89,89],"card_choices":[{"not_picked":["Body Slam","Second Wind"],"picked":"Reckless Charge","floor":0},{"not_picked":["Headbutt","Flex"],"picked":"Power Through","floor":1},{"not_picked":["Second Wind","Rupture","Entrench"],"picked":"SKIP","floor":2},{"not_picked":["Sword Boomerang","Evolve"],"picked":"Thunderclap","floor":4},{"not_picked":["Sentinel","Wild Strike"],"picked":"Battle Trance","floor":5},{"not_picked":["Impervious","Twin Strike"],"picked":"Metallicize","floor":6},{"not_picked":["Flex","Perfected Strike"],"picked":"Headbutt","floor":8},{"not_picked":["Hemokinesis","Rampage"],"picked":"Clothesline","floor":11},{"not_picked":["Reckless Charge","Body Slam","Wild Strike"],"picked":"SKIP","floor":13},{"not_picked":["Fire Breathing","Warcry"],"picked":"Armaments","floor":14},{"not_picked":["Dark Embrace","Berserk"],"picked":"Feed","floor":16},{"not_picked":["Warcry","Ghostly Armor"],"picked":"Twin Strike","floor":18},{"not_picked":["Clash","Clothesline"],"picked":"Flex","floor":19},{"not_picked":["Headbutt","Twin Strike","Dual Wield"],"picked":"SKIP","floor":20}],"player_experience":2227641,"relics_obtained":[{"floor":6,"key":"Strawberry"},{"floor":9,"key":"Blue Candle"},{"floor":11,"key":"Magic Flower"}],"event_choices":[{"damage_healed":0,"gold_gain":0,"player_choice":"Ignored","damage_taken":0,"max_hp_gain":0,"max_hp_loss":0,"event_name":"Shining Light","floor":10,"gold_loss":0}],"is_beta":false,"boss_relics":[{"not_picked":["Lizard Tail","Runic Pyramid"],"picked":"Eternal Feather"}],"items_purged_floors":[],"is_endless":false,"potions_floor_spawned":[2,5,6,8,16,18],"killed_by":"Snecko","ascension_level":15}