{"gold_per_floor":[118,118,132,35,35,65,65,98,124,199,199,1,15,43,43,139,139,156,187,187,207,207,242,242,277,277,288,288,288],"floor_reached":29,"playtime":1056,"items_purged":[],"score":332,"play_id":"39c09b09-06d4-4f53-844b-06027e8aadc9","local_time":"20191023200609","is_ascension_mode":true,"campfire_choices":[{"floor":7,"key":"REST"},{"floor":15,"key":"REST"},{"floor":24,"key":"REST"}],"neow_cost":"NONE","seed_source_timestamp":698591327279900,"circlet_count":0,"master_deck":["Strike_G","Strike_G","Strike_G","Strike_G","Strike_G","Defend_G","Defend_G","Defend_G","Defend_G","Defend_G","Survivor","Neutralize","Deadly Poison","Flying Knee","Cloak And Dagger","Blur","Dagger Spray","Backstab","Infinite Blades","Cloak And Dagger","Blade Dance","Phantasmal Killer","Quick Slash","Escape Plan+1","Quick Slash","Poisoned Stab+1","Die Die Die","Dodge and Roll+1"],"relics":["Philosopher\u0027s Stone","Centennial Puzzle","Blue Candle","PreservedInsect","Bronze Scales","Vajra","GremlinMask","Ancient Tea Set","Runic Pyramid","Red Mask","Nilry\u0027s Codex","Bottled Lightning","Lantern","Letter Opener"],"potions_floor_usage":[16,16,23,27,27,28],"damage_taken":[{"damage":0,"enemies":"Jaw Worm","floor":1,"turns":5},{"damage":2,"enemies":"Cultist","floor":3,"turns":3},{"damage":19,"enemies":"3 Sentries","floor":6,"turns":8},{"damage":20,"enemies":"Lagavulin","floor":8,"turns":6},{"damage":2,"enemies":"Small Slimes","floor":13,"turns":3},{"damage":14,"enemies":"3 Sentries","floor":14,"turns":4},{"damage":2,"enemies":"Hexaghost","floor":16,"turns":8},{"damage":1,"enemies":"3 Byrds","floor":18,"turns":4},{"damage":8,"enemies":"Masked Bandits","floor":19,"turns":3},{"damage":18,"enemies":"2 Thieves","floor":21,"turns":2},{"damage":0,"enemies":"Slavers","floor":23,"turns":2},{"damage":10,"enemies":"Book of Stabbing","floor":25,"turns":3},{"damage":27,"enemies":"Snake Plant","floor":27,"turns":3},{"damage":15,"enemies":"Colosseum Slavers","floor":28,"turns":2},{"damage":1,"enemies":"Shelled Parasite and Fungi","floor":29,"turns":1}],"seed_played":"8112613544899414994","potions_obtained":[{"floor":1,"key":"GhostInAJar"},{"floor":8,"key":"LiquidBronze"},{"floor":14,"key":"SkillPotion"},{"floor":16,"key":"Dexterity Potion"},{"floor":21,"key":"Explosive Potion"},{"floor":23,"key":"PowerPotion"},{"floor":25,"key":"Regen Potion"}],"is_trial":false,"path_per_floor":["M","?","M","$","T","E","R","E","T","?","?","$","M","E","R","B",null,"M","?","?","M","?","E","R","E","T","M","?","M"],"character_chosen":"THE_SILENT","items_purchased":["Flying Knee","Cloak And Dagger","AttackPotion","Backstab","Infinite Blades"],"campfire_rested":3,"item_purchase_floors":[4,4,12,12,12],"current_hp_per_floor":[70,70,68,68,68,49,70,50,50,39,39,39,37,23,44,42,70,69,61,61,43,27,27,48,38,38,16,1,0],"gold":288,"neow_bonus":"BOSS_RELIC","is_prod":false,"is_daily":false,"chose_seed":false,"campfire_upgraded":0,"win_rate":0,"timestamp":1571853969,"path_taken":["M","?","M","$","?","E","R","E","T","?","?","$","?","E","R","BOSS","M","?","?","M","?","E","R","E","T","M","?","M"],"build_version":"2019-07-17","purchased_purges":0,"victory":false,"max_hp_per_floor":[70,70,70,70,70,70,70,70,70,70,70,70,70,70,70,70,70,70,70,70,70,70,70,70,70,70,70,70,70],"card_choices":[{"not_picked":["Well Laid Plans","Sucker Punch"],"picked":"Quick Slash","floor":1},{"not_picked":["Backflip","Deflect"],"picked":"Deadly Poison","floor":3},{"not_picked":["Bane","Caltrops"],"picked":"Blur","floor":6},{"not_picked":["Dodge and Roll","Tactician"],"picked":"Dagger Spray","floor":8},{"not_picked":["Dagger Throw","Quick Slash"],"picked":"Cloak And Dagger","floor":13},{"not_picked":["Prepared","Wraith Form v2"],"picked":"Blade Dance","floor":14},{"not_picked":["Unload","Burst"],"picked":"Phantasmal Killer","floor":16},{"not_picked":["Expertise","Slice"],"picked":"Quick Slash","floor":18},{"not_picked":["Riddle With Holes","Bouncing Flask"],"picked":"Escape Plan+1","floor":19},{"not_picked":["Acrobatics","Deflect"],"picked":"Quick Slash","floor":21},{"not_picked":["Slice","Sucker Punch+1"],"picked":"Poisoned Stab+1","floor":23},{"not_picked":["Bane","Setup+1"],"picked":"Die Die Die","floor":25},{"not_picked":["Leg Sweep","Deflect+1"],"picked":"Dodge and Roll+1","floor":27}],"player_experience":103099,"relics_obtained":[{"floor":5,"key":"Blue Candle"},{"floor":6,"key":"PreservedInsect"},{"floor":8,"key":"Bronze Scales"},{"floor":9,"key":"Vajra"},{"floor":14,"key":"Ancient Tea Set"},{"floor":19,"key":"Red Mask"},{"floor":22,"key":"Nilry\u0027s Codex"},{"floor":23,"key":"Bottled Lightning"},{"floor":25,"key":"Lantern"},{"floor":26,"key":"Letter Opener"}],"event_choices":[{"cards_removed":["Quick Slash"],"damage_healed":0,"gold_gain":0,"player_choice":"Gave Card","damage_taken":0,"relics_obtained":["Centennial Puzzle"],"max_hp_gain":0,"max_hp_loss":0,"event_name":"WeMeetAgain","floor":2,"gold_loss":0},{"damage_healed":0,"gold_gain":75,"player_choice":"Gather Gold","damage_taken":11,"max_hp_gain":0,"max_hp_loss":0,"event_name":"World of Goop","floor":10,"gold_loss":0},{"damage_healed":0,"gold_gain":0,"player_choice":"Trade","damage_taken":0,"relics_obtained":["GremlinMask"],"max_hp_gain":0,"max_hp_loss":0,"event_name":"FaceTrader","floor":11,"gold_loss":0},{"damage_healed":0,"gold_gain":0,"player_choice":"Fought Bandits","damage_taken":0,"max_hp_gain":0,"max_hp_loss":0,"event_name":"Masked Bandits","floor":19,"gold_loss":0},{"damage_healed":0,"gold_gain":0,"player_choice":"Ignored","damage_taken":0,"max_hp_gain":0,"max_hp_loss":0,"event_name":"Ghosts","floor":20,"gold_loss":0},{"damage_healed":0,"gold_gain":0,"player_choice":"Obtained Book","damage_taken":16,"max_hp_gain":0,"max_hp_loss":0,"event_name":"Cursed Tome","floor":22,"gold_loss":0},{"damage_healed":0,"gold_gain":0,"player_choice":"Fight","damage_taken":0,"max_hp_gain":0,"max_hp_loss":0,"event_name":"Colosseum","floor":28,"gold_loss":0},{"damage_healed":0,"gold_gain":0,"player_choice":"Fled From Nobs","damage_taken":0,"max_hp_gain":0,"max_hp_loss":0,"event_name":"Colosseum","floor":28,"gold_loss":0}],"is_beta":false,"boss_relics":[{"not_picked":["White Beast Statue","Coffee Dripper"],"picked":"Runic Pyramid"}],"items_purged_floors":[],"is_endless":false,"potions_floor_spawned":[1,8,14,16,21,23,25,28],"killed_by":"Shelled Parasite and Fungi","ascension_level":2}