{"gold_per_floor":[110,127,141,153,153,153,30,0,0,0,28,28,55,67,67,142,142,153,153,65,85,85,85,118,135,161,86,96,96,124,143,143,222,222,239,289,68,8,26,26,38,38],"floor_reached":42,"playtime":4503,"items_purged":[],"score":967,"play_id":"003b68d8-93ef-4a57-8690-a82d901e1480","local_time":"20190901162730","is_ascension_mode":true,"campfire_choices":[{"data":"Flame Barrier","floor":6.0,"key":"SMITH"},{"data":"Demon Form","floor":15.0,"key":"SMITH"},{"data":"Limit Break","floor":23.0,"key":"SMITH"},{"data":"Disarm","floor":29.0,"key":"SMITH"},{"floor":32.0,"key":"REST"},{"floor":40.0,"key":"DIG"}],"neow_cost":"NONE","seed_source_timestamp":0,"circlet_count":0,"master_deck":["AscendersBane","Strike_R","Defend_R","Defend_R","Defend_R+1","Defend_R","Bash","Shrug It Off","Bludgeon+1","Shrug It Off","Flame Barrier+1","Metallicize","Dual Wield","Spot Weakness","Demon Form+1","Headbutt","Battle Trance","Limit Break+1","Seeing Red","Anger","Pummel","Anger","Whirlwind+1","Flame Barrier","Anger","Sword Boomerang","Power Through","Disarm+1","Twin Strike","Clothesline","Impervious","Iron Wave+1","Hemokinesis+1","Anger+1"],"special_seed":0,"relics":["Burning Blood","FossilizedHelix","Kunai","Prayer Wheel","Magic Flower","Sozu","Matryoshka","Dream Catcher","Centennial Puzzle","Pocketwatch","Astrolabe","Shovel","ClockworkSouvenir","Bag of Marbles","Paper Frog"],"potions_floor_usage":[],"damage_taken":[{"damage":1.0,"enemies":"Cultist","floor":1.0,"turns":3.0},{"damage":0.0,"enemies":"2 Louse","floor":2.0,"turns":3.0},{"damage":0.0,"enemies":"Jaw Worm","floor":3.0,"turns":4.0},{"damage":8.0,"enemies":"Blue Slaver","floor":4.0,"turns":4.0},{"damage":0.0,"enemies":"Lagavulin","floor":11.0,"turns":7.0},{"damage":22.0,"enemies":"Gremlin Nob","floor":13.0,"turns":5.0},{"damage":0.0,"enemies":"Large Slime","floor":14.0,"turns":5.0},{"damage":57.0,"enemies":"Hexaghost","floor":16.0,"turns":11.0},{"damage":4.0,"enemies":"Chosen","floor":18.0,"turns":6.0},{"damage":16.0,"enemies":"3 Byrds","floor":21.0,"turns":5.0},{"damage":26.0,"enemies":"Gremlin Leader","floor":24.0,"turns":10.0},{"damage":0.0,"enemies":"Centurion and Healer","floor":25.0,"turns":3.0},{"damage":13.0,"enemies":"Cultist and Chosen","floor":28.0,"turns":7.0},{"damage":33.0,"enemies":"Slavers","floor":30.0,"turns":4.0},{"damage":12.0,"enemies":"Shelled Parasite and Fungi","floor":31.0,"turns":4.0},{"damage":5.0,"enemies":"Champ","floor":33.0,"turns":8.0},{"damage":11.0,"enemies":"3 Shapes","floor":35.0,"turns":3.0},{"damage":37.0,"enemies":"2 Orb Walkers","floor":36.0,"turns":5.0},{"damage":0.0,"enemies":"3 Darklings","floor":39.0,"turns":6.0},{"damage":20.0,"enemies":"Sphere and 2 Shapes","floor":41.0,"turns":7.0},{"damage":75,"enemies":"Giant Head","floor":42,"turns":6}],"seed_played":"-8675341087008902216","potions_obtained":[{"floor":2.0,"key":"Strength Potion"},{"floor":13.0,"key":"Weak Potion"},{"floor":14.0,"key":"Regen Potion"}],"is_trial":false,"path_per_floor":["M","M","M","M","?","R","$","?","T","T","E","$","E","M","R","B",null,"M","?","$","M","?","R","E","M","T","?","M","R","E","M","R","B",null,"M","?","$","?","M","R","M","E"],"character_chosen":"IRONCLAD","items_purchased":["Metallicize","Dual Wield","Pummel","ClockworkSouvenir"],"campfire_rested":1,"item_purchase_floors":[7,7,20,37],"current_hp_per_floor":[80,82,82,80,55,55,55,55,55,55,61,61,45,54,54,30,69,74,74,74,67,67,67,50,59,59,59,55,55,31,28,52,56,76,74,46,46,46,55,55,44,0],"gold":38,"neow_bonus":"TEN_PERCENT_HP_BONUS","is_prod":false,"is_daily":false,"chose_seed":false,"campfire_upgraded":4,"win_rate":0,"timestamp":1567369650,"path_taken":["M","M","M","M","?","R","$","?","T","?","E","?","E","M","R","BOSS","M","?","?","?","?","R","E","M","T","?","M","R","E","M","R","BOSS","M","?","$","?","M","R","M","E"],"build_version":"2019-01-23","purchased_purges":0,"victory":false,"max_hp_per_floor":[82,82,82,82,82,82,82,82,82,82,82,82,82,82,82,82,82,82,82,82,82,82,82,82,82,82,82,82,82,82,82,82,82,82,82,82,82,82,82,82,82,82],"card_choices":[{"not_picked":["Headbutt","Clash"],"picked":"Shrug It Off","floor":1.0},{"not_picked":["Headbutt","Anger"],"picked":"Bludgeon","floor":2.0},{"not_picked":["True Grit","Armaments"],"picked":"Shrug It Off","floor":3.0},{"not_picked":["Blood for Blood","True Grit"],"picked":"Flame Barrier","floor":4.0},{"not_picked":["Burning Pact","Uppercut"],"picked":"Spot Weakness","floor":11.0},{"not_picked":["Infernal Blade","Fire Breathing"],"picked":"Demon Form","floor":13.0},{"not_picked":["Cleave","Flex"],"picked":"Headbutt","floor":14.0},{"not_picked":["Flex","Perfected Strike"],"picked":"Battle Trance","floor":14.0},{"not_picked":["Double Tap","Bludgeon"],"picked":"Limit Break","floor":16.0},{"not_picked":["Clash","Reckless Charge"],"picked":"Seeing Red","floor":18.0},{"not_picked":["Sword Boomerang","Sever Soul"],"picked":"Anger","floor":18.0},{"not_picked":["Twin Strike","Sentinel"],"picked":"Anger","floor":21.0},{"not_picked":["Burning Pact","Clothesline"],"picked":"Whirlwind+1","floor":21.0},{"not_picked":["Flex","Rupture"],"picked":"Flame Barrier","floor":24.0},{"not_picked":["Sword Boomerang","Ghostly Armor"],"picked":"Anger","floor":25.0},{"not_picked":["Metallicize","Thunderclap"],"picked":"Sword Boomerang","floor":25.0},{"not_picked":["True Grit","Armaments"],"picked":"Power Through","floor":28.0},{"not_picked":["Shrug It Off","True Grit"],"picked":"Disarm","floor":28.0},{"not_picked":["Dropkick","Evolve","Feed"],"picked":"SKIP","floor":30.0},{"not_picked":["Dual Wield","Iron Wave"],"picked":"Twin Strike","floor":31.0},{"not_picked":["Blood for Blood+1","Wild Strike","Flex"],"picked":"SKIP","floor":31.0},{"not_picked":["Body Slam","True Grit"],"picked":"Clothesline","floor":32.0},{"not_picked":["Juggernaut","Barricade"],"picked":"Impervious","floor":33.0},{"not_picked":["Rampage","Body Slam","Corruption+1"],"picked":"SKIP","floor":35.0},{"not_picked":["Clothesline+1","Clash","Wild Strike"],"picked":"SKIP","floor":35.0},{"not_picked":["Havoc","Sever Soul","Twin Strike"],"picked":"SKIP","floor":39.0},{"not_picked":["Clothesline","Reckless Charge","Perfected Strike"],"picked":"SKIP","floor":39.0},{"not_picked":["Thunderclap+1","Twin Strike","Berserk"],"picked":"SKIP","floor":41.0},{"not_picked":["Clothesline","Anger","Sever Soul+1"],"picked":"SKIP","floor":41.0}],"player_experience":2891866,"relics_obtained":[{"floor":9.0,"key":"FossilizedHelix"},{"floor":10.0,"key":"Kunai"},{"floor":11.0,"key":"Prayer Wheel"},{"floor":13.0,"key":"Magic Flower"},{"floor":24.0,"key":"Matryoshka"},{"floor":26.0,"key":"Dream Catcher"},{"floor":26.0,"key":"Centennial Puzzle"},{"floor":30.0,"key":"Pocketwatch"},{"floor":36.0,"key":"Shovel"},{"floor":40.0,"key":"Paper Frog"}],"event_choices":[{"damage_healed":0.0,"max_hp_gain":0.0,"max_hp_loss":0.0,"gold_gain":0.0,"event_name":"Shining Light","player_choice":"Entered Light","floor":5.0,"gold_loss":0.0,"damage_taken":25.0,"cards_upgraded":["Defend_R","Bludgeon"]},{"damage_healed":0.0,"max_hp_gain":0.0,"max_hp_loss":0.0,"gold_gain":0.0,"event_name":"World of Goop","player_choice":"Left Gold","floor":8.0,"gold_loss":30.0,"damage_taken":0.0},{"damage_healed":0.0,"max_hp_gain":0.0,"max_hp_loss":0.0,"gold_gain":0.0,"event_name":"Ghosts","player_choice":"Ignored","floor":19.0,"gold_loss":0.0,"damage_taken":0.0},{"damage_healed":0.0,"max_hp_gain":0.0,"max_hp_loss":0.0,"gold_gain":0.0,"event_name":"Vampires","player_choice":"Ignored","floor":22.0,"gold_loss":0.0,"damage_taken":0.0},{"cards_removed":["Strike_R"],"damage_healed":0.0,"max_hp_gain":0.0,"max_hp_loss":0.0,"gold_gain":0.0,"event_name":"Beggar","player_choice":"Gave Gold","floor":27.0,"gold_loss":75.0,"damage_taken":0.0},{"damage_healed":0.0,"max_hp_gain":0.0,"max_hp_loss":0.0,"gold_gain":0.0,"event_name":"Mysterious Sphere","player_choice":"Fight","floor":36.0,"gold_loss":0.0,"damage_taken":0.0},{"damage_healed":0.0,"max_hp_gain":0.0,"max_hp_loss":0.0,"gold_gain":0.0,"event_name":"WeMeetAgain","player_choice":"Paid Gold","floor":38.0,"gold_loss":60.0,"damage_taken":0.0,"relics_obtained":["Bag of Marbles"]}],"is_beta":false,"boss_relics":[{"not_picked":["Fusion Hammer","Calling Bell"],"picked":"Sozu"},{"not_picked":["Snecko Eye","Velvet Choker"],"picked":"Astrolabe"}],"items_purged_floors":[],"is_endless":false,"potions_floor_spawned":[2,13,14,24,28,33],"killed_by":"Giant Head","ascension_level":20}