{"gold_per_floor":[112,4,4,24,42,58,69,69,96,96,96,96,130,142,142,239,239,259,279,21,41,41,41],"floor_reached":23,"playtime":1619,"items_purged":[],"score":193,"play_id":"840d8c87-745b-4478-9a73-4c78fbbf4685","local_time":"20190717164450","is_ascension_mode":false,"campfire_choices":[{"data":"Dark Shackles","floor":8,"key":"SMITH"},{"data":"Outmaneuver","floor":11,"key":"SMITH"},{"data":"Dagger Spray","floor":15,"key":"SMITH"}],"neow_cost":"NONE","seed_source_timestamp":195350845881446,"circlet_count":0,"master_deck":["Strike_G","Strike_G","Strike_G","Strike_G","Strike_G","Defend_G","Defend_G","Defend_G","Defend_G","Defend_G","Survivor","Neutralize","Underhanded Strike","Dark Shackles+1","Outmaneuver+1","Sucker Punch","Quick Slash","Endless Agony","Terror","Blade Dance","Dagger Spray+1","Burst","Infinite Blades","Dagger Spray","Backflip","Metamorphosis","Slice","Acrobatics+1"],"relics":["Ring of the Snake","Strawberry","Boot","Black Star"],"potions_floor_usage":[5,6,6,7,13,14,16,16,16,23],"damage_taken":[{"damage":1,"enemies":"2 Louse","floor":1,"turns":3},{"damage":0,"enemies":"Cultist","floor":4,"turns":5},{"damage":0,"enemies":"Jaw Worm","floor":5,"turns":3},{"damage":0,"enemies":"3 Louse","floor":6,"turns":4},{"damage":0,"enemies":"Large Slime","floor":7,"turns":4},{"damage":3,"enemies":"Lagavulin","floor":13,"turns":7},{"damage":0,"enemies":"Lots of Slimes","floor":14,"turns":3},{"damage":57,"enemies":"The Guardian","floor":16,"turns":17},{"damage":16,"enemies":"Chosen","floor":18,"turns":6},{"damage":35,"enemies":"Spheric Guardian","floor":19,"turns":6},{"damage":24,"enemies":"Centurion and Healer","floor":21,"turns":6},{"damage":5,"enemies":"Shelled Parasite and Fungi","floor":23,"turns":1}],"seed_played":"8674836461401149574","potions_obtained":[{"floor":0,"key":"EntropicBrew"},{"floor":0,"key":"Dexterity Potion"},{"floor":0,"key":"Fire Potion"},{"floor":5,"key":"Strength Potion"},{"floor":13,"key":"SteroidPotion"},{"floor":14,"key":"Block Potion"},{"floor":21,"key":"LiquidBronze"}],"is_trial":false,"path_per_floor":["M","$","?","M","M","M","M","R","T","?","R","?","E","M","R","B",null,"M","M","$","M","?","M"],"character_chosen":"THE_SILENT","items_purchased":["Dark Shackles","Outmaneuver","Backflip","Metamorphosis","Slice"],"campfire_rested":0,"item_purchase_floors":[2,2,20,20,20],"current_hp_per_floor":[69,69,69,69,69,69,69,69,76,76,76,76,73,73,73,16,77,61,26,26,2,2,0],"gold":41,"neow_bonus":"THREE_SMALL_POTIONS","is_prod":false,"is_daily":false,"chose_seed":false,"campfire_upgraded":3,"win_rate":0.0,"timestamp":1563392690,"path_taken":["M","$","?","M","?","M","M","R","T","?","R","?","E","M","R","BOSS","M","M","$","M","?","M"],"build_version":"2019-07-05","purchased_purges":0,"victory":false,"max_hp_per_floor":[70,70,70,70,70,70,70,70,77,77,77,77,77,77,77,77,77,77,77,77,77,77,77],"card_choices":[{"not_picked":["Eviscerate","Reflex"],"picked":"Underhanded Strike","floor":1},{"not_picked":["PiercingWail","Dodge and Roll"],"picked":"Sucker Punch","floor":4},{"not_picked":["Crippling Poison","Bane"],"picked":"Quick Slash","floor":5},{"not_picked":["PiercingWail","Blade Dance"],"picked":"Endless Agony","floor":6},{"not_picked":["Distraction","Eviscerate"],"picked":"Terror","floor":7},{"not_picked":["Dodge and Roll","PiercingWail"],"picked":"Blade Dance","floor":13},{"not_picked":["Well Laid Plans","Concentrate"],"picked":"Dagger Spray","floor":14},{"not_picked":["Doppelganger","Phantasmal Killer"],"picked":"Burst","floor":16},{"not_picked":["Tactician+1","Riddle With Holes"],"picked":"Infinite Blades","floor":18},{"not_picked":["Bouncing Flask","Crippling Poison"],"picked":"Dagger Spray","floor":19},{"not_picked":["Catalyst+1","Eviscerate"],"picked":"Acrobatics+1","floor":21}],"player_experience":191722,"relics_obtained":[{"floor":9,"key":"Strawberry"},{"floor":13,"key":"Boot"}],"event_choices":[{"damage_healed":0,"gold_gain":0,"player_choice":"Ignored","damage_taken":0,"max_hp_gain":0,"max_hp_loss":0,"event_name":"Purifier","floor":3,"gold_loss":0},{"damage_healed":0,"gold_gain":0,"player_choice":"Leave","damage_taken":0,"max_hp_gain":0,"max_hp_loss":0,"event_name":"The Cleric","floor":10,"gold_loss":0},{"damage_healed":0,"gold_gain":0,"player_choice":"Ignored","damage_taken":0,"max_hp_gain":0,"max_hp_loss":0,"event_name":"Golden Idol","floor":12,"gold_loss":0},{"damage_healed":0,"gold_gain":0,"player_choice":"Ignored","damage_taken":0,"max_hp_gain":0,"max_hp_loss":0,"event_name":"N\u0027loth","floor":22,"gold_loss":0}],"is_beta":false,"boss_relics":[{"not_picked":["Calling Bell","Cursed Key"],"picked":"Black Star"}],"items_purged_floors":[],"is_endless":false,"potions_floor_spawned":[1,5,13,14,21],"killed_by":"Shelled Parasite and Fungi","ascension_level":0}