{"gold_per_floor":[363,363,31,8,20,65,77,89,101,153,165,197,223,259,271,402,414,447,459,494,506,518,530,561,588,600,632,644,687,699,725,737,749],"floor_reached":33,"playtime":3452,"items_purged":["Injury"],"score":380,"play_id":"446707ac-16a0-4531-afdf-089d21db2acf","local_time":"20180804031346","is_ascension_mode":true,"campfire_choices":[{"floor":7,"key":"REST"},{"data":"Blade Dance","floor":11,"key":"SMITH"},{"floor":15,"key":"REST"},{"floor":23,"key":"REST"},{"floor":28,"key":"REST"},{"floor":30,"key":"REST"},{"floor":32,"key":"REST"}],"neow_cost":"CURSE","seed_source_timestamp":116524087718718,"circlet_count":0,"master_deck":["Defend_G+1","Defend_G+1","Defend_G+1","Defend_G+1","Defend_G+1","Survivor","Neutralize","Crippling Poison","Accuracy","Blade Dance+1","Accuracy","Backflip","Poisoned Stab","Terror","Choke","Malaise","Dodge and Roll+1","Bite","Bite","Bite","Bite","Bite","Calculated Gamble","Cloak And Dagger","Heel Hook+1","Glass Knife","Infinite Blades"],"relics":["Ring of the Snake","Golden Idol","MawBank","Lantern","Vajra","Centennial Puzzle","WristBlade","Girya","Strawberry"],"potions_floor_usage":[16,16,29,33,33],"damage_taken":[{"damage":0,"enemies":"Small Slimes","floor":1,"turns":5},{"damage":30,"enemies":"Gremlin Nob","floor":6,"turns":5},{"damage":25,"enemies":"3 Sentries","floor":10,"turns":7},{"damage":4,"enemies":"Jaw Worm","floor":12,"turns":2},{"damage":0,"enemies":"2 Louse","floor":13,"turns":1},{"damage":3,"enemies":"2 Fungi Beasts","floor":14,"turns":4},{"damage":27,"enemies":"Hexaghost","floor":16,"turns":9},{"damage":27,"enemies":"2 Thieves","floor":18,"turns":4},{"damage":15,"enemies":"Spheric Guardian","floor":20,"turns":4},{"damage":8,"enemies":"Cultist and Chosen","floor":24,"turns":8},{"damage":9,"enemies":"Snake Plant","floor":25,"turns":3},{"damage":19,"enemies":"Chosen and Byrds","floor":27,"turns":7},{"damage":25,"enemies":"Slavers","floor":29,"turns":5},{"damage":29,"enemies":"Centurion and Healer","floor":31,"turns":9},{"damage":42,"enemies":"Champ","floor":33,"turns":9}],"seed_played":"8789351303621414117","potions_obtained":[{"floor":10,"key":"Poison Potion"},{"floor":14,"key":"SteroidPotion"},{"floor":20,"key":"FearPotion"},{"floor":27,"key":"Swift Potion"},{"floor":31,"key":"Poison Potion"}],"is_trial":false,"path_per_floor":["M","?","$","?","$","E","R","?","T","E","R","M","M","M","R","B",null,"M","?","M","?","$","R","M","M","T","M","R","E","R","M","R"],"character_chosen":"THE_SILENT","items_purchased":["Accuracy","Blade Dance","MawBank"],"campfire_rested":6,"item_purchase_floors":[3,3,3],"current_hp_per_floor":[70,53,53,70,70,40,61,61,61,36,36,32,32,29,50,23,70,43,43,28,28,28,42,42,33,33,26,40,28,44,17,33,0],"gold":749,"neow_bonus":"TWO_FIFTY_GOLD","is_prod":false,"is_daily":false,"chose_seed":false,"campfire_upgraded":1,"win_rate":0,"timestamp":1533366826,"path_taken":["M","?","$","?","?","E","R","?","T","E","R","M","?","M","R","BOSS","M","?","M","?","?","R","?","?","T","?","R","E","R","M","R","BOSS"],"build_version":"2018-07-26","purchased_purges":1,"victory":false,"max_hp_per_floor":[70,70,70,70,70,70,70,70,70,70,70,70,70,70,70,70,70,70,49,49,49,49,49,49,49,49,49,49,56,56,56,56,56],"card_choices":[{"not_picked":["Heel Hook","Backflip"],"picked":"Crippling Poison","floor":1},{"not_picked":["Footwork","Deadly Poison"],"picked":"Accuracy","floor":6},{"not_picked":["Crippling Poison","Sucker Punch"],"picked":"Backflip","floor":10},{"not_picked":["Quick Slash","Masterful Stab"],"picked":"Poisoned Stab","floor":12},{"not_picked":["Choke","Footwork"],"picked":"Terror","floor":13},{"not_picked":["Quick Slash","Flying Knee"],"picked":"Choke","floor":14},{"not_picked":["Wraith Form v2","Bullet Time"],"picked":"Malaise","floor":16},{"not_picked":["Flechettes+1","Caltrops"],"picked":"Dodge and Roll+1","floor":18},{"not_picked":["Bouncing Flask","PiercingWail"],"picked":"Calculated Gamble","floor":20},{"not_picked":["Dagger Throw","Deadly Poison+1","Dodge and Roll"],"picked":"SKIP","floor":24},{"not_picked":["Flying Knee","PiercingWail+1"],"picked":"Cloak And Dagger","floor":25},{"not_picked":["Backflip","Sucker Punch"],"picked":"Heel Hook+1","floor":27},{"not_picked":["Distraction","Tactician"],"picked":"Glass Knife","floor":29},{"not_picked":["Dagger Spray","Eviscerate"],"picked":"Infinite Blades","floor":31}],"player_experience":1431626,"relics_obtained":[{"floor":6,"key":"Lantern"},{"floor":9,"key":"Vajra"},{"floor":10,"key":"Centennial Puzzle"},{"floor":26,"key":"Girya"},{"floor":29,"key":"Strawberry"}],"event_choices":[{"event_name":"Golden Idol","player_choice":"Take Damage","floor":2,"damage_taken":0},{"event_name":"The Cleric","player_choice":"Healed","floor":4,"damage_taken":0},{"event_name":"Liars Game","player_choice":"disagreed","floor":8,"damage_taken":0},{"event_name":"Vampires","player_choice":"Became a vampire","floor":19,"damage_taken":0},{"event_name":"Back to Basics","player_choice":"Simplicity","floor":21,"damage_taken":0}],"is_beta":false,"boss_relics":[{"not_picked":["Sozu","Runic Pyramid"],"picked":"WristBlade"}],"items_purged_floors":[3],"is_endless":false,"potions_floor_spawned":[10,14,20,27,31],"killed_by":"Champ","ascension_level":4}