{"gold_per_floor":[112,129,106,106,106,136,136,156,182,214,234,184,184,209,209,312,312,325,325,340,17,35,35],"floor_reached":23,"playtime":1419,"items_purged":[],"score":269,"play_id":"8d952a8b-ae4f-4bef-8bff-d5504892f847","local_time":"20180902020702","is_ascension_mode":true,"campfire_choices":[{"floor":7,"key":"REST"},{"floor":13,"key":"REST"},{"data":"Neutralize","floor":15,"key":"SMITH"}],"neow_cost":"NONE","seed_source_timestamp":386311053704101,"circlet_count":0,"master_deck":["Defend_G","Defend_G","Defend_G","Defend_G","Defend_G","Strike_G","Strike_G","Strike_G","Strike_G","Survivor","Neutralize+1","Poisoned Stab","Slice","Adrenaline","All Out Attack","Bouncing Flask","Finisher","Burst+1","PiercingWail","Quick Slash","Outmaneuver","Prepared"],"relics":["Philosopher\u0027s Stone","Regal Pillow","Orichalcum","Lantern","Kunai","Juzu Bracelet","White Beast Statue","Bag of Marbles","Dream Catcher"],"potions_floor_usage":[10,22],"damage_taken":[{"damage":2,"enemies":"Jaw Worm","floor":1,"turns":5},{"damage":5,"enemies":"2 Louse","floor":2,"turns":3},{"damage":30,"enemies":"Lagavulin","floor":6,"turns":8},{"damage":0,"enemies":"Small Slimes","floor":8,"turns":3},{"damage":13,"enemies":"3 Sentries","floor":10,"turns":6},{"damage":7,"enemies":"3 Louse","floor":11,"turns":2},{"damage":46,"enemies":"Hexaghost","floor":16,"turns":9},{"damage":26,"enemies":"Chosen","floor":18,"turns":5},{"damage":9,"enemies":"Shell Parasite","floor":20,"turns":5},{"damage":0,"enemies":"Snecko","floor":22,"turns":4},{"damage":24,"enemies":"Book of Stabbing","floor":23,"turns":3}],"seed_played":"6133253846856644183","potions_obtained":[{"floor":8,"key":"Strength Potion"},{"floor":10,"key":"Energy Potion"},{"floor":11,"key":"SteroidPotion"},{"floor":18,"key":"Energy Potion"},{"floor":20,"key":"AttackPotion"},{"floor":22,"key":"Energy Potion"}],"is_trial":false,"path_per_floor":["M","M","?","?","?","E","R","M","T","E","M","?","R","T","R","B",null,"M","?","M","$","M"],"character_chosen":"THE_SILENT","items_purchased":["Outmaneuver","Bag of Marbles","Dream Catcher"],"campfire_rested":2,"item_purchase_floors":[21,21,21],"current_hp_per_floor":[61,56,56,70,58,28,64,64,64,51,44,44,70,70,70,24,59,33,33,24,24,24,0],"gold":35,"neow_bonus":"BOSS_RELIC","is_prod":false,"is_daily":false,"chose_seed":false,"campfire_upgraded":1,"win_rate":0,"timestamp":1535868422,"path_taken":["M","M","?","?","?","E","R","?","T","E","M","?","R","?","R","BOSS","M","?","M","$","M","E"],"build_version":"2018-08-23v2","purchased_purges":0,"victory":false,"max_hp_per_floor":[70,70,70,70,70,70,70,70,70,70,70,70,70,70,70,70,70,70,70,70,70,70,70],"card_choices":[{"not_picked":["Prepared","Dagger Throw"],"picked":"Poisoned Stab","floor":1},{"not_picked":["Tactician","Distraction"],"picked":"Slice","floor":2},{"not_picked":["Deflect","Bane"],"picked":"Adrenaline","floor":6},{"not_picked":["Cloak And Dagger","Backflip"],"picked":"All Out Attack","floor":8},{"not_picked":["Deflect","Blade Dance"],"picked":"Bouncing Flask","floor":10},{"not_picked":["Quick Slash","Underhanded Strike"],"picked":"Finisher","floor":11},{"not_picked":["Storm of Steel","Bullet Time"],"picked":"Burst","floor":16},{"not_picked":["Well Laid Plans","Blade Dance"],"picked":"PiercingWail","floor":18},{"not_picked":["Dagger Spray","Flying Knee"],"picked":"Quick Slash","floor":20},{"not_picked":["Caltrops","PiercingWail"],"picked":"Prepared","floor":22}],"player_experience":1633133,"relics_obtained":[{"floor":6,"key":"Orichalcum"},{"floor":9,"key":"Lantern"},{"floor":10,"key":"Kunai"},{"floor":14,"key":"Juzu Bracelet"}],"event_choices":[{"event_name":"World of Goop","player_choice":"Left","floor":3,"damage_taken":0},{"event_name":"Big Fish","player_choice":"Banana","floor":4,"damage_taken":0},{"event_name":"Scrap Ooze","player_choice":"success","floor":5,"damage_taken":12},{"event_name":"The Cleric","player_choice":"Card Removal","floor":12,"damage_taken":0},{"event_name":"Upgrade Shrine","player_choice":"Upgraded","floor":19,"damage_taken":0}],"is_beta":false,"boss_relics":[{"not_picked":["Runic Dome","Coffee Dripper"],"picked":"White Beast Statue"}],"items_purged_floors":[],"is_endless":false,"potions_floor_spawned":[8,10,11,18,20,22],"killed_by":"Book of Stabbing","ascension_level":7}