{"gold_per_floor":[109,109,125,200,218,218,238,255,255,268,268,297,307,321,321,416,416,433,433,433,443,443,443,443],"floor_reached":24,"playtime":982,"items_purged":[],"score":220,"play_id":"db0eb7e6-d92c-44ed-80a2-3ab51fba0c6e","local_time":"20190913134002","is_ascension_mode":true,"campfire_choices":[{"floor":6,"key":"RECALL"},{"floor":11,"key":"REST"},{"floor":15,"key":"REST"},{"floor":23,"key":"REST"}],"neow_cost":"NONE","seed_source_timestamp":206595014815224,"circlet_count":0,"master_deck":["Strike_R+1","Strike_R+1","Strike_R+1","Strike_R+1","Strike_R+1","Defend_R+1","Defend_R+1","Defend_R+1","Defend_R+1","Power Through","Ghostly Armor","Perfected Strike","Fire Breathing","Headbutt","Searing Blow","Thunderclap","Armaments","Iron Wave","Cleave","Reaper","Pommel Strike","J.A.X.","Headbutt","Reaper"],"relics":["Burning Blood","NeowsBlessing","Shuriken","HornCleat","SlaversCollar"],"potions_floor_usage":[16,16,21],"damage_taken":[{"damage":0,"enemies":"2 Louse","floor":1,"turns":1},{"damage":0,"enemies":"Cultist","floor":3,"turns":1},{"damage":0,"enemies":"Small Slimes","floor":5,"turns":1},{"damage":8,"enemies":"Red Slaver","floor":7,"turns":5},{"damage":11,"enemies":"Looter","floor":8,"turns":2},{"damage":17,"enemies":"Large Slime","floor":10,"turns":7},{"damage":20,"enemies":"3 Sentries","floor":12,"turns":6},{"damage":24,"enemies":"Exordium Thugs","floor":13,"turns":6},{"damage":5,"enemies":"3 Louse","floor":14,"turns":4},{"damage":62,"enemies":"The Guardian","floor":16,"turns":11},{"damage":49,"enemies":"Shell Parasite","floor":18,"turns":12},{"damage":15,"enemies":"3 Byrds","floor":21,"turns":3},{"damage":69,"enemies":"Slavers","floor":24,"turns":3}],"seed_played":"-1151072441928241805","potions_obtained":[{"floor":3,"key":"Strength Potion"},{"floor":10,"key":"GamblersBrew"},{"floor":13,"key":"Swift Potion"},{"floor":14,"key":"Fire Potion"},{"floor":18,"key":"AttackPotion"}],"is_trial":false,"path_per_floor":["M","?","M","?","M","R","M","M","T","M","R","E","M","M","R","B",null,"M","?","?","M","?","R","E"],"character_chosen":"IRONCLAD","items_purchased":[],"campfire_rested":3,"item_purchase_floors":[],"current_hp_per_floor":[80,80,80,72,78,78,76,71,71,60,80,66,48,49,73,17,80,37,37,37,32,32,56,0],"gold":443,"neow_bonus":"THREE_ENEMY_KILL","is_prod":false,"is_daily":false,"chose_seed":false,"campfire_upgraded":0,"win_rate":0,"timestamp":1568392802,"path_taken":["M","?","?","?","M","R","M","M","T","?","R","E","M","M","R","BOSS","M","?","?","M","?","R","E"],"build_version":"2019-09-12","purchased_purges":0,"victory":false,"max_hp_per_floor":[80,80,80,80,80,80,80,80,80,80,80,80,80,80,80,80,80,80,80,80,80,80,80,80],"card_choices":[{"not_picked":["Flex","Armaments"],"picked":"Power Through","floor":1},{"not_picked":["Whirlwind","Body Slam"],"picked":"Perfected Strike","floor":3},{"not_picked":["Sword Boomerang","Searing Blow"],"picked":"Fire Breathing","floor":5},{"not_picked":["Flex","True Grit"],"picked":"Headbutt","floor":7},{"not_picked":["Whirlwind","Clash"],"picked":"Searing Blow","floor":8},{"not_picked":["Clothesline","Sword Boomerang"],"picked":"Thunderclap","floor":10},{"not_picked":["Warcry","Iron Wave"],"picked":"Armaments","floor":12},{"not_picked":["Warcry","Sword Boomerang"],"picked":"Iron Wave","floor":13},{"not_picked":["Heavy Blade","Bloodletting"],"picked":"Cleave","floor":14},{"not_picked":["Feed","Exhume"],"picked":"Reaper","floor":16},{"not_picked":["Second Wind","Body Slam+1"],"picked":"Pommel Strike","floor":18},{"not_picked":["Sentinel","Thunderclap"],"picked":"Headbutt","floor":21}],"player_experience":413011,"relics_obtained":[{"floor":9,"key":"Shuriken"},{"floor":12,"key":"HornCleat"}],"event_choices":[{"damage_healed":0,"gold_gain":0,"cards_transformed":["Bash"],"player_choice":"Transformed","damage_taken":0,"max_hp_gain":0,"max_hp_loss":0,"event_name":"Transmorgrifier","floor":2,"gold_loss":0,"cards_obtained":["Ghostly Armor"]},{"damage_healed":0,"gold_gain":75,"player_choice":"Touch","damage_taken":8,"max_hp_gain":0,"max_hp_loss":0,"event_name":"FaceTrader","floor":4,"gold_loss":0},{"damage_healed":0,"gold_gain":0,"player_choice":"Simplicity","damage_taken":0,"max_hp_gain":0,"max_hp_loss":0,"event_name":"Back to Basics","floor":19,"gold_loss":0,"cards_upgraded":["Strike_R","Strike_R","Strike_R","Strike_R","Strike_R","Defend_R","Defend_R","Defend_R","Defend_R"]},{"damage_healed":0,"gold_gain":0,"player_choice":"Obtain J.A.X.","damage_taken":0,"max_hp_gain":0,"max_hp_loss":0,"event_name":"Drug Dealer","floor":20,"gold_loss":0,"cards_obtained":["J.A.X."]},{"damage_healed":0,"gold_gain":0,"player_choice":"Copied","damage_taken":0,"max_hp_gain":0,"max_hp_loss":0,"event_name":"Duplicator","floor":22,"gold_loss":0,"cards_obtained":["Reaper"]}],"is_beta":true,"boss_relics":[{"not_picked":["Pandora\u0027s Box","Snecko Eye"],"picked":"SlaversCollar"}],"items_purged_floors":[],"is_endless":false,"potions_floor_spawned":[3,10,13,14,18],"killed_by":"Slavers","ascension_level":2}