{"gold_per_floor":[110,129,129,148,148,148,162,162,162,197,48,48,48,65,65,65],"floor_reached":16,"playtime":1248,"items_purged":[],"score":160,"play_id":"cb07a3c9-ccd1-4c81-8d7b-c247e022910a","local_time":"20181117134232","is_ascension_mode":true,"campfire_choices":[{"data":"Leg Sweep","floor":6.0,"key":"SMITH"},{"floor":8.0,"key":"REST"},{"floor":13.0,"key":"REST"},{"data":"Glass Knife","floor":15.0,"key":"SMITH"}],"neow_cost":"NONE","seed_source_timestamp":0,"circlet_count":0,"master_deck":["AscendersBane","Defend_G","Defend_G","Defend_G","Defend_G","Defend_G","Strike_G","Strike_G","Strike_G","Strike_G","Survivor","Neutralize+1","Escape Plan","Leg Sweep+1","Dagger Throw","All Out Attack","Doppelganger","Glass Knife+1","Well Laid Plans","Predator"],"special_seed":0,"relics":["Ring of the Snake","Regal Pillow","Ninja Scroll","Mummified Hand"],"potions_floor_usage":[16],"damage_taken":[{"damage":5.0,"enemies":"Jaw Worm","floor":1.0,"turns":4.0},{"damage":1.0,"enemies":"2 Louse","floor":2.0,"turns":4.0},{"damage":2.0,"enemies":"Cultist","floor":4.0,"turns":5.0},{"damage":23.0,"enemies":"Exordium Wildlife","floor":7.0,"turns":14.0},{"damage":48.0,"enemies":"Lagavulin","floor":10.0,"turns":11.0},{"damage":0.0,"enemies":"Lots of Slimes","floor":14.0,"turns":3.0},{"damage":46,"enemies":"Slime Boss","floor":16,"turns":10}],"seed_played":"-3069079743052903637","potions_obtained":[{"floor":2.0,"key":"Strength Potion"},{"floor":4.0,"key":"GamblersBrew"},{"floor":10.0,"key":"Explosive Potion"}],"is_trial":false,"path_per_floor":["M","M","?","M","?","R","M","R","T","E","$","T","R","M","R","B"],"character_chosen":"THE_SILENT","items_purchased":["Glass Knife","Well Laid Plans"],"campfire_rested":2,"item_purchase_floors":[11,11],"current_hp_per_floor":[58,57,62,60,53,53,30,52,52,4,4,4,41,41,41,0],"gold":65,"neow_bonus":"UPGRADE_CARD","is_prod":false,"is_daily":false,"chose_seed":false,"campfire_upgraded":2,"win_rate":0,"timestamp":1542480152,"path_taken":["M","M","?","M","?","R","?","R","T","E","?","?","R","?","R","BOSS"],"build_version":"2018-11-15","purchased_purges":0,"victory":false,"max_hp_per_floor":[70,70,75,75,75,75,75,75,75,75,75,75,75,75,75,75],"card_choices":[{"not_picked":["Bane","Expertise"],"picked":"Escape Plan","floor":1.0},{"not_picked":["Finisher","Cloak And Dagger"],"picked":"Leg Sweep","floor":2.0},{"not_picked":["Backflip","Crippling Poison"],"picked":"Dagger Throw","floor":4.0},{"not_picked":["Prepared","Leg Sweep"],"picked":"All Out Attack","floor":7.0},{"not_picked":["Prepared","Reflex"],"picked":"Doppelganger","floor":10.0},{"not_picked":["All Out Attack","Dagger Throw"],"picked":"Predator","floor":14.0}],"player_experience":1986577,"relics_obtained":[{"floor":9.0,"key":"Regal Pillow"},{"floor":10.0,"key":"Ninja Scroll"},{"floor":12.0,"key":"Mummified Hand"}],"event_choices":[{"damage_healed":0.0,"max_hp_gain":5.0,"max_hp_loss":0.0,"gold_gain":0.0,"event_name":"Big Fish","player_choice":"Donut","floor":3.0,"gold_loss":0.0,"damage_taken":0.0},{"cards_removed":["Strike_G"],"damage_healed":0.0,"max_hp_gain":0.0,"max_hp_loss":0.0,"gold_gain":0.0,"event_name":"Golden Wing","player_choice":"Card Removal","floor":5.0,"gold_loss":0.0,"damage_taken":7.0}],"is_beta":false,"boss_relics":[],"items_purged_floors":[],"is_endless":false,"potions_floor_spawned":[2,4,7,10],"killed_by":"Slime Boss","ascension_level":12}