{"gold_per_floor":[116,126,126,126,141,141,121,132,155,171,171,197,197,217,217,318,318,300,315,240,8,8,8,41,56,56,66,92,19,45,67,79,192,204,230,252,280,303,63,63,82,82,82,82,7,20,20,68,68,68],"floor_reached":50,"playtime":3978,"items_purged":["Normality"],"score":779,"play_id":"64b34d5d-cbb1-42e7-8e9f-242765d45001","local_time":"20180921233247","is_ascension_mode":true,"campfire_choices":[{"data":"Phantasmal Killer","floor":6,"key":"SMITH"},{"floor":11,"key":"REST"},{"floor":15,"key":"REST"},{"floor":23,"key":"REST"},{"floor":32,"key":"REST"},{"floor":40,"key":"REST"},{"floor":42,"key":"REST"},{"floor":49,"key":"REST"}],"neow_cost":"NONE","seed_source_timestamp":244685398809164,"circlet_count":0,"master_deck":["Defend_G+1","Defend_G+1","Defend_G+1","Defend_G+1","Defend_G+1","Strike_G+1","Strike_G+1","Strike_G+1","Survivor+1","Neutralize+1","AscendersBane","Deadly Poison","Bane","Phantasmal Killer+1","Leg Sweep+1","Skewer","Outmaneuver","Masterful Stab","Flying Knee","Dagger Spray","Flying Knee","Adrenaline","Crippling Poison+1","Corpse Explosion","Footwork","Flying Knee","Cloak And Dagger","Riddle With Holes","Concentrate","Well Laid Plans+1","Noxious Fumes+1","Terror+1","Phantasmal Killer","Flying Knee+1","PiercingWail","Catalyst","Backflip","Poisoned Stab+1","Heel Hook","PiercingWail","PiercingWail","Blur"],"relics":["Ring of the Snake","Dream Catcher","Anchor","Busted Crown","Centennial Puzzle","War Paint","MawBank","Question Card","Cursed Key","TwistedFunnel","Ancient Tea Set","Incense Burner"],"potions_floor_usage":[8,12,16,16,24,28,33,33,33,48,50],"damage_taken":[{"damage":3,"enemies":"Cultist","floor":1,"turns":6},{"damage":1,"enemies":"2 Louse","floor":2,"turns":3},{"damage":0,"enemies":"Jaw Worm","floor":5,"turns":4},{"damage":0,"enemies":"3 Louse","floor":8,"turns":3},{"damage":1,"enemies":"Blue Slaver","floor":10,"turns":5},{"damage":16,"enemies":"3 Sentries","floor":12,"turns":10},{"damage":16,"enemies":"Gremlin Gang","floor":14,"turns":6},{"damage":44,"enemies":"Slime Boss","floor":16,"turns":11},{"damage":0,"enemies":"2 Thieves","floor":18,"turns":4},{"damage":2,"enemies":"Shell Parasite","floor":19,"turns":5},{"damage":10,"enemies":"Book of Stabbing","floor":24,"turns":5},{"damage":0,"enemies":"3 Cultists","floor":25,"turns":4},{"damage":4,"enemies":"Centurion and Healer","floor":27,"turns":3},{"damage":5,"enemies":"Slavers","floor":28,"turns":3},{"damage":10,"enemies":"Cultist and Chosen","floor":30,"turns":5},{"damage":12,"enemies":"Snake Plant","floor":31,"turns":5},{"damage":7,"enemies":"Automaton","floor":33,"turns":7},{"damage":14,"enemies":"3 Shapes","floor":35,"turns":4},{"damage":0,"enemies":"3 Darklings","floor":36,"turns":5},{"damage":0,"enemies":"Flame Bruiser 2 Orb","floor":37,"turns":2},{"damage":0,"enemies":"Maw","floor":38,"turns":8},{"damage":29,"enemies":"Sphere and 2 Shapes","floor":41,"turns":6},{"damage":18,"enemies":"Spire Growth","floor":46,"turns":5},{"damage":8,"enemies":"Mysterious Sphere","floor":48,"turns":2},{"damage":76,"enemies":"Awakened One","floor":50,"turns":14}],"seed_played":"5310912821568649391","potions_obtained":[{"floor":2,"key":"SteroidPotion"},{"floor":5,"key":"Explosive Potion"},{"floor":7,"key":"SkillPotion"},{"floor":10,"key":"SpeedPotion"},{"floor":18,"key":"Strength Potion"},{"floor":24,"key":"Strength Potion"},{"floor":25,"key":"LiquidBronze"},{"floor":28,"key":"Strength Potion"},{"floor":30,"key":"GhostInAJar"},{"floor":37,"key":"Regen Potion"},{"floor":46,"key":"SkillPotion"}],"is_trial":false,"path_per_floor":["M","M","?","?","M","R","?","M","T","M","R","E","?","M","R","B",null,"M","M","?","$","?","R","E","M","T","M","E","?","M","M","R","B",null,"M","M","M","M","$","R","M","R","T","?","$","M","?","?","R"],"character_chosen":"THE_SILENT","items_purchased":["Corpse Explosion","Footwork","TwistedFunnel","Backflip"],"campfire_rested":7,"item_purchase_floors":[21,21,39,39],"current_hp_per_floor":[60,59,45,45,45,45,45,45,45,44,65,49,49,33,54,10,55,55,53,53,53,53,70,60,60,60,56,51,51,41,29,50,43,63,49,49,49,49,49,70,41,62,62,62,62,44,44,36,57,0],"gold":68,"neow_bonus":"UPGRADE_CARD","is_prod":false,"is_daily":false,"chose_seed":false,"campfire_upgraded":1,"win_rate":0,"timestamp":1537587167,"path_taken":["M","?","?","?","M","R","?","M","T","M","R","E","?","M","R","BOSS","M","M","?","$","?","R","E","M","T","M","E","?","M","M","R","BOSS","M","M","?","M","$","R","M","R","T","?","?","M","?","?","R","BOSS"],"build_version":"2018-08-23v2","purchased_purges":1,"victory":false,"max_hp_per_floor":[70,70,70,70,70,70,70,70,70,70,70,70,70,70,70,70,70,70,70,70,70,70,70,70,70,70,70,70,70,70,70,70,70,70,70,70,70,70,70,70,70,70,70,70,70,70,70,70,70,70],"card_choices":[{"not_picked":["Cloak And Dagger","Flying Knee"],"picked":"Deadly Poison","floor":1},{"not_picked":["Deadly Poison","Flying Knee"],"picked":"Bane","floor":2},{"not_picked":["Sucker Punch","Deadly Poison"],"picked":"Leg Sweep","floor":5},{"not_picked":["Underhanded Strike","Deadly Poison"],"picked":"Skewer","floor":8},{"not_picked":["Choke","Doppelganger"],"picked":"Outmaneuver","floor":10},{"not_picked":["Crippling Poison","Leg Sweep"],"picked":"Masterful Stab","floor":11},{"not_picked":["Cloak And Dagger","Masterful Stab"],"picked":"Flying Knee","floor":12},{"not_picked":["Heel Hook","Deflect"],"picked":"Dagger Spray","floor":14},{"not_picked":["Dagger Spray","Outmaneuver"],"picked":"Flying Knee","floor":15},{"not_picked":["Wraith Form v2","Phantasmal Killer"],"picked":"Adrenaline","floor":16},{"not_picked":[],"picked":"Crippling Poison+1","floor":18},{"not_picked":["Distraction"],"picked":"SKIP","floor":19},{"not_picked":[],"picked":"Flying Knee","floor":23},{"not_picked":[],"picked":"Cloak And Dagger","floor":24},{"not_picked":[],"picked":"Escape Plan","floor":25},{"not_picked":[],"picked":"Riddle With Holes","floor":27},{"not_picked":[],"picked":"Concentrate","floor":28},{"not_picked":["Expertise+1"],"picked":"Well Laid Plans+1","floor":30},{"not_picked":["Underhanded Strike"],"picked":"Noxious Fumes+1","floor":31},{"not_picked":["Blade Dance"],"picked":"Terror+1","floor":32},{"not_picked":["Tools of the Trade"],"picked":"Phantasmal Killer","floor":33},{"not_picked":["Outmaneuver","Endless Agony+1"],"picked":"SKIP","floor":35},{"not_picked":["Dodge and Roll"],"picked":"Flying Knee+1","floor":36},{"not_picked":["Dodge and Roll"],"picked":"PiercingWail","floor":37},{"not_picked":["Tactician+1"],"picked":"Catalyst","floor":38},{"not_picked":["Deadly Poison"],"picked":"Poisoned Stab+1","floor":40},{"not_picked":["PiercingWail"],"picked":"Heel Hook","floor":41},{"not_picked":["Accuracy"],"picked":"PiercingWail","floor":42},{"not_picked":["Setup+1","Dagger Throw+1"],"picked":"SKIP","floor":46},{"not_picked":["Sucker Punch"],"picked":"PiercingWail","floor":48},{"not_picked":["Sucker Punch"],"picked":"Blur","floor":49}],"player_experience":1748020,"relics_obtained":[{"floor":9,"key":"Dream Catcher"},{"floor":12,"key":"Anchor"},{"floor":24,"key":"Centennial Puzzle"},{"floor":26,"key":"War Paint"},{"floor":28,"key":"MawBank"},{"floor":43,"key":"Ancient Tea Set"},{"floor":48,"key":"Incense Burner"}],"event_choices":[{"event_name":"Shining Light","player_choice":"Entered Light","floor":3,"damage_taken":0},{"event_name":"Transmorgrifier","player_choice":"Transform","floor":4,"damage_taken":0},{"event_name":"The Woman in Blue","player_choice":"Bought 1 Potion","floor":7,"damage_taken":0},{"event_name":"Liars Game","player_choice":"disagreed","floor":13,"damage_taken":0},{"event_name":"Beggar","player_choice":"Gave Gold","floor":20,"damage_taken":0},{"event_name":"Back to Basics","player_choice":"Simplicity","floor":22,"damage_taken":0},{"event_name":"Addict","player_choice":"Obtained Relic","floor":29,"damage_taken":0},{"event_name":"Falling","player_choice":"Removed Skill","floor":44,"damage_taken":0},{"event_name":"Accursed Blacksmith","player_choice":"Ignore","floor":47,"damage_taken":0},{"event_name":"Mysterious Sphere","player_choice":"Fight","floor":48,"damage_taken":0}],"is_beta":false,"boss_relics":[{"not_picked":["Pandora\u0027s Box","Eternal Feather"],"picked":"Busted Crown"},{"not_picked":["Calling Bell","White Beast Statue"],"picked":"Cursed Key"}],"items_purged_floors":[45],"is_endless":false,"potions_floor_spawned":[2,5,10,18,24,25,28,30,37,46],"killed_by":"Awakened One","ascension_level":10}