{"gold_per_floor":[110,129,204,221,236,268,268,295,295,310,320,320,320,336,336,440,440,455,475,503,3,3,3,79,79,134,134,134,151,51,66,66,164,164,176,193,415,51,51,51,86,86,86,37,37,70,1,17,17,17],"floor_reached":51,"playtime":5714,"items_purged":["Parasite","Strike_G"],"score":863,"play_id":"39a25bf2-2775-47ab-8d0c-1c54bd08efcc","local_time":"20190929115251","is_ascension_mode":false,"campfire_choices":[{"data":"Dagger Throw","floor":7,"key":"SMITH"},{"data":"Well Laid Plans","floor":13,"key":"SMITH"},{"data":"Neutralize","floor":15,"key":"SMITH"},{"data":"Cloak And Dagger","floor":23,"key":"SMITH"},{"data":"Footwork","floor":25,"key":"SMITH"},{"data":"A Thousand Cuts","floor":28,"key":"SMITH"},{"data":"Cloak And Dagger","floor":32,"key":"SMITH"},{"floor":40,"key":"REST"},{"data":"Backstab","floor":42,"key":"SMITH"},{"data":"Accuracy","floor":49,"key":"SMITH"}],"neow_cost":"NONE","seed_source_timestamp":1001858303830800,"circlet_count":0,"master_deck":["Strike_G+1","Defend_G+1","Defend_G+1","Defend_G+1","Defend_G+1","Defend_G+1","Survivor+1","Neutralize+1","Accuracy+1","Cloak And Dagger+1","Poisoned Stab+1","Dagger Throw+1","Caltrops+1","Well Laid Plans+1","Terror+1","Endless Agony+1","Dodge and Roll+1","A Thousand Cuts+1","Deadly Poison+1","Footwork+1","Cloak And Dagger+1","Magnetism+1","Ghostly+1","Ghostly+1","Ghostly+1","Ghostly+1","Ghostly+1","Dodge and Roll+1","Storm of Steel+1","Wraith Form v2+1","Bullet Time+1","A Thousand Cuts+1","Footwork+1","Sucker Punch+1","Infinite Blades+1","Backstab+1","Accuracy+1","Infinite Blades+1"],"special_seed":0,"relics":["Ring of the Snake","Unceasing Top","Question Card","Thread and Needle","WristBlade","Red Mask","Bottled Lightning","Toxic Egg 2","Tiny Chest","Astrolabe","Calipers","Mark of the Bloom","Incense Burner","Juzu Bracelet","Molten Egg 2"],"potions_floor_usage":[6,16,19,20,20,20,33,50],"damage_taken":[{"damage":2.0,"enemies":"Jaw Worm","floor":1.0,"turns":6.0},{"damage":0.0,"enemies":"2 Louse","floor":2.0,"turns":2.0},{"damage":0.0,"enemies":"Small Slimes","floor":4.0,"turns":4.0},{"damage":0,"enemies":"3 Louse","floor":5,"turns":5},{"damage":12,"enemies":"Lagavulin","floor":6,"turns":8},{"damage":44,"enemies":"Gremlin Nob","floor":8,"turns":6},{"damage":0,"enemies":"Blue Slaver","floor":10,"turns":5},{"damage":0,"enemies":"Red Slaver","floor":11,"turns":3},{"damage":0,"enemies":"3 Louse","floor":14,"turns":3},{"damage":0,"enemies":"Hexaghost","floor":16,"turns":9},{"damage":5,"enemies":"3 Byrds","floor":18,"turns":4},{"damage":7,"enemies":"Spheric Guardian","floor":19,"turns":5},{"damage":36,"enemies":"Masked Bandits","floor":20,"turns":7},{"damage":0,"enemies":"Snake Plant","floor":29,"turns":6},{"damage":7,"enemies":"Snecko","floor":31,"turns":6},{"damage":15,"enemies":"Automaton","floor":33,"turns":9},{"damage":2,"enemies":"3 Shapes","floor":35,"turns":4},{"damage":0,"enemies":"3 Darklings","floor":36,"turns":7},{"damage":25,"enemies":"Reptomancer","floor":41,"turns":9},{"damage":0,"enemies":"Nemesis","floor":46,"turns":7},{"damage":0,"enemies":"Jaw Worm Horde","floor":48,"turns":6},{"damage":0,"enemies":"Donu and Deca","floor":50,"turns":10}],"seed_played":"-1633925224704248316","potions_obtained":[{"floor":2.0,"key":"Energy Potion"},{"floor":8,"key":"Dexterity Potion"},{"floor":11,"key":"Regen Potion"},{"floor":14,"key":"LiquidBronze"},{"floor":16,"key":"SkillPotion"},{"floor":19,"key":"Dexterity Potion"},{"floor":31,"key":"Dexterity Potion"},{"floor":35,"key":"Explosive Potion"},{"floor":46,"key":"EntropicBrew"}],"is_trial":false,"path_per_floor":["M","M","?","M","M","E","R","E","T","M","M","?","R","M","R","B",null,"M","M","?","$","?","R","T","R","T","$","R","M","$","M","R","B",null,"M","M","?","$","?","R","E","R","T","$","?","E","$","M","R","B",null],"character_chosen":"THE_SILENT","items_purchased":["Bottled Lightning","Magnetism","Calipers","Infinite Blades","Swift Potion","Accuracy"],"campfire_rested":1,"item_purchase_floors":[21,21,38,38,44,47],"current_hp_per_floor":[75,75,64,64,64,52,52,8,8,8,8,27,27,27,27,27,77,72,65,43,43,37,37,37,37,37,37,37,37,37,30,30,15,37,35,35,35,35,35,35,10,10,10,10,10,10,10,10,10,10],"gold":17,"neow_bonus":"TEN_PERCENT_HP_BONUS","is_prod":false,"is_daily":false,"chose_seed":false,"campfire_upgraded":9,"win_rate":0,"timestamp":1569729171,"path_taken":["M","M","?","M","M","E","R","E","T","M","M","?","R","M","R","BOSS","M","M","?","$","?","R","?","R","T","?","R","M","$","?","R","BOSS","M","M","?","$","?","R","E","R","T","$","?","E","?","M","R","BOSS"],"build_version":"2019-07-17","purchased_purges":2,"victory":true,"max_hp_per_floor":[77,77,77,77,77,77,77,77,77,77,77,77,77,77,77,77,77,77,77,77,74,37,37,37,37,37,37,37,37,37,37,37,37,37,37,37,37,37,37,37,37,37,37,37,32,32,32,32,32,32],"card_choices":[{"not_picked":["Backflip","PiercingWail"],"picked":"Accuracy","floor":1.0},{"not_picked":["Prepared","Bane"],"picked":"Cloak And Dagger","floor":2.0},{"not_picked":["A Thousand Cuts","Deadly Poison"],"picked":"Poisoned Stab","floor":4.0},{"not_picked":["Accuracy","Noxious Fumes"],"picked":"Dagger Throw","floor":5},{"not_picked":["Slice","Distraction"],"picked":"Caltrops","floor":6},{"not_picked":["Distraction","Deadly Poison"],"picked":"Well Laid Plans","floor":8},{"not_picked":["Backflip","Well Laid Plans","Deflect"],"picked":"Terror","floor":10},{"not_picked":["Deflect","Terror","Caltrops"],"picked":"Endless Agony","floor":11},{"not_picked":["Crippling Poison","Catalyst","Prepared"],"picked":"Dodge and Roll","floor":14},{"not_picked":["Glass Knife","Adrenaline","Bullet Time"],"picked":"A Thousand Cuts","floor":16},{"not_picked":["Caltrops","Deflect","Bane"],"picked":"Deadly Poison","floor":18},{"not_picked":["Blur","Poisoned Stab","Distraction"],"picked":"Footwork","floor":19},{"not_picked":["Sucker Punch","Dagger Spray","Blade Dance"],"picked":"Cloak And Dagger","floor":20},{"not_picked":["Calculated Gamble+1","Bouncing Flask+1","Flying Knee"],"picked":"Dodge and Roll+1","floor":29},{"not_picked":["Backstab","PiercingWail+1","Acrobatics+1"],"picked":"Storm of Steel+1","floor":31},{"not_picked":["Venomology+1","Bullet Time+1","Night Terror+1"],"picked":"Wraith Form v2","floor":33},{"not_picked":["Outmaneuver+1","Prepared+1","Backflip+1"],"picked":"Sucker Punch+1","floor":35},{"not_picked":["Heel Hook","Quick Slash+1","Poisoned Stab","Eviscerate+1"],"picked":"SKIP","floor":36},{"not_picked":["Masterful Stab+1","Calculated Gamble+1","Quick Slash"],"picked":"Backstab","floor":41},{"not_picked":["Eviscerate","Outmaneuver+1","Predator","Dagger Throw+1"],"picked":"SKIP","floor":46},{"not_picked":["Noxious Fumes+1","Backflip+1","Underhanded Strike+1"],"picked":"Infinite Blades+1","floor":48}],"player_experience":40020,"relics_obtained":[{"floor":6,"key":"Unceasing Top"},{"floor":8,"key":"Question Card"},{"floor":9,"key":"Thread and Needle"},{"floor":20,"key":"Red Mask"},{"floor":24,"key":"Toxic Egg 2"},{"floor":26,"key":"Tiny Chest"},{"floor":41,"key":"Incense Burner"},{"floor":43,"key":"Juzu Bracelet"},{"floor":46,"key":"Molten Egg 2"}],"event_choices":[{"damage_healed":0.0,"max_hp_gain":0.0,"max_hp_loss":0.0,"gold_gain":75.0,"event_name":"World of Goop","player_choice":"Gather Gold","floor":3.0,"gold_loss":0.0,"damage_taken":11.0},{"damage_healed":19,"gold_gain":0,"player_choice":"Healed and dodged fight","damage_taken":0,"max_hp_gain":0,"max_hp_loss":0,"event_name":"Mushrooms","floor":12,"gold_loss":0,"cards_obtained":["Parasite"]},{"damage_healed":0,"gold_gain":0,"player_choice":"Fought Bandits","damage_taken":0,"max_hp_gain":0,"max_hp_loss":0,"event_name":"Masked Bandits","floor":20,"gold_loss":0},{"damage_healed":0,"gold_gain":0,"player_choice":"Became a Ghost","damage_taken":0,"max_hp_gain":0,"max_hp_loss":37,"event_name":"Ghosts","floor":22,"gold_loss":0,"cards_obtained":["Ghostly","Ghostly","Ghostly","Ghostly","Ghostly"]},{"damage_healed":0,"gold_gain":222,"player_choice":"Wore Mask","damage_taken":0,"max_hp_gain":0,"max_hp_loss":0,"event_name":"Tomb of Lord Red Mask","floor":37,"gold_loss":0},{"damage_healed":0,"gold_gain":0,"player_choice":"Upgrade","damage_taken":0,"relics_obtained":["Mark of the Bloom"],"max_hp_gain":0,"max_hp_loss":0,"event_name":"MindBloom","floor":39,"gold_loss":0,"cards_upgraded":["Strike_G","Defend_G","Defend_G","Defend_G","Defend_G","Defend_G","Survivor","Accuracy","Poisoned Stab","Caltrops","Terror","Endless Agony","Dodge and Roll","Deadly Poison","Magnetism","Ghostly","Ghostly","Ghostly","Ghostly","Ghostly","Wraith Form v2","Infinite Blades"]},{"damage_healed":32,"gold_gain":0,"player_choice":"Heal","damage_taken":0,"max_hp_gain":0,"max_hp_loss":5,"event_name":"The Moai Head","floor":45,"gold_loss":0}],"is_beta":false,"boss_relics":[{"not_picked":["Fusion Hammer","Runic Pyramid"],"picked":"WristBlade"},{"not_picked":["Eternal Feather","Lizard Tail"],"picked":"Astrolabe"}],"items_purged_floors":[21,30],"is_endless":false,"potions_floor_spawned":[2,8,11,14,16,19,31,35,46],"ascension_level":0}