{"gold_per_floor":[111,261,342,353,353,380,399,399],"floor_reached":8,"playtime":251,"items_purged":[],"score":162,"play_id":"09c8f749-8e1c-4e89-b649-7eee469b1391","local_time":"20190926202639","is_ascension_mode":true,"campfire_choices":[],"neow_cost":"NONE","seed_source_timestamp":10251349694631,"circlet_count":0,"master_deck":["AscendersBane","Strike_P","Strike_P","Strike_P","Strike_P","Defend_P","Defend_P","Defend_P","Defend_P","Eruption","Vigilance","CutThroughFate","Doubt","Consecrate","ThirdEye","FlyingSleeves"],"relics":["PureWater","NeowsBlessing","Tiny Chest","Smiling Mask","TungstenRod"],"potions_floor_usage":[8],"damage_taken":[{"damage":0,"enemies":"Jaw Worm","floor":1,"turns":1},{"damage":0,"enemies":"Cultist","floor":4,"turns":1},{"damage":0,"enemies":"Gremlin Nob","floor":6,"turns":1},{"damage":0,"enemies":"2 Louse","floor":7,"turns":2},{"damage":75,"enemies":"Lagavulin","floor":8,"turns":7}],"seed_played":"-2513455436459883889","potions_obtained":[{"floor":1,"key":"Regen Potion"},{"floor":4,"key":"Ancient Potion"}],"is_trial":false,"path_per_floor":["M","?","T","M","?","E","M","E"],"character_chosen":"WATCHER","items_purchased":[],"campfire_rested":0,"item_purchase_floors":[],"current_hp_per_floor":[55,55,55,55,29,29,29,0],"gold":399,"neow_bonus":"THREE_ENEMY_KILL","is_prod":false,"is_daily":false,"chose_seed":false,"campfire_upgraded":0,"win_rate":0,"timestamp":1569486399,"path_taken":["M","?","?","?","?","E","M","E"],"build_version":"2019-09-25","purchased_purges":0,"victory":false,"max_hp_per_floor":[61,61,61,61,61,61,61,61],"card_choices":[{"not_picked":["Collect","WreathOfFlame"],"picked":"CutThroughFate","floor":1},{"not_picked":["WaveOfTheHand","Evaluate"],"picked":"Consecrate","floor":4},{"not_picked":["CarveReality","Scrawl"],"picked":"ThirdEye","floor":6},{"not_picked":["Sanctity","Halt"],"picked":"FlyingSleeves","floor":7}],"player_experience":1258330,"relics_obtained":[{"floor":3,"key":"Tiny Chest"},{"floor":6,"key":"TungstenRod"}],"event_choices":[{"damage_healed":0,"gold_gain":150,"player_choice":"AGREE","damage_taken":0,"max_hp_gain":0,"max_hp_loss":0,"event_name":"Liars Game","floor":2,"gold_loss":0,"cards_obtained":["Doubt"]},{"damage_healed":0,"gold_gain":0,"player_choice":"Success","damage_taken":26,"relics_obtained":["Smiling Mask"],"max_hp_gain":0,"max_hp_loss":0,"event_name":"Scrap Ooze","floor":5,"gold_loss":0}],"is_beta":true,"boss_relics":[],"items_purged_floors":[],"is_endless":false,"potions_floor_spawned":[1,4],"killed_by":"Lagavulin","ascension_level":20}